2415 2942
11 2633 17 2687 l

12 2688 18 2712 l

88 108 184 145 1101
264 106 366 143 XIII.

186 193 246 228 Sic
271 193 346 228 sine
366 193 440 227 ulla
465 192 687 228 dubitatione
712 198 856 237 peccant
880 199 913 227 et
934 199 1072 228 tentant
1095 198 1102 210 '

84 244 218 286 Deum,
262 245 324 290 qui
347 245 476 278 omissa
504 245 624 278 divina
648 244 874 277 ordinatione
904 244 1072 287 coniugii,

84 302 259 341 quaerunt
275 296 506 337 coelibatum,
535 302 568 329 et
584 296 727 340 quidem
744 295 901 338 fingunt,
927 295 962 328 id
981 307 1071 340 opus

83 357 156 380 esse
181 347 409 381 excellentem
433 346 568 381 cultum
590 345 669 382 Dei.

184 413 243 448 Sic
259 421 292 448 et
311 415 350 448 in
367 414 465 448 Actis
482 425 555 459 cap.
577 412 633 448 15.
650 412 767 458 inquit
792 411 937 447 Petrus:
973 412 1068 456 Quid

81 465 224 500 tentatis
251 466 383 506 Deum,
424 465 647 510 imponentes
671 465 793 507 iugum
826 475 930 509 super
957 465 1070 498 cervi-

82 528 137 550 ces
170 515 453 560 discipulorum'?
504 515 572 549 Hic
597 516 782 549 manifesta
809 522 861 549 est
885 516 1068 550 correctio.

82 567 208 601 Sciunt
231 579 270 600 ex
294 566 488 610 Evangelio
515 566 647 600 remitti
665 572 824 611 peccata,
852 573 884 600 et
908 567 1062 600 reconci-

82 618 162 651 liari
188 615 367 659 homines,
407 617 563 661 reputari
585 617 714 658 iustos,
758 618 988 658 sanctificari,
1034 625 1066 652 et

81 669 159 701 fieri
185 667 351 702 haeredes
376 668 467 701 vitae
490 675 653 702 aeternae
683 674 828 713 propter
855 669 967 701 filium
1002 668 1067 701 Dei

79 719 225 764 gratis,
273 720 359 760 fide,
412 730 486 752 non
516 725 661 763 propter
691 719 905 752 ceremonias
938 719 1068 764 Moysi,

81 771 196 804 sciunt
220 771 324 803 finem
350 781 422 803 esse
447 769 590 814 politiae
613 768 810 810 Mosaicae,
843 771 959 805 sciunt
985 783 1067 815 pro-

83 821 286 855 missionem
314 820 457 854 Gratiae
488 820 665 864 pertinere
689 822 732 854 ad
762 820 935 854 Israelitas
961 828 994 855 et
1023 822 1066 854 ad

81 871 225 906 Gentes.
280 872 405 905 Sciunt
427 871 532 904 etiam
555 883 776 916 nequaquam
802 869 941 905 homini
962 873 1066 906 licere

79 923 192 956 cultus
212 923 417 960 instituere,
445 922 534 956 sicut
557 923 726 967 scriptum
747 929 813 956 est:
844 922 987 956 Frustra
1006 936 1063 956 co-

78 973 158 1008 lunt
185 985 240 1006 me
264 972 439 1007 mandatis
462 970 660 1009 hominum.
712 973 927 1019 Quanquam
947 981 1063 1008 autem

79 1021 164 1057 haec
180 1024 300 1057 omnia
318 1031 471 1065 norunt,
489 1031 607 1058 tamen
626 1025 737 1070 aliqui
755 1022 909 1058 humana
926 1026 1064 1068 sapien-

78 1075 126 1108 tia
143 1075 268 1108 volunt
292 1075 447 1109 stabilire
466 1082 500 1108 et
517 1075 731 1119 amplificare
750 1076 910 1120 politiam
931 1076 1065 1109 Mosai-

78 1137 172 1166 cam,
212 1125 366 1168 cogitant
395 1126 556 1170 pulcrum
582 1138 671 1166 esse,
703 1126 876 1160 Ecclesias
900 1128 1060 1170 gentium

78 1176 209 1210 imitari
231 1177 386 1217 fontem,
422 1188 494 1210 esse
517 1177 646 1210 similes
672 1178 779 1217 ritus,
813 1184 847 1211 et
867 1176 958 1211 hanc
977 1177 1064 1211 Pae-

78 1227 262 1270 dagogiam
283 1239 355 1260 esse
375 1225 633 1266 honestiorem,
662 1228 751 1261 sicut
774 1228 947 1270 ingeniosi
970 1229 1063 1262 inter

77 1290 265 1311 conversos
286 1290 324 1311 ex
344 1278 499 1318 ludaeis,
528 1285 559 1310 et
577 1286 731 1312 amantes
749 1280 899 1323 patriam
917 1291 980 1323 pro
1001 1291 1062 1312 sua

76 1329 330 1371 imaginatione
360 1329 470 1362 multa
497 1329 669 1361 concinna
694 1337 897 1372 argumenta
924 1330 1061 1372 excogi-

77 1386 151 1412 tare
170 1385 341 1423 poterant.
371 1379 475 1412 Tales
492 1380 727 1412 correctiones
745 1386 839 1413 ortas
856 1392 873 1413 a
890 1380 1061 1424 sapientia

75 1427 232 1463 humana
248 1437 369 1463 contra
389 1430 596 1473 sapientiam
606 1430 673 1463 Dei
693 1431 760 1463 iam
772 1430 948 1464 Ecclesiae
964 1439 1061 1475 pate-

73 1480 220 1521 factam,
246 1481 407 1514 nominat
423 1480 547 1514 Petrus
571 1487 704 1514 tentare
720 1480 847 1517 Deum.

177 1549 236 1583 Sic
253 1555 363 1583 tentat
378 1548 493 1582 Deum
513 1550 559 1592 is,
588 1549 648 1594 qui
666 1550 786 1583 audito
803 1548 998 1593 Evangelio
1017 1552 1060 1583 de
1085 1553 1087 1593 ᾗ

75 1600 280 1633 remissione
302 1606 524 1643 peccatorum
549 1601 698 1641 gratuita
722 1607 863 1644 propter
886 1602 1060 1634 mediato-
1085 1631 1086 1636 ,

76 1662 170 1692 rem,
191 1663 263 1683 non
283 1651 357 1683 vult
378 1650 617 1694 acquiescere,
635 1651 694 1683 sed
713 1651 820 1684 currit
838 1651 874 1683 in
893 1663 1060 1692 eremum,

77 1702 247 1745 excogitat
258 1698 531 1741 Monachatum,
559 1707 619 1734 aut
636 1701 763 1734 similia
783 1714 899 1745 opera.
954 1702 1059 1735 Tales

75 1752 308 1786 correctiones
326 1763 469 1796 prorsus
490 1759 572 1785 sunt
588 1758 722 1785 tentare
741 1753 872 1788 Deum.

176 1818 272 1853 Haec
303 1819 460 1863 exempla
487 1831 559 1851 non
587 1820 733 1853 obscure
764 1820 943 1854 declarant
968 1817 1059 1854 hanc
1083 1815 1085 1834 ‘¹

73 1871 365 1915 appellationem,
400 1876 535 1904 tentare
556 1869 690 1911 Deum,
727 1883 765 1904 ac
791 1872 973 1904 sciendum
998 1879 1059 1912 est,
1083 1869 1084 1874 ¹

73 1923 108 1955 id
133 1928 313 1966 peccatum
339 1932 410 1954 esse
442 1933 514 1953 non
547 1921 765 1964 ignorantiae
795 1922 954 1966 lapsum,
997 1924 1057 1955 sed
1082 1929 1084 1948 1

71 1973 231 2013 scientis,
260 1972 320 2017 qui
346 1972 385 2006 ἐκ
410 1971 654 2018 προαιρέσεως
676 1973 801 2007 fiducia
819 1985 900 2007 suae
918 1973 1057 2017 sapien·
1082 1963 1084 1984 l

73 2024 159 2064 tiae,
193 2023 371 2064 iusticiae‚
405 2029 465 2056 aut
491 2023 641 2064 virium,
675 2025 822 2058 discedit
845 2037 864 2058 a
888 2026 1056 2058 mandato

75 2081 109 2108 et
127 2074 352 2107 ordinatione
367 2074 487 2106 divina
500 2101 507 2114 ‚
537 2083 701 2119 tanquam
721 2083 857 2109 certans
873 2088 951 2109 cum
970 2074 1056 2117 Deo,
1080 2076 1083 2119 l

74 2125 244 2169 sapientia
268 2132 327 2158 aut
350 2124 484 2157 viribus
503 2126 674 2169 propriis,
703 2127 883 2167 videlicet,
910 2133 972 2160 aut
993 2139 1055 2159 ne-
1080 2123 1082 2186 l

73 2187 156 2219 gaus
182 2187 254 2209 esse
278 2175 412 2213 Deum,
447 2182 507 2209 aut
534 2188 637 2220 opera
664 2176 750 2219 Dei,
785 2191 863 2212 cum
888 2179 933 2212 sit
954 2178 1055 2211 aliter
1080 2214 1081 2226 ἵ

71 2227 272 2265 convictus,
299 2233 358 2260 aut
377 2227 554 2269 corrigens
571 2228 830 2262 ordinationem
845 2228 911 2262 Dei
928 2226 1054 2262 huma-

71 2278 126 2311 nis
149 2278 318 2313 consiliis:
369 2278 505 2320 Negant
533 2277 730 2318 Israelitae,
767 2292 801 2313 se
826 2292 845 2313 a
869 2279 943 2313 Deo
967 2281 1054 2313 edu·
1079 2316 1080 2324 ἵ

73 2336 145 2362 ctos
171 2341 264 2370 esse,
304 2335 336 2363 et
358 2329 605 2363 contradicunt
631 2331 819 2364 manifestis
843 2332 1054 2366 testimoniis
1079 2325 1081 2389 l

71 2378 157 2421 Dei,
194 2386 381 2424 propterea
408 2380 488 2424 quia
514 2392 587 2413 non
605 2393 726 2414 omnes
745 2389 890 2416 eventus
908 2394 1054 2426 respon-
1078 2391 1080 2420 ς

72 2432 157 2465 dent
187 2431 343 2475 ipsorum
376 2431 703 2473 imaginationibus,
772 2432 921 2467 Peccant
947 2429 1080 2476 igitur}

71 2482 309 2526 impatientia,
335 2483 416 2527 quia
434 2481 509 2515 Deo
533 2483 661 2517 nolunt
683 2484 848 2525 obedire,
875 2491 908 2518 et
926 2485 1053 2517 deinde

71 2534 208 2566 addunt
225 2545 355 2566 novum
379 2540 412 2567 et
434 2535 587 2568 atrocius
605 2541 801 2578 peccatum,
830 2542 959 2579 negant
980 2547 1053 2568 esse

72 2595 160 2627 opus
181 2582 265 2625 Dei,
307 2585 350 2617 de
369 2596 439 2630 quo
463 2586 615 2619 convicti
639 2592 739 2619 erant
761 2587 961 2620 certissimis
984 2587 1051 2619 mi-

70 2634 218 2676 raculis,
251 2641 379 2678 negant
401 2634 551 2681 Moysen
576 2648 649 2670 esse
673 2638 796 2671 ducem
823 2649 841 2671 a
866 2637 941 2671 Deo
965 2649 1050 2671 con-

71 2685 249 2727 stitutum,
270 2687 329 2719 sed
348 2686 584 2722 vociferantur
601 2700 680 2722 eum
698 2700 770 2722 esse
786 2688 1024 2737 impostorem.

418 105 456 143 4.
483 104 820 144 COMMENTAR.
847 106 897 142 IN
924 105 1081 142 EPIST.
1108 102 1257 140 PAULI
1283 102 1351 140 AD
1378 103 1702 142 CORINTHIOS.

1764 104 1868 143 CAP.
1894 107 1940 145 X.

1227 190 1329 224 Talia
1349 197 1486 235 peccata
1503 203 1606 235 saepe
1630 191 1794 227 accidunt
1809 194 1975 238 privatim
1993 200 2026 229 et
2044 206 2112 239 pu-

1124 241 1232 282 blice,
1260 242 1298 274 in
1316 242 1488 284 cultibus,
1515 244 1714 277 actionibus
1734 251 1767 278 et
1789 245 1964 279 doctrina.

1223 291 1277 325 De
1295 293 1449 327 cultibus
1467 295 1623 338 exempla
1646 295 1831 329 manifesta
1855 303 1958 338 sunt,
1986 307 2110 330 mona-

1121 340 1180 376 chi
1202 344 1321 378 relicta
1346 344 1400 377 via
1419 356 1438 377 a
1454 342 1529 378 Deo
1555 345 1736 384 ordinata,
1777 346 1915 390 fingunt
1940 359 2002 381 sua
2027 354 2108 381 vota

1122 394 1284 428 meliores
1303 394 1417 428 cultus
1437 407 1527 436 esse,
1555 403 1589 430 et
1612 397 1739 429 mereri
1762 399 2005 432 remissionem
2025 410 2106 443 pec-

1120 451 1277 478 catorum
1290 472 1299 486 ,
1327 452 1358 478 et
1377 457 1449 478 esse
1467 447 1728 490 perfectionem.

1221 496 1277 530 De
1293 495 1493 530 actionibus
1509 497 1564 529 via
1581 498 1743 532 ordinata
1761 505 1811 533 est
1828 510 1846 532 a
1860 497 1954 541 Deo,
1981 506 2021 534 ut
2037 499 2106 533 Pa-

1120 553 1230 581 stores
1255 553 1346 580 recte
1380 548 1528 581 doceant
1551 547 1803 591 Iivangelium,
1845 562 1909 583 nec
1934 557 2105 595 quaerant

1119 598 1288 642 imperia,
1315 610 1379 631 nec
1405 606 1570 632 moveant
1597 600 1689 632 bella
1716 607 1894 643 praetextu
1917 602 2104 635 ministerii

1119 649 1330 693 evangelici,
1381 649 1469 682 sicut
1493 648 1649 683 Romani
1674 649 1861 684 Pontifices
1892 651 2047 685 fecerunt
2071 659 2106 686 et

1118 701 1270 742 faciunt,
1298 707 1331 734 et
1351 699 1441 734 sicut
1461 698 1626 734 Struthio
1644 707 1676 735 et
1694 700 1917 735 Monetarius
1944 703 2104 737 ferebant

1117 763 1225 784 novas
1248 752 1357 794 leges,
1386 757 1419 784 et
1438 753 1628 786 movebant
1650 752 1860 793 seditiones,
1887 765 1926 786 ac
1944 754 2102 786 somnia-

1117 803 1201 836 bant
1220 815 1255 836 se
1273 803 1434 846 pulcrum
1454 809 1581 836 statum
1600 804 1689 836 velle
1707 803 1931 840 constituere.

1216 853 1269 887 De
1292 854 1452 887 doctrina
1482 854 1665 888 curiositas
1689 855 1854 888 omnibus
1885 856 2104 900 temporibus

1116 902 1221 938 habet
1247 905 1415 949 exempla.
1471 903 1616 949 Semper
1635 905 1728 938 enim
1754 906 1857 939 multi
1880 906 2067 940 discedunt
2083 919 2102 940 a

1119 956 1227 988 verbo
1245 954 1331 997 Dei,
1359 963 1392 989 et
1414 964 1591 1000 quaerunt
1614 957 1669 989 vel
1694 957 1941 991 concinniores
1959 958 2102 1001 opinio-

1116 1018 1196 1047 nes,
1240 1007 1294 1039 vel
1318 1008 1532 1049 argutiores,
1569 1014 1607 1040 ut
1634 1007 1883 1042 samosatenus
1906 1009 2103 1052 corrumpit

1114 1058 1247 1090 dictum
1269 1055 1455 1091 Iohannis:
1485 1057 1525 1090 In
1544 1058 1720 1102 principio
1740 1065 1813 1092 erat
1829 1059 1989 1093 verbum.
2018 1058 2101 1092 Mo-

1114 1106 1217 1141 nachi
1235 1115 1470 1153 corruperunt
1487 1109 1636 1143 dictum:
1666 1108 1753 1142 Fide
1770 1109 2018 1152 iustificamur,
2035 1110 2104 1143 sci-

1115 1159 1195 1192 licet
1222 1160 1383 1195 formata.

2018 109 2116 145 1102

1259 1249 1468 1285 'Amz'kovzo
1496 1249 1566 1287 ὑπὸ
1583 1255 1651 1287 τοῦ
1677 1251 1919 1299 ὀλοθρευτοῦ.

1214 1317 1348 1350 Textus
1366 1318 1403 1350 in
1419 1318 1584 1352 Numeris
1603 1320 1714 1363 capite
1729 1319 1787 1353 14.
1805 1320 1940 1364 inquit:
1969 1317 2102 1364 Explo-

1111 1374 1245 1401 ratores
1265 1379 1388 1401 omnes
1404 1375 1543 1412 praeter
1562 1369 1700 1403 losuam
1719 1369 1868 1404 etCaleb
1885 1370 2002 1404 subita
2019 1382 2103 1403 nece

1112 1430 1229 1452 coram
1250 1420 1382 1463 populo
1408 1421 1581 1454 divinitus
1606 1422 1806 1454 interfectos
1832 1433 1923 1460 esse,
1958 1428 1990 1454 et
2017 1433 2102 1454 con-

1112 1476 1316 1503 sentaneum
1340 1476 1406 1510 est,
1433 1473 1564 1504 multos
1588 1472 1774 1505 seditiosos
1799 1472 1886 1505 alios
1913 1472 2020 1505 simul
2042 1484 2102 1505 ex-

1111 1521 1239 1554 tinctos
1254 1532 1337 1553 esse.
1382 1520 1476 1554 Haec
1494 1523 1581 1555 facta
1598 1529 1681 1556 sunt
1698 1534 1759 1566 per
1775 1523 1940 1565 angelum
1953 1549 1962 1563 ‚
1995 1534 2101 1567 quem

1111 1571 1271 1604 nominat
1299 1569 1540 1618 ὀλοθρεντὴν.
1602 1572 1647 1606 Et
1672 1580 1823 1606 sumtam
1849 1585 1922 1606 esse
1946 1573 2101 1617 appella-

1085 1641 1086 1652 ¹
1111 1623 1244 1654 tionem
1263 1622 1421 1656 existimo
1440 1636 1479 1656 ex
1500 1625 1557 1659 12.
1578 1624 1690 1668 capite
1706 1623 1840 1662 Exodi,
1867 1625 1928 1657 ubi
1949 1624 2098 1658 dicitur:

1110 1671 1191 1705 Non
1208 1673 1297 1706 sinet
1318 1673 1456 1715 ingredi
1474 1686 1712 1718 percussorem
1741 1676 1904 1723 ἣἾηΨὲ,
1936 1687 2005 1720 quo
2020 1686 2100 1708 ver-

1084 1757 1085 1769 ,
1110 1724 1156 1756 ho
1181 1730 1214 1757 et
1238 1725 1274 1757 in
1302 1722 1448 1759 historia
1473 1727 1515 1758 de
1539 1725 1705 1759 Sodomis
1736 1733 1850 1760 textus
1884 1727 2015 1765 utitur,
2066 1732 2100 1759 et

1084 1775 1085 1798 ἕ
1111 1774 1282 1817 significat
1305 1777 1446 1819 proprie
1467 1774 1691 1822 ὀλοθρεντὴς
1707 1778 1910 1821 perdentem
1929 1784 1962 1811 et
1978 1777 2099 1810 delen-

1111 1833 1179 1859 tem
1197 1826 1341 1871 aliquid.
1397 1826 1482 1861 Ideo
1500 1829 1544 1860 ad
1562 1827 1721 1861 Ebraeos
1739 1829 1927 1861 undecimo
1946 1840 2029 1862 usus
2048 1834 2098 1861 est

1109 1877 1231 1910 eodem
1251 1878 1360 1911 verbo
1388 1879 1431 1911 (le
1451 1879 1575 1921 angelo
1593 1886 1698 1913 eunte
1717 1891 1779 1923 per
1798 1877 2008 1924 Aegyptum.

1210 1926 1409 1974 Exequitur
1444 1937 1560 1963 autem
1595 1929 1690 1964 Deus
1729 1942 1861 1974 poenas
1895 1930 1998 1964 etiam
2034 1941 2098 1974 per

1108 1985 1246 2012 sanctos
1268 1980 1430 2023 angelos,
1477 1988 1517 2015 ut
1543 1981 1581 2014 in
1601 1978 1750 2015 historia
1776 1982 1819 2015 de
1837 1980 2002 2015 Sodomis
2021 1992 2096 2014 ma-

1107 2030 1232 2064 nifeste
1257 2031 1399 2065 dicitur.

1161 2114 1289 2148 Ταῦτα
1311 2110 1351 2148 δὲ
1375 2109 1499 2148 πάντα
1516 2112 1625 2149 τύποι
1643 2113 1866 2162 συνέβαινον
1884 2112 2044 2154 ἐκείνοις.

1208 2187 1283 2222 Cur
1300 2189 1437 2234 inquit,
1463 2188 1576 2234 Typi,
1598 2202 1674 2223 cum
1696 2189 1760 2224 hae
1778 2202 1909 2234 poenae
1926 2203 1998 2224 non
2015 2192 2093 2224 fue-

1106 2241 1178 2274 rint
1199 2240 1348 2282 figurae,
1386 2241 1446 2274 sed
1477 2240 1660 2274 manifesta
1693 2242 1864 2286 supplicia
1898 2242 2094 2276 scelerum?

1107 2290 1213 2325 Item:
1249 2291 1324 2324 Cur
1338 2291 1444 2332 dicit,
1475 2292 1560 2331 ipsis
1587 2292 1752 2326 accidisse
1769 2299 1808 2326 ut
1833 2292 1959 2338 typos?

1206 2341 1440 2387 Respondeoz
1470 2341 1713 2384 Vocabulum,
1741 2342 1850 2388 Ipsis,
1875 2350 2012 2377 nonest
2029 2355 2091 2377 ne-

1105 2404 1196 2427 cesse
1218 2394 1348 2427 referre
1377 2394 1420 2426 ad
1445 2401 1562 2439 typ05‚
1591 2395 1650 2426 sed
1679 2396 1722 2427 ad
1741 2395 1910 2435 verbum,
1939 2393 2090 2428 Accide-

1104 2452 1198 2479 runt.
1252 2444 1327 2478 Hae
1345 2456 1476 2488 poenae
1492 2445 1689 2479 obruerunt
1707 2445 1820 2489 ipsos,
1848 2445 1885 2478 id
1903 2452 1970 2485 est,
1998 2446 2090 2479 inter

1104 2495 1198 2540 ipsos
1222 2494 1307 2530 haec
1332 2496 1421 2529 facta
1449 2502 1541 2531 sunt.

1314 2577 1395 2608 Sed
1416 2588 1489 2608 cur
1511 2567 1698 2609 nomina't
1723 2573 1887 2619 Typos?

1205 2638 1271 2673 Vel
1287 2640 1497 2683 generaliter
1519 2640 1604 2674 dicit
1622 2647 1724 2686 typos
1740 2652 1804 2684 pro
1825 2638 2004 2682 exemplis,
2033 2638 2086 2670 vel

1102 2690 1186 2736 quia
1208 2702 1331 2725 omnes
1357 2691 1555 2736 corporales
1577 2703 1711 2736 poenae
1732 2697 1814 2724 sunt
1838 2690 1931 2735 typi,
1967 2689 2001 2722 id
2024 2696 2087 2732 est,
