2415 2942
286 96 380 134 1171

285 190 380 222 tum,
410 187 516 216 taceat
535 178 643 224 prior.
698 176 808 215 Item,
839 171 1187 209 1.Thessalonicens.
1213 170 1264 209 5.:

287 233 460 277 Spiritum
492 242 535 263 ne
566 228 775 270 extinguite,
815 222 1016 269 prophetias
1044 235 1088 257 ne
1110 229 1266 257 contem-

286 284 369 316 nite.
424 281 556 315 Omnia
580 280 740 323 probate,
771 277 866 321 qnod
891 277 1025 308 bonum
1046 281 1113 315 est,
1139 280 1264 310 tenete.

288 332 362 365 Hoc
391 334 493 365 modo
519 332 559 363 ad
581 329 804 362 refutandum
826 326 1092 359 Samosatenum
1127 325 1262 368 privato

286 383 401 416 studio
434 390 574 425 propter
604 380 748 422 gloriam
774 377 838 409 Dei
870 382 1109 409 convenerunt
1141 375 1264 418 procul

286 432 479 475 Gregorius
497 429 792 464 Neocaesariensis
811 434 843 460 et
865 427 936 460 alii.
989 428 1041 458 Ac
1066 426 1146 459 talia
1173 437 1264 458 sem—

286 496 348 527 per
371 491 450 516 sunt
477 494 575 514 verae
600 479 773 513 Ecclesiae
799 477 948 516 iudicia,
983 478 1265 521 quandocunque

285 544 365 567 sunt
386 533 556 566 Ecclesiae
580 530 802 563 mediocriter
824 528 1023 566 restitutae,
1050 534 1090 559 ut
1114 538 1177 559 nos
1203 527 1264 558 ad-

286 583 407 617 hibitis
423 584 499 616 aliis
518 583 582 626 piis
598 593 636 614 ac
654 580 800 613 eruditis
820 579 921 617 viris,
950 576 1014 610 hoc
1036 578 1140 609 modo
1164 588 1264 619 saepe

284 634 534 678 Anabaptistas
569 631 796 665 refutavimus
825 641 862 661 ac
898 627 1154 659 damnavimus.
1214 626 1266 658 De

285 686 348 718 tali
380 686 510 717 iudicio
543 695 614 715 non
639 681 820 726 tyrannico
840 678 991 710 Basilius
1008 677 1182 721 loquitur,
1209 677 1266 708 in-

287 736 427 780 quiens:
453 732 552 769 Ἀλλά
568 734 657 766 εἰσιν
673 728 872 768 ἐπίσκοποι,
888 728 1055 771 κληῧιῦσι
1070 727 1118 764 εἷς
1129 723 1264 771 ἀκρόα-

285 797 357 821 σιν.
404 784 499 819 'Emi
522 785 652 827 κλῆρος
675 778 769 814 aaz&
790 781 914 812 πᾶσαν
936 780 1002 811 τοῦ
1019 777 1111 811 θεοῦ
1135 789 1264 823 παροι-

285 835 392 879 aim,
434 833 734 878 σι’ντιχῧήτωσαν
762 828 795 863 οἱ
826 825 1091 872 δοκιλιιώτατοι,
1134 826 1266 875 λεγέτω

285 885 377 931 μετὰ
401 882 601 930 ῖιαῤῥῃσιάς
625 880 643 916 ὁ
668 877 914 925 βουλόλιιειός,
940 878 1003 913 ἵνα
1025 878 1168 925 ἔλεγχος
1185 875 1205 923 ᾗ
1224 876 1265 912 τὸ

285 934 529 984 γιγνόμενον,
556 931 617 968 καὶ
638 930 688 977 μὴ
705 928 882 975 λοιδορία.

387 987 546 1021 Secunda
565 984 719 1030 quaestio
739 989 789 1015 est
813 983 855 1014 de
880 991 1021 1021 norma,
1048 979 1142 1012 iuxta
1162 990 1266 1023 quam

285 1038 513 1071 iudicandum
537 1043 597 1069 est.
664 1033 732 1066 Hic
763 1044 835 1064 non
859 1031 1007 1063 dubium
1033 1036 1084 1063 est
1107 1041 1266 1062 normam

286 1100 359 1122 esse
389 1089 482 1131 ipsos
522 1087 632 1120 libros
669 1081 890 1128 propheticos
925 1088 959 1114 et
993 1080 1202 1124 apostolicos
1234 1087 1267 1114 et

286 1140 464 1185 symbola,
505 1138 542 1170 in
567 1136 695 1181 quibus
723 1132 898 1177 praecipui
930 1131 1067 1164 articuli
1096 1131 1266 1176 propositi

286 1191 324 1222 in
350 1190 450 1222 libris
477 1185 688 1232 propheticis
715 1192 747 1218 et
770 1183 969 1228 apostolicis
994 1182 1146 1214 breviter
1172 1194 1266 1215 com-

287 1239 451 1284 prehensi
478 1246 570 1272 sunt.
640 1234 686 1269 Et
711 1247 788 1268 cum
819 1234 1091 1266 deliramentum
1123 1232 1265 1277 aliquod

288 1297 418 1335 pugnat
442 1302 519 1322 cum
553 1287 734 1331 perspicuo
770 1285 916 1318 articulo
940 1283 1067 1317 tradito
1103 1283 1140 1314 in
1168 1284 1268 1316 libris

288 1338 499 1384 propheticis
523 1345 582 1370 aut
606 1335 823 1381 apostolicis,
857 1341 916 1367 aut
942 1333 1126 1378 symbolis,
1153 1334 1267 1366 mani—

288 1393 372 1424 festa
402 1398 449 1423 est
473 1389 678 1422 diiudicatio
706 1386 799 1417 iuxta
821 1383 910 1417 hanc
934 1383 1106 1425 regulam:
1136 1384 1172 1417 Si
1190 1385 1268 1428 quis

290 1442 386 1474 aliud
406 1439 634 1482 Evangelium
659 1438 775 1475 docet,
803 1432 987 1467 anathema
1007 1434 1068 1473 sit,
1094 1441 1133 1467 ut
1150 1434 1268 1467 Mani-

289 1491 364 1525 cbai
385 1492 540 1529 furores,
568 1490 648 1522 item
669 1486 845 1528 Pelagiani
871 1497 950 1517 culn
968 1485 1159 1528 perspicuis
1185 1486 1269 1518 arti-

289 1543 377 1575 culis
395 1542 608 1584 pugnabant.

390 1591 458 1625 Sed
479 1590 534 1623 bic
549 1589 719 1621 obiiciunt
736 1584 939 1630 Sophistae,
966 1584 1075 1617 multa
1093 1595 1164 1616 esse
1180 1585 1270 1617 dicta

290 1644 435 1676 obscura
453 1649 485 1674 et
502 1641 660 1682 ambigua
684 1638 719 1670 in
737 1638 836 1669 libris
850 1634 1115 1679 propheticiset
1131 1642 1270 1678 aposto-

291 1694 376 1726 licis.
429 1691 547 1734 Quare
564 1702 680 1723 vocem
701 1688 825 1720 iudicis
840 1687 1058 1719 contendunt
1073 1686 1269 1718 anteferen-

292 1746 372 1776 ‹lam
398 1755 469 1776 esse
491 1741 591 1774 libris
614 1737 826 1783 propheticis
854 1744 886 1770 et
909 1737 1118 1780 apostolicis.
1195 1736 1270 1769 Hoc

293 1800 470 1837 praetextu
489 1793 546 1825 alii
572 1792 742 1836 synodos,
770 1789 829 1820 alii
848 1788 976 1831 Papam
997 1787 1196 1820 anteferunt
1215 1785 1270 1819 his

293 1845 410 1884 libris,
447 1844 535 1876 sicut
561 1843 596 1874 iu
621 1841 778 1886 quolibet
802 1850 926 1881 regno,
961 1849 1038 1869 cum
1071 1837 1107 1869 in
1137 1838 1270 1881 legibus

294 1893 570 1939 deprehenditur
586 1891 779 1925 obscuritas
796 1897 854 1922 aut
871 1888 1094 1929 ambiguitas,
1118 1889 1269 1922 antefer-

295 1954 353 1979 tur
379 1957 450 1977 vox
478 1944 568 1985 regis
593 1942 767 1985 explicans
790 1942 936 1972 obscure
957 1939 1011 1970 vel
1038 1939 1199 1981 ambigue
1217 1939 1271 1971 di-

295 2004 401 2030 ctum.
450 1994 493 2027 Et
520 1994 555 2025 in
582 1992 735 2035 imperiis
762 2001 898 2023 necesse
924 1997 973 2022 est
1000 1990 1215 2033 acquiescere
1235 1991 1270 2021 in

296 2059 332 2078 ea
360 2045 606 2089 explicatione,
636 2041 766 2085 alioqui
792 2041 910 2073 nullus
932 2040 1010 2072 finis
1034 2046 1120 2072 esset
1145 2040 1270 2073 litium.

294 2097 371 2129 Hoc
401 2095 595 2137 exemplum
629 2092 809 2136 politicum
845 2090 1059 2124 transferunt
1089 2089 1272 2134 Sophistae

294 2149 337 2181 ad
363 2146 490 2179 iudicia
512 2143 697 2177 Ecclesiae.

397 2196 464 2230 Sed
492 2193 775 2237 respondendum
798 2198 864 2225 est:
893 2190 945 2224 De
969 2191 1127 2224 doctrina
1154 2203 1272 2224 neces-

296 2248 383 2281 saria
397 2274 404 2286 ,
432 2246 529 2278 nulla
547 2251 595 2277 est
612 2243 817 2284 ambiguitas
836 2242 870 2274 in
894 2242 993 2274 libris
1011 2240 1223 2285 propheticis
1240 2249 1271 2276 et

297 2297 496 2340 apostolicis
514 2303 545 2329 et
565 2295 601 2327 in
629 2293 820 2339 symbolis,
847 2293 874 2324 si
898 2293 973 2324 sine
996 2293 1216 2325 cavillatione
1238 2301 1271 2327 et

297 2349 414 2381 dextre
438 2346 699 2384 intelligantur,
734 2344 886 2386 inspecta
909 2349 1075 2386 perpetua
1096 2343 1271 2376 narratio-

297 2410 383 2430 num
402 2397 505 2436 scrie,
533 2403 565 2430 et
579 2407 693 2427 secum
711 2394 1010 2427 consentientibus
1026 2393 1210 2433 membris,
1232 2401 1271 2427 ut

298 2449 334 2481 in
359 2459 566 2492 quacunque
591 2444 878 2488 interpretatione
906 2444 980 2476 fieri
1005 2444 1118 2477 debet.
1187 2443 1269 2476 Ideo

298 2494 503 2533 2.C0rin1h.
522 2497 555 2529 4.
573 2496 716 2528 dicitur:
746 2494 784 2528 Si
803 2494 1021 2535 velatumest
1037 2492 1267 2537 Evangelium

300 2556 478 2586 nostrum,
508 2548 542 2578 in
564 2544 616 2577 his
633 2546 692 2589 qui
711 2551 873 2588 pereunt,
900 2545 1051 2577 velatum
1069 2551 1128 2577 est.

399 2597 483 2631 Item
503 2608 581 2630 cum
600 2607 754 2637 expresse
772 2603 991 2638 praeceptum
1008 2595 1066 2628 sit:
1092 2592 1189 2627 Nihil
1208 2595 1269 2627 ad-

299 2652 377 2687 das,
410 2646 500 2681 nibil
528 2643 706 2686 detrahas,
740 2653 773 2679 et
797 2646 833 2678 in
867 2644 1030 2679 Numeris
1058 2646 1168 2690 capite
1197 2644 1267 2681 15.:

883 87 1008 123 PHlL.
1035 85 1152 122 MEL.
1178 86 1386 123 SCRIPTA
1412 83 1712 122 EXEGETICA.

2202 86 2299 123 1172

1318 170 1396 204 Non
1413 177 1602 216 sequantur
1619 170 1845 214 cogitationes
1862 184 1958 214 suas,
1985 174 2045 207 sed
2067 174 2138 208 sint
2163 184 2295 206 memo-

1318 233 1371 255 res
1392 229 1656 266 praeceptorum
1683 222 1765 255 Dei:
1797 222 1963 267 Sequitur
1986 236 2059 257 non
2082 236 2154 258 esse
2179 223 2294 256 ambi-

1318 272 1505 315 gustatem,
1533 273 1588 306 cni
1614 270 1769 305 humano
1800 273 1931 306 iudicio
1954 274 2062 318 possit
2086 275 2168 308 addi
2189 274 2298 308 inter-

1322 323 1479 367 pretatio.

1419 371 1495 406 Etsi
1514 381 1628 407 autem
1646 373 1688 405 <le
1706 373 1779 415 lege
1792 400 1801 413 ‚
1828 380 1861 407 et
1881 375 1925 407 de
1954 374 2244 418 promissionibus
2261 382 2294 407 et

1319 425 1362 455 de
1393 425 1549 457 articulis
1580 424 1799 464 necessariis,
1840 436 1911 458 non
1939 432 1989 459 est
2021 424 2228 467 ambiguitas
2259 424 2297 457 iu

1318 474 1456 517 scriptis
1483 473 1696 518 propheticis
1719 481 1750 507 et
1775 476 1991 517 apostolicis,
2019 482 2134 508 tamen
2160 475 2241 519 quia
2257 474 2296 506 iu

1318 525 1604 558 contentionibus
1627 524 1729 557 etiam
1758 526 1859 567 plane
1889 526 1980 560 dicta
2011 525 2158 558 diversis
2186 525 2296 558 inter-

1321 575 1574 618 pretationibus
1600 576 1895 609 transformantur
1913 577 1948 608 in
1966 577 2082 620 plures
2096 575 2298 615 sententias,

1321 627 1460 668 prodest
1496 626 1617 659 audire
1654 626 1852 658 testimonia
1889 627 2040 669 purioris
2063 625 2240 659 Ecclesiae
2262 625 2298 657 in

1319 676 1496 720 aliquibus
1517 676 1688 714 materiis,
1717 683 1749 709 ct
1767 688 1804 709 ea
1823 678 1980 710 conferre
1994 679 2034 710 ad
2054 677 2186 716 sontes,
2213 687 2300 720 quae

1319 738 1396 758 cum
1416 727 1572 759 videmus
1590 727 1697 767 magis
1715 738 1906 768 congruere
1923 740 2001 760 cum
2020 727 2189 767 fontibus,
2207 725 2300 759 mul-

1321 782 1394 809 tum
1431 778 1679 809 confirmamur
1715 785 1748 810 et
1783 776 1836 809 his
1864 778 1947 821 ipsis
1975 777 2196 812 testimoniis.
2252 775 2299 810 Ut

1320 838 1521 870 quanquam
1548 827 1793 860 samosatenus
1816 835 1926 861 astute
1953 829 2107 872 disputat
2138 828 2174 860 in
2206 825 2299 860 dicto

1322 875 1490 909 lobannis
1512 876 1551 910 ἐν
1576 875 1670 922 ἀρχῇ
1694 873 1741 921 ἦν
1764 875 1782 911 ὃ
1807 874 1935 924 λόγος,
1962 891 2034 912 uon
2053 878 2202 921 intelligi
2220 888 2300 920 per—

1319 939 1439 960 sonam
1457 927 1601 959 nomine
1618 927 1735 974 λόγος,
1759 935 1877 961 tamen
1893 941 1971 962 cum
1988 929 2136 972 legimus
2153 927 2298 965 lrenaei,

1320 978 1483 1020 Gregorii
1499 977 1815 1018 Neocaesariensis‚
1842 985 1876 1012 et
1898 979 2048 1012 aliorum
2071 979 2298 1023 probatorum

1319 1029 1549 1072 interpretum
1572 1028 1778 1068 sementim,
1812 1036 1960 1073 prosunt
1983 1027 2067 1062 haec
2099 1027 2298 1062 testimonia

1319 1080 1362 1112 ad
1391 1090 1455 1111 nos
1488 1080 1665 1111 docendos
1696 1086 1729 1112 et
1751 1080 2020 1115 confirmandos.
2089 1078 2173 1112 Ideo
2203 1079 2298 1111 enim

1319 1129 1414 1163 Deus
1431 1129 1663 1162 ministerium
1681 1129 1717 1161 in
1734 1127 1888 1163 Ecclesia
1906 1137 2035 1171 servat,
2061 1137 2099 1163 ut
2116 1127 2245 1173 Ephes.
2263 1127 2299 1163 4.

1320 1181 1487 1224 scriptum
1512 1187 1578 1219 est,
1611 1180 1662 1212 Ne
1678 1180 1965 1214 circumferamur
1989 1181 2095 1214 variis
2118 1180 2296 1213 doctrina-

1320 1242 1397 1263 rum
1415 1231 1544 1271 ventis,
1571 1231 1629 1262 sed
1652 1230 1721 1263 sint
1745 1231 1853 1275 aliqui
1872 1238 1973 1264 testes
1993 1243 2093 1264 verae
2117 1230 2298 1263 doctrinae

1321 1282 1395 1314 sine
1411 1281 1648 1324 ambignitate.
1701 1280 1745 1313 Et
1763 1281 1863 1315 iussit
1880 1282 1995 1314 audiri
2014 1280 2205 1315 Ecclesiam
2234 1281 2298 1313 do-

1321 1332 1460 1365 ctricem
1479 1339 1510 1365 et
1529 1331 1748 1364 monitricem
1761 1358 1768 1370 ,
1795 1332 1883 1364 sicut
1902 1332 2015 1376 iuquit
2030 1332 2195 1366 Samson:
2223 1329 2299 1364 Nisi

1321 1382 1478 1415 arassetis
1495 1394 1568 1414 mea
1586 1382 1712 1421 vitula,
1742 1393 1814 1413 non
1833 1382 2062 1416 invenissetis.
2111 1380 2156 1414 Et
2173 1382 2215 1414 ad
2232 1380 2299 1414 Pe-

1322 1439 1413 1466 trum
1431 1432 1562 1477 inquit:
1584 1431 1631 1465 Et
1647 1438 1684 1464 tu
1694 1443 1880 1464 conversus
1889 1433 2054 1465 confirma
2065 1433 2186 1465 fratres
2198 1438 2287 1464 tuos.

1424 1482 1609 1515 Audienda
1625 1489 1673 1514 est
1698 1482 1804 1523 igitur
1828 1494 1906 1515 vera
1922 1480 2076 1515 Ecclesia
2099 1488 2137 1516 ut
2163 1481 2299 1515 doctrix

1323 1540 1356 1567 et
1371 1533 1556 1571 monitrix,
1583 1533 1643 1565 sed
1669 1532 1752 1564 fides
1774 1532 1907 1565 nitatur
1935 1534 2040 1566 verbo
2062 1531 2140 1567 Dei.
2193 1530 2300 1565 Com-

1323 1583 1508 1616 monefacti
1534 1582 1638 1625 igitur
1663 1582 1707 1614 ab
1722 1580 1877 1614 Ecclesia
1904 1583 2122 1615 conferamus
2143 1581 2301 1615 testimo-

1323 1635 1380 1666 nia
1406 1634 1479 1666 eius
1503 1634 1546 1666 ad
1568 1633 1691 1665 sontes
1744 1630 1791 1665 Et
1815 1638 1910 1674 grata
1928 1633 2144 1666 confirmatio
2167 1638 2216 1665 est
2235 1633 2300 1665 bo-

1324 1697 1388 1718 nae
1406 1684 1532 1724 menti,
1560 1683 1647 1716 scire
1663 1694 1697 1715 se
1717 1694 1788 1715 non
1813 1683 1988 1716 discedere
2010 1695 2028 1716 a
2047 1694 2219 1716 consensu
2239 1694 2298 1715 ve-

1324 1748 1381 1768 rae
1406 1734 1598 1772 Ecclesiae,
1628 1740 1660 1767 et
1681 1745 1752 1766 uno
1778 1733 1902 1776 spiritu
1928 1740 1960 1766 et
1984 1745 2054 1766 una
2082 1744 2164 1766 voce
2185 1732 2299 1766 Deum

1325 1787 1486 1819 invocare
1504 1798 1580 1818 cum
1601 1797 1680 1816 vera
1698 1782 1851 1816 Ecclesia
1864 1810 1873 1823 ,
1901 1784 1991 1817 sicut
2007 1783 2144 1816 Psalmo
2161 1784 2222 1817 21.
2245 1782 2300 1816 di-

1323 1838 1434 1871 citur:
1478 1834 1518 1868 ln
1550 1835 1666 1867 medio
1699 1833 1874 1867 Ecclesiae
1909 1834 2059 1867 laudabo
2093 1841 2136 1868 te.
2198 1832 2299 1874 Item,

1324 1888 1462 1921 Psalmo
1484 1886 1583 1919 110.:
1612 1885 1814 1919 Confitebor
1834 1885 1899 1919 tibi
1913 1884 2065 1918 Domine
2088 1885 2123 1916 in
2150 1884 2300 1917 concilio

1324 1946 1357 1972 et
1383 1937 1649 1979 congregatione
1674 1936 1857 1969 iustorum.
1929 1933 1975 1969 Et
2007 1935 2043 1967 in
2078 1935 2235 1968 fontibus
2259 1946 2300 1967 ex

1326 1995 1396 2022 tota
1421 1988 1663 2020 narrationum
1689 1986 1776 2018 serie
1803 1986 1903 2019 unica
1928 1993 1961 2019 et
1990 1986 2106 2018 nativa
2128 1985 2300 2019 sententia

1326 2041 1518 2084 plerunque
1543 2037 1693 2070 inveniri
1719 2042 1839 2080 potest.
1897 2036 1955 2070 Sic
1978 2043 2010 2069 et
2035 2047 2129 2069 nunc
2151 2036 2299 2069 adiuva-

1326 2102 1406 2123 mur
1429 2090 1465 2121 in
1491 2088 1608 2121 multis
1634 2087 1878 2120 controversiis
1903 2099 1921 2119 a
1947 2087 2052 2119 veteri
2071 2093 2102 2119 et
2118 2085 2299 2119 sinceriori

1325 2140 1492 2174 Ecclesia.
1546 2138 1772 2172 Manifestum
1793 2145 1842 2172 est
1864 2138 1900 2170 in
1920 2137 2031 2181 prima
2047 2136 2202 2171 Ecclesia
2226 2147 2300 2169 non

1325 2192 1429 2224 fuisse
1466 2190 1616 2234 privatas
1646 2189 1782 2223 Missas.
1843 2187 1949 2221 Hunc
1981 2199 2113 2220 morem
2149 2199 2228 2220 cum
2255 2187 2299 2220 ad

1327 2242 1427 2275 Pauli
1453 2242 1541 2274 dicta
1559 2240 1789 2279 conferimus,
1824 2239 1984 2272 videmus
2005 2250 2083 2271 eum
2108 2249 2300 2280 congruere

1324 2305 1402 2326 cum
1428 2290 1495 2325 hoc
1519 2292 1631 2331 dicio,
1664 2292 1694 2325 1.
1710 2287 1871 2325 Corinth.
1893 2289 1969 2324 11.:
2001 2287 2090 2322 Cum
2109 2287 2303 2321 convenitis

1324 2344 1365 2376 ad
1390 2354 1533 2376 coenam
1557 2341 1724 2379 Domini,
1752 2347 1925 2384 expectate
1946 2345 2106 2373 caeteros.
2160 2337 2213 2370 De
2238 2339 2301 2371 ba-

1324 2394 1450 2437 ptismo
1478 2393 1652 2426 infantum
1678 2391 1781 2424 etiam
1808 2390 2027 2434 Augustinus
2054 2389 2136 2423 citat
2171 2389 2302 2432 primae

1322 2444 1494 2477 Ecclesiae
1520 2443 1820 2476 consuetudinem.
1876 2440 1921 2474 Et
1948 2438 2121 2483 Origenes
2144 2450 2302 2482 expresse

1323 2494 1439 2539 inquit
1466 2494 1499 2527 6.
1518 2494 1629 2538 capite
1648 2495 1688 2525 ad
1708 2491 1899 2527 Romanos.
1953 2490 2074 2535 ltaque
2091 2497 2125 2523 et
2143 2488 2297 2523 Ecclesia

1322 2546 1366 2578 ab
1385 2543 1564 2587 Apostolis
1589 2544 1812 2577 traditionem
1834 2542 1982 2586 accepit,
2015 2541 2118 2574 etiam
2142 2539 2298 2584 parvulis

1323 2596 1405 2628 dare
1428 2595 1652 2638 baptismum.
1704 2592 1748 2626 Et
1774 2593 1808 2625 id
1832 2593 1940 2635 magis
1965 2590 2126 2634 congruit
2148 2602 2225 2623 cum
2241 2589 2297 2622 di-

1323 2646 1384 2679 ctis
1407 2645 1445 2678 in
1472 2646 1653 2690 scriptura.
1728 2642 1869 2677 Certum
1899 2650 1949 2678 est
1977 2641 2224 2687 promissiones
2251 2640 2296 2673 ad
