2415 2942
187 111 282 149 1385

192 206 332 233 mantur
357 192 600 239 desperatione
625 196 657 223 et
679 194 802 221 morte.

195 264 253 284 seu
285 255 446 282 constans
481 245 517 276 in
551 241 735 275 retinenda
768 237 969 270 assensione
1003 236 1186 269 doctrinae

195 308 316 335 contra
336 296 511 335 diabolos,
545 301 577 326 et
602 298 723 325 contra
749 287 864 322 liostes
878 287 1074 330 Evangelii.
1127 285 1187 319 Est

196 360 225 385 et
248 353 347 383 sortis
363 349 398 381 in
416 344 631 390 perferendis
649 341 739 375 odiis
755 347 788 374 et
806 339 1030 378 cruciatibus,
1053 337 1189 370 incon-

198 403 359 436 sessione.
413 396 463 430 Ex
487 395 540 428 bis
557 394 738 427 ess'ectibus
764 390 914 431 intelligi
943 396 1075 433 potest,
1102 388 1188 433 quid

198 453 354 486 nominet
382 448 553 492 Spiritum
587 451 774 488 potentem.
847 440 904 475 Sic
935 448 968 474 et
1004 441 1040 472 in
1073 439 1189 483 primo

199 504 309 545 capite
342 502 382 533 ad
410 496 582 542 Ephesius
608 495 737 539 inquit:
781 487 973 526 Credentes
995 487 1190 524 secundum

200 551 404 601 efficaciam
428 546 609 594 polentiae
635 543 775 578 roboris
803 544 896 582 eius,
935 554 1046 589 qnam
1068 545 1193 589 polen-

201 605 292 637 tiam
317 600 430 650 effecit
452 611 516 647 per
540 594 731 632 Chrislum
757 595 922 628 accitam
947 605 1024 626 eum
1049 606 1071 625 a
1096 604 1195 625 mor-

202 655 293 695 tuis,
322 648 355 686 id
384 660 450 691 est,
478 650 571 684 Deus
598 650 714 681 efficax
739 654 788 680 est
816 647 852 678 in
877 644 1126 682 conversione,
1163 649 1193 677 et

203 709 268 738 tide
290 705 441 737 vivificat
458 712 488 736 et
509 702 633 734 liberat
651 711 689 731 ex
710 705 840 737 morte,
875 695 1057 728 confirmat
1078 706 1195 727 assen-

203 758 336 790 sionem
357 757 391 788 in
411 755 534 793 corde,
563 758 595 784 et
613 749 843 783 constantiam
867 748 903 779 in
922 746 1151 779 consessione.

450 835 632 884 Spirilum
655 830 862 866 dilectionis
879 834 940 863 εἰσ.

309 910 423 942 Antea
449 903 647 938 nominavit
665 900 838 945 Spiritum
867 905 1061 943 potentem,
1095 905 1134 932 nt
1158 899 1199 930 il-

208 961 308 995 lustri
345 957 514 992 vocabulo
549 953 723 997 ignaviam
758 958 789 985 et
824 949 1026 996 hypocrisin
1058 956 1201 984 taxaret.

211 1012 379 1053 Intelligit
402 1009 494 1042 enim
524 1017 625 1038 veros
655 1010 788 1042 motus,
822 1002 952 1045 quibus
983 993 1228 1034 vivificamur¹

210 1065 245 1096 in
263 1061 472 1107 pavoribus,
499 1064 531 1091 et
549 1055 781 1090 exuscitamur
799 1054 839 1086 ad
863 1052 1142 1092 invocationem,
1170 1058 1203 1085 et

211 1113 461 1148 confirmamur
478 1109 514 1141 in
533 1106 749 1141 confessione
776 1112 807 1138 et
827 1104 864 1136 iu
881 1103 1048 1136 omnibus
1066 1104 1203 1147 pericu-

213 1166 254 1198 lis
281 1170 312 1196 et
337 1161 519 1195 laboribus
541 1156 728 1191 ministerii
757 1162 876 1188 contra
901 1154 1062 1186 diabolos
1084 1152 1120 1186 et
1145 1166 1203 1187 eo-

214 1228 290 1249 rum
309 1224 450 1256 organa.
503 1210 605 1244 Nunc
625 1208 785 1240 nominat
801 1206 972 1249 Spiritum
994 1205 1204 1239 dilectionis.

215 1266 261 1300 [ἰ
295 1265 387 1297 enim
425 1263 519 1306 prius
543 1262 586 1293 de
614 1258 847 1291 vivificatione
871 1256 983 1289 nostri
1010 1256 1118 1297 dixit,
1158 1257 1204 1289 ita

216 1319 285 1350 iam
303 1318 345 1348 de
362 1314 553 1347 xirtutibus
572 1322 649 1353 erga
671 1309 758 1341 alios
778 1308 946 1352 loquitur.

318 1366 392 1399 Etsi
410 1372 524 1397 autem
542 1360 753 1394 vocabulum
774 1357 984 1392 Dilectionis
1002 1356 1087 1389 alias
1105 1356 1207 1389 aliter

216 1424 428 1461 usurpatur,
470 1422 586 1447 tamen
623 1409 679 1443 bic
710 1409 954 1452 complectitur
981 1407 1206 1440 dilectionem

217 1481 295 1511 erga
315 1467 428 1501 Deum
465 1471 498 1498 et
528 1475 605 1505 erga
638 1459 798 1493 homines
831 1466 973 1502 propter
996 1457 1130 1497 Deum,
1171 1464 1209 1491 ut

218 1532 297 1553 curn
317 1514 608 1551 diciturRoman.
628 1513 700 1545 13.:
729 1509 881 1543 Dilectio
899 1516 947 1542 est
974 1508 1133 1552 impletio
1158 1508 1208 1540 le-

219 1572 281 1614 gis.
335 1567 379 1602 Et
397 1566 568 1609 significat
582 1563 717 1607 Spiritu
740 1567 858 1595 sancto
882 1560 1024 1592 accendi
1049 1559 1210 1591 dilectio-

221 1633 300 1654 nem
326 1631 403 1661 erga
427 1617 561 1656 Deum,
595 1615 630 1647 id
658 1620 704 1646 est
721 1640 729 1653 ,
769 1613 945 1645 feruorem
978 1617 1009 1643 et
1036 1610 1147 1642 zelum
1173 1610 1209 1642 in

221 1669 487 1705 conservatione
517 1666 716 1704 doctrinae,
759 1662 1038 1700 invocationem,
1081 1661 1209 1703 gratia-

222 1736 299 1757 rum
316 1721 509 1759 actionem,
538 1725 570 1750 et
588 1716 754 1749 laetitiam
781 1714 817 1746 in
833 1712 927 1751 Deo,
951 1712 1154 1756 patientiam
1175 1712 1211 1744 in

221 1785 322 1808 cruce
341 1779 373 1805 et
390 1770 617 1805 confessione.
670 1765 809 1799 Deinde
827 1776 904 1807 erga
924 1761 1085 1797 homines
1101 1763 1210 1806 signi-

221 1826 299 1858 ficat
324 1834 478 1856 amorem
503 1818 727 1858 concordiae,
768 1827 886 1849 curam
913 1814 1049 1847 vitandi
1075 1814 1154 1847 odia
1180 1821 1212 1847 et

224 1876 356 1909 semina
391 1872 635 1910 dissidiorum,
675 1867 931 1912 repressionem
965 1866 1148 1909 superbiae
1179 1872 1210 1897 et

224 1924 426 1970 cupiditatis
457 1922 652 1961 vindictae,
694 1919 831 1964 placide
860 1928 1004 1949 monere
1034 1923 1067 1949 et
1089 1917 1211 1949 audire

225 1978 323 2011 alios.
376 1975 538 2019 Denique
557 1978 716 2006 sumatur
741 1968 930 2002 declaratio
957 1967 1156 2001 dilectionis
1174 1980 1213 2000 ex

228 2029 303 2072 ipso
324 2026 510 2068 Decalogo.
563 2024 614 2056 Ac
630 2024 733 2056 datur
744 2020 898 2063 Spiritus
918 2025 1074 2057 sanctus,
1102 2026 1139 2052 ut
1158 2031 1213 2051 ac-

226 2079 352 2112 cendat
375 2084 490 2110 motus
513 2080 743 2118 congruentes
771 2071 837 2113 legi
861 2070 1012 2103 divinae.
1065 2068 1110 2103 Et
1136 2070 1214 2104 talis

227 2137 277 2165 est
294 2130 367 2174 ipse
380 2156 388 2169 ,
416 2128 534 2171 quales
553 2133 667 2159 motus
687 2125 723 2157 in
745 2124 820 2165 lege
836 2120 1096 2154 describuntur.

329 2180 478 2223 Quoties
508 2184 624 2211 autem
657 2176 786 2208 dicitur
816 2173 858 2206 de
881 2171 1068 2204 dilectione
1095 2178 1214 2204 nostra

228 2243 308 2275 erga
339 2231 473 2271 Deum,
506 2229 617 2262 sciant
647 2226 824 2260 auditores
850 2230 1012 2266 oportere
1033 2223 1215 2256 dilectioni

226 2283 331 2316 fidem
347 2281 568 2318 antecedere,
603 2285 636 2312 et
659 2288 799 2310 sensum
821 2274 1020 2307 dilectionis
1045 2273 1110 2306 Dei
1137 2286 1216 2316 erga

228 2345 312 2374 nOS,
350 2333 431 2378 quia
464 2344 524 2366 cor
555 2342 628 2363 non
661 2327 794 2361 accedit
826 2327 868 2358 ad
894 2323 1026 2365 Deum,
1054 2325 1121 2357 nisi
1150 2325 1216 2358 fide

229 2385 424 2430 acquiescat
445 2384 481 2416 in
504 2382 716 2420 mediatore,
750 2384 783 2411 et
808 2382 936 2410 statuat
953 2373 1068 2408 Deum
1091 2388 1215 2408 recon-

229 2436 387 2470 ciliatum
404 2446 494 2474 esse,
518 2440 556 2467 ut
576 2432 706 2466 dicitur
723 2430 765 2462 ad
776 2425 946 2472 Ephesios
958 2426 1009 2461 4.;
1038 2426 1105 2460 Per
1122 2425 1216 2460 hunc

229 2486 398 2520 habemus
423 2496 595 2518 accessum
624 2483 667 2516 ad
691 2481 806 2515 Deum
833 2479 912 2512 fide.
964 2476 1042 2510 Hoc
1064 2490 1142 2511 cum
1167 2478 1215 2518 fit,

228 2537 377 2572 sentitur
415 2535 627 2573 consolatio,
661 2544 749 2578 quae
784 2537 833 2564 est
861 2528 992 2572 agnitio
1016 2529 1214 2563 dilectionis

781 98 903 133 PHIL.
933 96 1049 133 MEL.
1079 94 1291 132 SCRIPTA
1319 93 1620 130 EXEGETICA.

2132 100 2232 134 1384

857 184 921 219 Est
944 185 1026 218 item
1058 190 1183 229 potens
1208 182 1213 211 l
1239 182 1283 216 Et
1302 183 1341 215 ad
1363 181 1515 217 Roman.
1535 182 1586 218 8.:
1623 181 1816 228 Accepistis
1843 185 2006 229 spiritum
2035 186 2237 230 adoptionis

1241 235 1413 274 filiorum,
1442 246 1512 278 quo
1530 234 1722 267 clamamus
1743 234 1847 269 Abba
1865 243 1973 279 pater.
2029 236 2116 270 Item
2144 237 2239 281 apud

1241 283 1449 318 Zachariam
1480 285 1592 329 capite
1619 286 1696 319 12:
1737 284 1931 320 Effundam
1956 299 2061 331 super
2091 289 2236 321 domum

1242 336 1358 369 David
1389 336 1552 380 spiritum
1587 336 1718 379 gratiae
1742 343 1773 370 et
1808 350 1963 381 precum.
2023 337 2238 371 Nominatur

1245 387 1400 431 Spiritus
1417 387 1568 430 gratiae,
1597 399 1666 432 quo
1686 389 1855 421 sentimus
1875 401 1938 421 nos
1967 400 2039 422 esse
2059 389 2100 425 ,in
2115 389 2239 431 gratia,

1245 439 1280 471 in
1301 450 1381 471 vcra
1399 438 1658 479 consolatione,
1687 439 1722 471 iu
1744 439 1835 472 lucta
1855 440 2101 483 poenitentiae.
2145 438 2240 472 Haec

1245 489 1439 522 consolatio
1457 501 1535 521 cum
1554 489 1589 521 fit
1613 490 1648 522 iu
1675 490 1796 530 nobis,
1825 490 1977 523 vicissim
2002 491 2164 524 incoatur
2186 490 2242 523 di-

1247 540 1349 573 lectio
1370 547 1486 573 nostra
1507 551 1586 582 erga
1602 541 1739 581 Deum,
1768 547 1798 574 et
1823 549 2021 586 sequuntur
2047 541 2240 579 invocatio,

1247 591 1439 633 gratiarum
1480 591 1591 631 actio,
1635 591 1766 626 laetitia
1807 592 1842 624 in
1873 591 1968 633 Deo,
2003 592 2171 636 patientia
2205 593 2243 624 in

1250 654 1367 675 cruce:
1404 642 1483 686 quia
1508 639 1571 674 lios
1598 642 1784 675 interiores
1809 644 1921 676 cultus
1946 641 2122 688 Propheta
2147 655 2244 676 com-

1250 693 1371 737 plexus
1390 700 1439 726 est
1459 693 1603 726 nomine
1621 693 1868 729 invocationis.
1920 693 2015 728 Haec
2041 694 2243 727 considera-

1251 744 1300 776 tio
1324 745 1366 776 de
1391 744 1561 777 vocabulo
1587 745 1786 778 dilectionis
1815 752 1847 779 et
1871 747 1914 779 de
1930 746 1997 780 fide
2021 745 2245 790 praelucente

1252 794 1354 828 valde
1370 795 1562 828 necessaria
1584 802 1645 831 est.

1533 875 1717 924 Spiritum
1743 876 1953 914 modestiae.

1357 945 1555 979 Considera
1573 945 1849 987 restrictionem,
1872 946 2026 991 Spiritus
2046 954 2170 992 potens
2187 960 2248 982 seu

1254 996 1356 1030 fortis
1374 1004 1422 1030 est
1440 1009 1539 1038 acer,
1568 997 1640 1039 agit
1664 997 1803 1040 negotia
1822 998 1978 1031 difficilia
1992 1024 2000 1039 ,
2029 1005 2061 1032 et
2079 999 2152 1032 adit
2175 1011 2249 1032 ma-

1256 1060 1324 1092 gna
1345 1048 1510 1092 pericula.
1564 1046 1633 1081 Sed
1652 1054 1770 1081 tamen
1795 1049 1904 1081 sancti
1931 1050 2151 1094 prospicIunt
2179 1062 2252 1083 me-

1257 1107 1321 1140 tas,
1349 1111 1422 1131 non
1445 1096 1646 1132 evehuntur
1662 1105 1757 1132 extra
1775 1099 2007 1140 vocatiouem,
2033 1100 2122 1134 sicut
2138 1101 2253 1142 multi,

1258 1151 1318 1196 qui
1350 1151 1504 1194 primum
1528 1150 1654 1194 spiritu
1682 1151 1843 1183 ardentes
1876 1157 2022 1194 egerunt
2051 1162 2106 1184 res
2135 1151 2251 1191 utiles,

1259 1209 1374 1246 postea
1396 1201 1476 1234 elati
1497 1203 1602 1234 rebus
1618 1201 1780 1234 secundis
1807 1208 1989 1236 tentarunt
2013 1202 2131 1247 aliqua
2157 1209 2252 1236 extra

1259 1253 1478 1286 vocationem
1490 1279 1499 1294 ,
1524 1264 1601 1285 cum
1618 1252 1760 1297 quidem
1787 1252 2026 1286 existimarent
2043 1265 2076 1286 se
2094 1260 2186 1287 recte
2202 1253 2254 1286 fa-

1261 1316 1358 1344 cere,
1400 1316 1488 1348 quae
1519 1310 1638 1347 postea
1668 1303 1780 1337 exitus
1810 1304 1925 1337 tristes
1959 1301 2175 1346 hahuerunt,
2214 1311 2255 1338 ut

1261 1355 1430 1395 Samson,
1460 1353 1568 1387 losias
1587 1360 1618 1386 et
1637 1354 1709 1387 alii.

1363 1404 1542 1438 Historiae
1580 1403 1783 1449 prophanae
1818 1402 1949 1438 habent
1979 1404 2255 1439 innumerabilia

1263 1456 1438 1500 exempla,
1472 1456 1554 1500 quia
1585 1457 1691 1488 duces
1721 1455 1924 1497 ignorantes
1948 1453 2060 1488 Deum
2086 1468 2159 1489 non
2186 1457 2255 1489 fre-

1263 1514 1394 1540 nautur
1423 1506 1562 1550 Spiritu
1593 1512 1732 1546 sanem,
1767 1512 1807 1539 ut
1829 1505 2017 1547 Hercules,
2053 1504 2257 1540 Themisto-

1262 1559 1348 1598 cles,
1375 1556 1588 1597 Pausanias,
1616 1556 1771 1597 Marius,
1801 1555 2007 1600 Pompeius,
2035 1556 2157 1592 Iulius.
2203 1557 2257 1591 De

1263 1607 1318 1642 his
1341 1608 1508 1641 omnihus
1536 1619 1617 1640 vera
1644 1607 1712 1640 fuit
1734 1619 1815 1639 vox:
1847 1605 2002 1651 Deponit
2028 1615 2188 1651 potentes
2212 1610 2256 1642 de

1267 1661 1356 1693 sede.
1415 1658 1520 1699 ltem‚
1556 1659 1587 1694 1.
1613 1657 1705 1692 Petri
1724 1658 1774 1693 5.:
1808 1657 1979 1702 Superbis
2000 1657 2094 1692 Deus
2117 1660 2258 1701 resistit,

1266 1709 1462 1744 humilibus
1490 1716 1606 1743 antem
1631 1710 1688 1742 dat
1714 1709 1871 1752 gratiam.
1924 1708 2019 1743 Haec
2045 1710 2256 1746 bellatorum

1267 1761 1423 1804 exempla
1441 1761 1550 1804 magis
1570 1761 1756 1793 incurrunt
1775 1760 1809 1793 in
1829 1761 1960 1796 ocutos.

1369 1811 1456 1845 Inde
1471 1819 1651 1857 utcunque
1668 1811 1939 1845 considerentur
1959 1813 2115 1857 exempla
2134 1823 2259 1856 regen-

1265 1863 1352 1897 tium
1379 1862 1563 1898 Ecclesias.
1624 1862 1732 1896 Multi
1759 1874 1821 1895 suo
1846 1864 1998 1908 quodam
2039 1864 2112 1898 zelo
2147 1864 2258 1898 multa

1265 1921 1357 1948 recte
1375 1915 1547 1952 feceruut,
1575 1921 1692 1957 postea
1715 1914 1840 1946 fiducia
1867 1914 1921 1946 sui
1940 1915 1992 1947 vel
2010 1915 2169 1958 dogmata
2191 1915 2258 1948 fin-

1265 1973 1409 2004 xerunt,
1438 1965 1493 1997 vel
1517 1964 1602 1997 alias
1627 1977 1679 1998 res
1704 1971 1797 1997 extra
1815 1965 2033 1998 vocationem
2061 1973 2260 2005 moverunt,

1267 2024 1305 2050 ut
1332 2015 1527 2059 Gregorius
1559 2016 1669 2050 multa
1703 2015 1876 2057 instituit,
1910 2023 1943 2049 et
1968 2015 2133 2061 Episcopi
2159 2029 2259 2061 saepe

1268 2075 1447 2112 praetextu
1464 2067 1645 2110 religionis
1662 2074 1848 2100 moverunt
1871 2067 2078 2109 seditiones,
2107 2075 2139 2101 et
2156 2067 2261 2102 multi

1267 2119 1433 2152 omnibus
1463 2119 1680 2161 temporibus
1712 2119 1863 2163 quodam
1892 2119 1998 2152 stulto
2029 2120 2125 2163 zelo,
2159 2131 2260 2161 prae-

1268 2176 1362 2203 textu
1384 2169 1565 2213 religionis
1587 2170 1710 2203 volunt
1735 2170 1946 2202 constituere
1975 2182 2083 2203 novas
2109 2170 2259 2213 politias.

1269 2220 1322 2255 De
1339 2221 1468 2255 talibus
1492 2221 1658 2254 omnibus
1681 2221 1766 2264 dicit
1791 2222 1831 2254 ad
1852 2220 2034 2255 Romanos
2056 2222 2166 2265 capite
2185 2221 2261 2255 12:

1269 2271 1408 2316 Sapite,
1432 2273 1491 2305 sed
1517 2272 1559 2304 ad
1584 2272 1810 2311 modestiam,
1843 2272 1877 2304 id
1903 2279 1970 2311 est,
2007 2279 2143 2306 manete
2166 2275 2258 2306 intra

1269 2324 1414 2357 verbum
1437 2329 1469 2356 et
1487 2323 1717 2357 vocationem.
1769 2322 1813 2356 Et
1831 2324 1864 2359 2.
1882 2322 1978 2356 Petri
1999 2323 2045 2358 1.:
2082 2322 2121 2356 In
2141 2324 2207 2357 fide
2222 2323 2260 2356 in

1270 2374 1459 2415 virtutem,
1489 2374 1525 2406 in
1550 2374 1617 2407 fide
1636 2374 1673 2406 in
1689 2374 1890 2414 scientiam,
1917 2374 1952 2406 id
1977 2381 2043 2414 est,
2071 2375 2155 2407 fides
2185 2386 2258 2407 nou

1268 2425 1311 2458 sit
1328 2425 1473 2467 ignava,
1501 2426 1559 2459 sed
1583 2425 1625 2459 sit
1651 2426 1794 2466 ardens,
1823 2426 1941 2458 ardeat
1967 2431 2081 2458 autem
2108 2438 2186 2459 cum
2203 2426 2258 2459 iu-

1268 2476 1360 2509 dicio
1381 2483 1413 2510 et
1429 2476 1578 2510 delectu.

1370 2527 1419 2561 lta
1439 2527 1520 2572 quia
1539 2525 1604 2560 hoc
1622 2527 1698 2560 loco
1717 2526 1852 2560 addidit
1869 2527 2139 2566 restrictionem,
2162 2526 2259 2562 Deus

225 2587 294 2622 Dei
319 2599 397 2631 erga
423 2598 506 2626 nOS,
544 2586 586 2618 de
611 2596 677 2629 qua
701 2582 830 2616 dicitur
861 2581 904 2613 ad
927 2578 1109 2614 Romanos
1136 2578 1211 2615 15.:
1238 2593 1240 2606 ι
1267 2578 1368 2611 nobis
1386 2579 1483 2612 dedit
1509 2579 1671 2622 spiritum
1704 2579 1849 2617 fortem,
1876 2577 1936 2610 sed
1962 2584 2080 2612 tamen
2106 2578 2257 2623 impetus

226 2639 377 2674 Dilectio
393 2637 459 2672 Dei
480 2637 586 2671 effusa
611 2641 660 2668 est
684 2635 720 2667 in
745 2634 849 2667 corda
875 2637 991 2663 nostra
1019 2643 1080 2674 per
1097 2631 1213 2675 Spiri—

1267 2631 1525 2669 moderantem,
1552 2636 1583 2662 et
1610 2633 1886 2673 compescentem
1911 2629 2069 2669 animos,
2105 2641 2149 2663 ne
2174 2630 2256 2664 elati

227 2698 303 2726 tum
320 2697 497 2731 sanctum,
527 2688 562 2722 id
588 2693 656 2729 est,
683 2684 852 2719 sentimus
876 2693 938 2716 nos
962 2682 1063 2726 diligi
1089 2695 1105 2716 a
1124 2682 1210 2716 Deo.
1236 2674 1238 2686 '
1265 2681 1426 2724 dogmata
1444 2681 1594 2724 fingant,
1619 2687 1678 2715 aut
1703 2691 1812 2714 novos
1833 2680 1965 2722 cultus,
1993 2692 2037 2714 ne
2058 2681 2127 2715 sint
2153 2682 2256 2716 tuliae
