2415 2942
133 107 207 145 117
549 107 632 145 XII.

130 194 304 230 ficationis
318 193 506 230 enarratio.
556 193 700 229 Certum
717 201 767 229 est
782 194 876 227 enim
892 190 958 226 hac
973 198 1118 225 contur-

127 244 275 280 batione
312 259 482 292 aquarum
515 245 746 289 significatum
780 255 853 277 esse
884 243 1117 276 ministerium

130 296 235 341 legis,
268 304 309 332 ut
335 300 585 331 admoneretur
608 297 778 341 populus,
813 296 856 328 ad
885 306 987 338 quem
1015 305 1117 327 usum

131 349 212 382 data
237 348 291 382 lex
316 356 421 389 esset,
457 355 489 381 et
515 348 706 393 quaretilla
731 345 935 379 Pentecoste
957 344 1116 377 instituta

132 406 240 440 esset,
266 399 449 441 videlicet,
476 405 514 433 ut
539 410 661 432 omnes
686 401 914 441 agnoscerent
937 394 1026 428 iram
1051 393 1117 428 Dei

130 450 296 483 adversus
311 457 460 494 peccata.

234 516 402 551 Arbitror
425 523 457 549 et
475 513 541 548 hoc
560 515 603 548 ad
619 513 908 556 significationem
928 512 1117 557 pertinere,

131 568 225 613 quod
254 565 336 600 haec
368 567 496 599 fiebant
530 565 566 597 in
599 565 730 609 piscina
764 564 962 608 probatica,
994 564 1030 597 id
1056 570 1117 604 est,

129 618 258 659 ovilla,
294 617 331 648 in
362 628 429 660 qua
460 616 671 649 lavabantur
702 612 848 651 hostiae.
909 614 999 647 Nam
1032 627 1116 647 voce

127 668 213 710 legis
240 665 374 700 hostiae
403 667 438 699 in
462 674 610 699 mortem
637 672 866 708 merguntur,
900 665 934 698 id
962 672 1029 705 est,
1061 665 1115 698 lex

126 725 272 753 testatur
296 728 359 750 nos
380 718 573 750 destinatos
592 728 664 749 esse
682 716 807 757 morti,
835 722 978 760 propter
995 728 1115 759 pecca-

125 776 221 810 tum,
244 775 276 802 et
294 781 369 801 reos
387 769 457 801 irae
476 768 550 802 Dei.
605 766 685 800 Non
704 768 797 799 enim
813 767 900 800 levis
916 774 975 800 aut
992 767 1114 808 exigua

125 831 180 853 res
199 819 432 862 significatur,
459 831 537 851 cum
558 818 594 851 fit
613 819 744 851 mentio
764 815 972 853 hostiarum.
1024 816 1113 850 Nam

125 868 241 904 hostia
274 870 444 912 significat
480 869 647 913 quiddam
679 881 798 909 reum,
835 876 866 902 et
900 868 1112 901 destinatum

123 921 250 961 morti,
278 927 420 964 propter
445 920 532 953 iram
552 919 630 955 Dei.
683 919 868 953 Caeterum
893 926 923 952 et
946 917 1012 952 hoc
1028 931 1113 952 con-

123 972 350 1005 siderandum
370 977 436 1010 est,
460 978 497 1004 ut
519 970 662 1004 caeteris
680 970 857 1003 beneficiis
874 968 940 1003 Dei
959 970 1110 1003 abutun-

123 1029 181 1056 tur
198 1020 380 1061 homines,
410 1021 456 1054 ita
473 1029 504 1055 et
521 1019 586 1054 hoc
603 1022 730 1054 abusos
748 1033 820 1053 esse
833 1048 841 1061 ,
869 1032 1036 1064 pauperes
1056 1032 1112 1053 ar-

123 1074 315 1117 cebantur,
349 1084 412 1105 nec
442 1073 558 1105 curari
584 1078 744 1115 possent,
779 1072 837 1104 sed
863 1071 989 1104 divites
1013 1071 1112 1115 prius

121 1123 384 1161 inferebantur,
409 1129 441 1156 et
466 1121 559 1155 haud
585 1123 691 1155 dubie
716 1120 800 1154 haec
825 1134 878 1155 res
903 1129 1110 1166 quaestuosa

122 1175 190 1208 fuit
207 1174 458 1208 sacerdotibus,
494 1172 601 1206 Tecte
618 1173 723 1215 igitur
742 1170 1013 1216 reprehenditur
1029 1184 1111 1204 cru—

121 1225 246 1258 delitas
270 1226 436 1257 adversus
458 1235 636 1267 pauperes.
691 1222 913 1256 Vocabulum
928 1220 1110 1267 Baeflwd&

123 1276 264 1308 videtur
289 1275 483 1318 significare
507 1275 650 1307 domum
674 1274 850 1313 beneficii,
878 1285 937 1306 seu
957 1274 1108 1306 eleemo-

122 1337 246 1371 synae,
284 1333 316 1359 et
349 1332 419 1358 tota
453 1336 507 1357 res
538 1324 684 1358 mirifica
709 1325 823 1367 imago
849 1331 899 1358 est
923 1322 1108 1363 Ecclesiae,

121 1388 209 1421 quae
235 1375 376 1419 proprie
400 1381 448 1408 est
472 1377 597 1408 domus
622 1376 883 1420 eleemosynae,
908 1375 945 1407 in
964 1386 1032 1420 qua
1050 1386 1107 1408 ae—

120 1427 211 1470 groti
228 1433 396 1461 curantur
414 1426 609 1459 ministerio
627 1426 780 1460 coelesti.

302 1534 415 1584 Quod
427 1533 514 1570 haec
524 1535 674 1584 fecisset
693 1535 731 1570 in
749 1533 928 1570 Sabbalo.

219 1610 362 1655 Insigne
395 1612 593 1656 exemplum
619 1618 667 1645 est
694 1611 970 1649 calumniarum,
1005 1622 1106 1655 prae-

117 1669 241 1697 texunt
272 1661 394 1695 Iudaei
424 1663 506 1695 odio
531 1660 662 1696 Christi
694 1660 784 1694 hanc
815 1673 973 1700 causam,
1009 1663 1103 1706 quod

120 1713 305 1746 sabbatum
330 1713 447 1747 violet.
502 1712 753 1754 Quaerendum
773 1719 821 1745 est
836 1712 959 1756 igitur,
991 1724 1034 1744 an
1056 1713 1105 1745 le-

119 1775 194 1807 gem
228 1763 369 1796 violarit
401 1764 578 1802 sanando,
614 1763 695 1796 item
728 1774 772 1795 an
797 1769 936 1795 sanatus
963 1763 1105 1796 violarit

118 1814 250 1856 legem,
283 1814 449 1856 gestando
479 1814 698 1855 grabbatum.
750 1811 979 1855 Respondeo‚
1014 1825 1102 1846 neu-

116 1871 209 1898 trum
231 1863 388 1896 violasse.
440 1862 600 1896 Primum
626 1865 668 1896 de
687 1860 827 1897 Christo
848 1863 948 1906 plana
973 1870 1005 1896 et
1025 1875 1102 1906 per-

116 1915 235 1959 spicua
261 1914 416 1947 defensio
443 1921 512 1953 est,
538 1921 571 1947 et
595 1926 682 1959 quae
707 1914 857 1946 maxime
881 1914 1031 1947 declarat
1052 1915 1101 1946 le-

115 1977 190 2009 gem
215 1965 257 1997 de
284 1965 441 1999 sabbato.
494 1963 566 1997 Lex
590 1976 662 1997 non
686 1965 855 2009 praecipit
882 1964 992 1997 otium
1019 1965 1102 1997 sim-

116 2016 271 2061 pliciter,
303 2017 362 2048 sed
386 2015 557 2059 praecipit
581 2022 696 2048 sancta
723 2027 849 2059 opera,
883 2027 971 2060 quae
995 2015 1101 2048 mini-

113 2066 221 2101 sterio
245 2067 343 2099 verbi
368 2065 433 2099 Dei
459 2067 682 2109 conducunt,
707 2072 738 2099 et
764 2063 931 2114 prohibet
953 2067 1019 2098 alia
1044 2079 1102 2099 ex-

116 2124 216 2151 terna
247 2129 352 2160 opera
384 2117 557 2160 corporis,
594 2129 682 2162 quae
711 2117 910 2161 impediunt
940 2117 1102 2151 ministe-

115 2168 224 2201 rium:
257 2165 341 2201 haec
372 2167 629 2212 simplicissima
659 2174 708 2201 est
731 2165 836 2201 huius
860 2168 944 2211 legis
968 2168 1101 2212 princi-

115 2219 203 2263 palis
227 2219 409 2252 sententia.
465 2217 534 2251 lam
561 2217 625 2252 hoc
651 2231 737 2262 opus
756 2216 889 2254 Christi
913 2226 985 2252 erat
1004 2222 1100 2253 testi-

113 2270 273 2303 monium
304 2269 493 2302 ministerii
525 2276 558 2302 et
587 2270 686 2302 verbi
709 2267 862 2308 Christi,
898 2270 985 2303 sicut
1013 2271 1101 2303 aliae

113 2321 311 2355 curationes
330 2321 366 2353 in
385 2321 530 2353 sabbato
547 2320 673 2360 sactae,
700 2327 731 2353 et
749 2321 976 2353 confirmabat
996 2321 1098 2354 fidem

111 2372 150 2405 in
165 2372 303 2412 multis,
328 2378 360 2404 et
377 2372 546 2404 excitabat
563 2384 620 2404 eos
638 2372 681 2404 ad
698 2383 813 2404 veram
830 2372 1100 2413 invocationem,

113 2421 198 2456 haec
210 2423 327 2456 omnia
343 2429 414 2455 erat
426 2422 667 2466 propriissime
680 2434 784 2466 opera
798 2423 944 2457 sabbati.
981 2422 1099 2465 Quare

113 2480 147 2508 et
168 2471 252 2507 haec
275 2474 409 2506 sanatio
433 2485 513 2506 vere
538 2474 604 2507 fuit
621 2473 756 2507 sabbati
774 2485 871 2517 opuS.
926 2473 1099 2515 Secundo,

113 2525 168 2557 lex
191 2522 329 2557 homini
350 2525 418 2557 lata
436 2531 505 2565 est,
533 2531 566 2558 et
584 2537 656 2558 non
674 2523 769 2564 Deo,
797 2531 829 2557 et
846 2531 896 2558 est
912 2524 1098 2568 disciplina

113 2572 306 2620 prohibens
331 2582 422 2609 certa
447 2587 552 2619 opera
577 2573 684 2609 huius
708 2575 857 2608 carnalis
883 2582 915 2609 et
939 2575 1098 2609 infirmae

113 2633 276 2667 naturae,
303 2638 390 2671 quae
413 2627 572 2660 serviunt
594 2627 719 2662 ventri.
773 2626 841 2661 Sed
862 2623 946 2660 haec
962 2627 1097 2661 sanatio

112 2678 202 2712 facta
238 2688 258 2711 a
282 2675 424 2711 Christo
453 2678 593 2723 proprie
625 2685 699 2712 erat
727 2689 816 2723 opus
844 2675 928 2720 Dei,
969 2678 1098 2713 sancti-

682 103 984 144 ENARRATIO
1013 104 1064 142 IN
1085 103 1271 143 EVANG.
1298 101 1513 142 IOANNIS.
1564 103 1670 141 CAP.
1699 103 1744 141 V.

2092 111 2162 145 118

1173 192 1278 225 ficans
1301 191 1409 226 istum
1437 197 1616 234 curatum,
1643 198 1675 226 et
1697 204 1825 226 novam
1850 193 1886 226 in
1912 205 1951 227 eo
1975 194 2084 229 vitam
2106 195 2163 230 in-

1172 254 1288 277 coanS.

1271 292 1325 326 De
1339 300 1458 327 sanato
1475 300 1631 337 gestante
1647 294 1868 338 grabbatum,
1895 297 1998 330 etiam
2015 309 2162 343 respon-

1170 345 1247 381 deo,
1275 356 1354 377 eum
1372 356 1445 376 non
1460 345 1578 377 fecisse
1595 353 1714 378 contra
1730 346 1853 389 legem.
1909 347 2001 390 Quia
2018 349 2072 382 lex
2088 362 2161 383 uon

1171 392 1336 437 prohibet
1363 406 1468 438 opera
1495 396 1712 429 testificantia
1737 397 1778 429 de
1803 398 2012 435 ministerio.
2065 399 2160 434 Haec

1171 445 1310 487 publica
1337 445 1481 486 gestatio
1504 445 1542 478 in
1567 446 1640 489 ipsa
1665 446 1869 481 Pentecoste
1894 456 1967 483 erat
1997 462 2084 494 opus
2108 458 2160 484 te-

1169 495 1322 528 stificans
1346 496 1389 527 de
1406 493 1566 535 Christo,
1594 508 1665 528 non
1690 497 1797 539 igitur
1816 507 1887 533 erat
1908 501 1980 544 lege
1999 499 2159 544 prohibi-

1169 552 1257 581 tum.
1310 545 1490 579 Secundo:
1519 546 1695 579 Dominus
1711 555 1759 580 est
1774 549 1865 582 filius
1884 547 2037 584 hominis
2054 555 2158 587 etiam

1168 596 1323 636 sabbati,
1352 596 1468 641 inquit
1486 595 1665 635 Christus,
1695 604 1727 630 et
1751 605 1896 633 testatur
1920 613 1954 634 se
1982 613 2084 646 supra
2104 615 2158 637 sa·-

1168 648 1382 687 cerdotium,
1411 654 1443 680 et
1469 648 1628 691 politiam
1656 648 1740 691 legis
1763 661 1853 688 esse,
1879 653 2021 686 mandat
2049 654 2157 695 igitur

1167 704 1333 743 tanquam
1359 699 1518 731 sacerdos
1541 699 1626 731 novi
1650 700 1785 733 sabbati
1809 708 1840 734 et
1861 713 1972 735 novae
1989 702 2158 737 Penteco-

1166 755 1233 782 stes
1256 749 1371 789 aliud,
1399 761 1503 794 quam
1529 752 1690 782 sacerdos
1708 749 1904 791 Leviticns,
1932 754 2038 796 igitur
2056 766 2157 788 sana-

1168 807 1240 839 tus,
1282 800 1457 843 superiori
1490 800 1636 833 domino
1671 801 1912 845 obtemperare
1945 805 2088 846 debuit,
2123 813 2157 840 et

1167 851 1308 894 quidem
1333 851 1411 884 finis
1438 852 1521 894 legis
1540 857 1572 884 et
1589 852 1751 894 politiae,
1781 850 1846 885 hoc
1866 853 1940 897 ipso
1959 857 2155 897 spectaculo

1165 901 1380 943 significatus
1404 908 1464 936 est.
1518 901 1670 935 Sanatus
1693 903 1728 935 in
1754 905 1917 944 sabbato,
1945 917 2005 938 seu
2029 906 2156 940 Pente-

1165 959 1275 992 coste,
1304 952 1338 984 id
1356 959 1426 991 est,
1452 952 1488 984 in
1507 953 1707 985 incoatione
1726 955 1809 986 novi
1828 962 1859 987 et
1878 957 2010 989 aeterni
2032 957 2155 992 Testa-

1166 1003 1292 1043 mentig
1324 1015 1395 1035 non
1421 1004 1488 1035 iam
1509 1003 1596 1036 iacet
1616 1005 1650 1036 in
1671 1004 1758 1037 lecto
1776 1016 1855 1044 suo,
1885 1006 1919 1038 id
1942 1015 2008 1047 est,
2036 1008 2072 1040 in
2091 1021 2155 1050 po-

1164 1053 1238 1086 litia
1276 1053 1398 1093 lsraiil,
1434 1054 1493 1086 sed
1526 1051 1616 1087 banc
1647 1055 1756 1098 ipsam
1790 1057 1948 1098 politiam
1974 1066 2005 1092 et
2031 1059 2154 1102 legem,

1163 1104 1324 1137 libertate
1350 1104 1493 1148 spiritus
1510 1116 1625 1137 secum
1644 1106 1776 1143 aufert,
1806 1118 1879 1139 nnn
1899 1109 2034 1151 quaerit
2051 1110 2153 1143 iusti-

1163 1155 1250 1187 ciam
1270 1155 1489 1193 ceremoniis,
1514 1155 1567 1187 vel
1584 1156 1750 1198 operibus
1766 1156 1860 1198 legis,
1886 1159 1942 1190 sed
1960 1156 2065 1193 habet
2083 1161 2151 1194 iam

1162 1205 1365 1244 sanitatem,
1391 1203 1457 1237 hoc
1483 1213 1553 1245 est,
1580 1217 1698 1238 veram
1724 1214 1756 1239 et
1784 1209 1966 1241 coelestem
1988 1210 2099 1243 lucem
2120 1219 2152 1246 et

1161 1255 1334 1288 iusticiam
1361 1255 1397 1288 in
1423 1255 1550 1289 anima.
1605 1255 1706 1289 Foris
1729 1264 1865 1297 autem,
1902 1261 2012 1293 donec
2039 1268 2088 1295 est
2113 1263 2151 1296 in

1161 1318 1327 1350 corpore,
1362 1306 1475 1339 utitur
1501 1306 1634 1349 politiis
1658 1307 1945 1355 quibuscunque,
1982 1318 2149 1358 tanquam

1160 1354 1286 1401 hospes
1302 1369 1382 1390 mox
1400 1357 1514 1390 iturus
1533 1358 1569 1390 in
1586 1358 1693 1391 vitam
1711 1365 1900 1397 aeternam.

1462 1440 1520 1477 IVe
1536 1441 1700 1490 amplius
1714 1456 1844 1490 pecces.

1261 1506 1424 1542 Christus
1446 1516 1594 1543 testatur
1612 1512 1753 1544 morbos
1777 1524 1849 1546 esse
1874 1525 2003 1557 poenas
2028 1528 2149 1559 pecca-

1158 1566 1294 1598 torum,
1323 1567 1355 1594 et
1373 1557 1535 1594 hortatur
1549 1569 1726 1601 sanatum,
1755 1570 1791 1596 ut
1807 1572 1942 1605 caveat,
1970 1579 2013 1600 ne
2031 1568 2148 1612 lapsus

1159 1612 1276 1643 denuo
1296 1618 1447 1644 accersat
1469 1612 1536 1644 sibi
1556 1623 1663 1645 novas
1681 1625 1821 1656 poenas.
1873 1616 1924 1649 Ita
1946 1616 2077 1652 Paulus
2091 1620 2147 1652 in·-

1158 1662 1234 1706 quit
1258 1662 1298 1694 ad
1317 1659 1540 1695 Corinthios:
1571 1662 1608 1696 Si
1628 1675 1690 1696 nos
1707 1664 1771 1707 ipsi
1794 1665 2044 1709 indicaremus,
2073 1682 2146 1703 non

1157 1712 1396 1745 iudicaremur
1418 1724 1437 1745 a
1464 1714 1622 1747 domino.
1677 1713 1762 1747 Item
1783 1715 1873 1749 Psal.
1894 1718 1970 1751 38.:
1998 1718 2147 1764 Propter

1156 1763 1380 1808 iniquitatem
1400 1764 1547 1807 corripis
1565 1762 1755 1800 hominem.
1809 1765 1855 1800 Et
1873 1769 2014 1812 quidem
2033 1771 2146 1804 disca-

1157 1826 1234 1846 mus
1262 1826 1391 1857 poenas
1417 1812 1520 1847 huius
1544 1815 1651 1852 vitae,
1681 1828 1768 1860 quae
1797 1825 1844 1850 est
1872 1819 1988 1853 brevis
2012 1828 2043 1854 et
2069 1834 2146 1855 mo-

1155 1871 1339 1897 mentanea
1353 1892 1361 1903 ‚
1390 1867 1547 1898 nondum
1566 1866 1762 1899 satisfacere
1781 1868 1851 1901 irae
1862 1869 1942 1910 Dei,
1970 1873 2027 1904 sed
2046 1873 2145 1915 signa

1156 1926 1229 1947 esse
1253 1915 1324 1947 irae
1344 1915 1408 1948 Dei
1436 1922 1606 1949 aeternae.
1659 1917 1838 1959 Caligula,
1866 1919 1980 1960 Nero,
2009 1923 2144 1957 etiamsi

1128 1975 1129 1983 ¹
1155 1965 1328 1999 interfecti
1360 1973 1462 2004 sunt,
1499 1973 1617 1999 tamen
1639 1965 1706 2001 hoc
1731 1970 1828 2002 brevi
1855 1973 2026 2015 supplicio
2052 1986 2142 2007 non-

1155 2017 1238 2048 dum
1263 2017 1505 2051 satisfecerunt
1531 2018 1602 2051 irae
1626 2018 1712 2059 Dei,
1747 2022 1805 2053 sed
1831 2019 1953 2055 harum
1980 2036 2142 2068 praesen-

1155 2067 1242 2100 tium
1266 2079 1458 2110 poenarum
1478 2069 1547 2102 duo
1566 2079 1647 2102 sunt
1665 2070 1760 2106 fines.
1818 2072 1916 2105 Alter
1936 2081 2003 2114 est,
2031 2082 2069 2108 ut
2086 2088 2142 2110 sa-

1155 2118 1290 2150 nabiles
1316 2119 1488 2151 admoniti
1514 2127 1545 2153 et
1563 2121 1634 2153 suis
1650 2128 1682 2155 et
1701 2122 1824 2155 alienis
1844 2124 1986 2169 poenis,
2013 2138 2141 2159 vocen-

1155 2175 1212 2202 tur
1236 2169 1277 2201 ad
1304 2170 1567 2211 poenitentiam.
1636 2171 1682 2204 Hi
1709 2173 1801 2204 enim
1828 2174 2030 2217 intelligunt
2058 2174 2142 2212 haec

1154 2219 1323 2263 supplicia
1359 2232 1431 2253 csse
1463 2222 1559 2263 signa
1591 2229 1752 2255 aeternae
1783 2224 1854 2256 irae
1880 2227 2045 2260 adversus
2070 2240 2141 2270 eOS,

1154 2271 1213 2316 qui
1241 2283 1315 2304 non
1340 2273 1583 2307 emendantur.
1646 2272 1727 2305 Ideo
1753 2275 1921 2317 scriptum
1950 2284 2014 2311 est:
2049 2277 2140 2312 Cum

1154 2322 1369 2361 iudicamur,
1403 2334 1421 2354 a
1452 2323 1598 2356 domino
1630 2324 1861 2366 corripimur,
1896 2339 1939 2359 ne
1969 2341 2048 2361 cum
2074 2328 2141 2363 hoc

1153 2374 1288 2405 mundo
1312 2374 1532 2408 damnemur.
1602 2372 1686 2406 Item
1712 2373 1855 2417 Apocal.
1872 2378 1924 2411 3.:
1952 2377 2027 2421 Ego
2052 2393 2139 2425 quos

1152 2424 1280 2466 diligo,
1308 2435 1415 2467 arguo
1442 2431 1474 2457 et
1500 2424 1639 2466 castigo.
1692 2425 1794 2459 Alter
1819 2428 1898 2460 finis
1925 2436 1992 2469 est,
2021 2438 2059 2464 ut
2082 2431 2139 2464 in-

1152 2475 1328 2507 sanabiles
1357 2476 1599 2512 coerceantur,
1636 2476 1875 2519 reprimantur
1897 2487 1929 2513 et
1956 2481 2137 2519 tollantur.

1154 2525 1236 2558 Ideo
1261 2526 1298 2558 in
1316 2525 1406 2558 Psal.
1428 2526 1488 2561 32.
1512 2525 1657 2559 dicitur:
1687 2526 1727 2560 ln
1752 2526 1875 2562 chamo
1898 2537 1930 2564 et
1947 2531 2046 2565 freno
2062 2544 2137 2566 ma-

1151 2577 1252 2610 xillas
1277 2588 1397 2610 eorum
1425 2577 1643 2620 constringe,
1668 2578 1728 2623 qui
1751 2590 1823 2612 non
1842 2582 2013 2616 accedunt
2031 2584 2072 2615 ad
2093 2590 2137 2624 te,

1152 2627 1189 2660 id
1227 2633 1296 2667 est,
1337 2624 1492 2660 humana
1523 2634 1648 2661 natura
1679 2635 1730 2662 est
1758 2638 1902 2665 onerata
1932 2632 2136 2675 ingentibus

1151 2677 1348 2717 aerumnis,
1382 2684 1421 2711 ut
1447 2679 1667 2744 contumacia
1690 2682 1899 2720 coerceatur.
1964 2681 2012 2721 Et
2033 2683 2136 2718 Salo-
