2415 2942
104 95 202 130 1037
366 93 466 129 Xttt.
522 95 556 130 3.
585 92 882 131 ENARRAUO
910 94 1066 130 EPIST.
1095 88 1243 125 PAULI
1270 89 1336 126 AD
1364 90 1624 131 ROMANOS.
1681 94 1784 132 CAP.
1811 96 1890 134 XV.
2046 99 2142 133 1038

1153 175 1259 209 coelis
1289 184 1357 213 est.
1395 178 1430 211 id
1457 186 1525 220 est,
1568 193 1647 214 vera
1679 181 1758 224 lux,
1801 195 1869 228 qua
1901 184 2017 217 Deum
2045 191 2136 217 recte

1149 228 1370 269 agnoscimus
1390 236 1422 262 et
1442 238 1532 265 recte
1552 232 1773 272 invocamus,
1802 234 1954 268 incoatio
1978 235 2133 268 iusticiae

1147 283 1178 309 et
1203 277 1294 310 vitae
1325 288 1485 314 aeternae
1516 289 1598 316 sunt
1630 296 1682 316 res
1707 284 1891 323 coelestes,
1932 297 1994 318 nec
2021 286 2132 329 impe-

1145 327 1264 367 diunt,
1292 341 1364 372 quo
1388 332 1505 364 minus
1529 345 1675 376 corpora
1699 334 1735 367 in
1757 332 1820 368 hac
1845 336 1914 369 vita
1931 337 2056 371 sintin
2075 337 2131 369 di-

1143 379 1252 410 versis
1276 380 1421 422 politiis.

1243 427 1382 463 Citatur
1399 439 1513 465 autem
1531 434 1663 468 dictum
1675 433 1798 468 Esaiae
1815 436 1963 470 maxime
1980 437 2128 479 insigne,

99 193 178 213 cero
200 190 384 222 oppressus
421 179 543 212 dolore
561 181 641 214 facit
666 181 957 214 contra'rrodesti
974 195 1015 213 »m
1035 189 1098 216 etc.

101 232 257 265 Socrates
284 230 344 262 etsi
373 230 459 263 soris
487 238 537 264 est
563 232 745 274 placidus,
776 239 830 263 tan
850 244 892 264 en
925 233 971 265 in*
991 235 1094 265 corde

100 280 203 314 habet
222 280 337 313 tristes
356 281 516 314 fremitus
530 309 538 322 ,
564 290 596 316 et
614 283 741 315 fluctus
762 283 783 314 d
803 283 965 316 tlu‘tation
984 297 1029 316 im
1050 287 1093 316 de

101 332 337 376 providentia.

200 390 267 424 Sed
296 391 462 433 patientia
478 388 678 423 Christiana
704 397 754 423 est
779 391 924 423 obedire
946 391 1018 425 Deo
1049 391 1084 423 in

97 442 270 480 adversis,
305 453 392 485 quae
411 441 504 473 Deus
530 441 624 474 iubet
646 443 755 480 ferre,
790 449 823 474 et
844 454 979 485 semper
1006 440 1088 474 huie

99 493 318 527 obedientiae
339 492 441 524 mixta
466 499 515 524 est
537 503 613 534 spes
638 492 758 524 auxilii
785 492 897 524 (livini
918 505 977 525 seu
995 494 1084 524 fidu·
1111 477 1115 538 ἶ
1141 480 1235 523 ‘lumi
1264 487 1297 513 et
1322 492 1494 515 summam
1533 485 1715 517 docu'nffle
1742 484 1925 529 Evangehl
1954 496 2126 527 (ὊΠῙΗΙΕῘ,

99 546 150 577 cia
171 543 386 588 praesentiae
404 542 561 579 divinae,
592 549 625 575 et
650 554 726 584 spes
746 543 985 581 liberationis,
1017 556 1082 587 qua
1109 542 1113 583 l

1109 585 1112 595 t

1109 599 1111 606 t

96 607 155 636 spe
186 601 337 627 erectum
370 605 429 625 cor
463 594 612 625 laetatur
646 593 764 636 aliquo
795 596 899 626 modo
932 595 966 625 in
993 595 1082 626 Deo.
1108 615 1112 643 3

96 644 190 678 Haec
215 643 345 676 laetitia
374 656 445 675 non
475 649 524 675 est
559 643 594 675 in
627 641 873 686 philosophica
904 646 1082 687 patientia,
1107 646 1111 681 ξ

96 709 184 740 qnae
210 703 257 727 est
287 694 387 736 plena
412 694 573 726 fremitus
599 694 635 725 in
663 698 787 735 corde,
825 696 960 727 etiamsi
995 696 1080 727 foris
1107 684 1110 735 l

95 758 167 780 non
185 746 281 778 addit
302 745 449 787 tragicos
468 751 593 787 gestus.

196 805 266 837 lam
297 805 427 846 cogita,
467 803 608 848 quantis
639 804 915 845 calamitatibus,
959 805 1079 844 morti,

92 857 245 894 morbis,
281 855 441 897 inopine,
476 854 567 887 odiis
594 861 826 899 tyrannorum
853 863 884 888 et
915 853 1079 901 hypocri-

93 917 226 945 tarum,
264 905 477 938 factionibus
511 905 864 939 venenatissimurum
895 906 1078 950 Sophis'ta-

92 971 187 998 rum,
216 957 326 990 exiliis
352 956 556 993 calunnius,
585 957 785 1000 suppliciis,
815 958 899 1002 quid
924 964 1079 1002 opponat

90 1009 239 1046 Paulus,
270 1007 430 1040 videlicet
450 1006 649 1050 scripturas.

194 1067 260 1101 Hie
291 1067 408 1100 rident
440 1079 511 1099 uon
537 1066 650 1099 solum
683 1066 844 1111 tyranni,
884 1069 944 1100 sed
972 1068 1076 1101 etiam

91 1119 369 1158 Stenkefeldius,
395 1125 427 1150 et
446 1117 577 1149 similes
596 1115 845 1151 enthusiastae.
887 1118 981 1151 Num
999 1119 1077 1152 lite-

91 1173 139 1205 ris
162 1178 195 1204 et
212 1170 357 1205 svllabis
383 1175 550 1206 mortem,
589 1169 747 1206 morbos,
790 1177 980 1213 tyrannos,
1017 1177 1077 1202 aut

89 1210 261 1266 supplicia
280 1220 379 1253 tolles
397 1227 455 1252 aut
473 1218 605 1251 lenies?
641 1218 870 1261 Respontleo:
893 1218 973 1252 Non
992 1217 1075 1252 haec

89 1273 264 1314 intelligas
299 1271 429 1313 magice
457 1271 499 1302 de
525 1269 661 1311 liguris,
698 1272 757 1301 sed
785 1271 827 1302 de
862 1271 1073 1313 cogitatione

88 1322 194 1357 huius
214 1322 323 1366 ipsius
340 1320 451 1360 verbi,
481 1321 516 1352 in
536 1333 605 1364 quo
624 1332 658 1352 se
674 1320 770 1353 Deus
788 1321 960 1363 patefecit,
978 1323 1072 1365 quod

90 1375 203 1407 voluit
223 1373 332 1405 literis
352 1371 530 1410 mandari,
560 1371 595 1402 in
622 1371 721 1403 cuius
745 1371 956 1413 cogitatione
981 1372 1074 1404 filius

87 1425 158 1459 Dei
176 1423 282 1457 simul
301 1424 412 1462 adest,
441 1429 473 1455 et
494 1422 580 1454 dicit
600 1421 878 1455 consolationem
908 1423 944 1455 in
968 1424 1073 1454 corde

87 1475 280 1513 credentis,
309 1481 340 1506 et
366 1473 522 1506 accendit
550 1472 671 1511 fidem,
697 1484 812 1514 spem,
848 1472 1014 1505 laetitiam
1040 1479 1072 1504 et

86 1525 357 1560 invocationem.
444 1522 628 1555 Vincimus
662 1521 770 1563 igitur
807 1522 967 1555 vincente
998 1522 1072 1555 filio

86 1577 153 1611 Dei
178 1576 295 1617 agnito
322 1586 383 1616 per
407 1573 576 1614 verbum,
610 1572 688 1604 ideo
714 1572 750 1604 in
775 1571 903 1608 Psalm.
926 1573 1071 1606 dieitur:

87 1626 264 1662 Sustinuit
283 1624 398 1657 anima
417 1635 490 1655 mea
512 1623 547 1654 in
567 1623 673 1654 verbo
694 1623 785 1662 eius,
813 1622 976 1665 Speravit
994 1624 1070 1656 ani-

84 1692 138 1711 ma
158 1690 231 1709 mea
249 1676 284 1708 in
300 1674 466 1708 Domino.
524 1672 629 1712 Item,
651 1671 781 1706 Psaltn.
804 1674 904 1708 118.:
933 1674 1066 1719 Lique-

83 1731 171 1763 sacta
197 1734 246 1760 est
270 1726 386 1759 anima
418 1737 491 1756 mea
524 1723 560 1756 in
590 1724 775 1765 angustia,
815 1725 984 1758 confirma
1016 1737 1070 1757 me

85 1781 192 1813 verbo
218 1785 292 1811 tuo.
362 1775 420 1809 Sic
455 1775 637 1816 coniungit
661 1773 792 1813 Paulus
823 1776 1013 1819 scripturas
1038 1783 1071 1809 et

83 1832 197 1876 spem,
231 1837 268 1862 ut
295 1828 467 1865 sciamus,
512 1837 575 1858 nos
601 1838 618 1857 a
645 1826 827 1869 scripturis
858 1827 1070 1869 cogitatione

84 1881 202 1920 verbi,
232 1880 268 1912 in
287 1891 356 1923 qno
375 1889 410 1910 se
428 1875 523 1909 Deus
542 1876 720 1918 patefecit,
749 1877 875 1910 deduci
895 1880 936 1910 ad
955 1877 1069 1918 ipsum

82 1932 216 1971 Deum,
244 1942 346 1974 quem
364 1940 439 1971 spes
458 1928 616 1960 intuetur
633 1928 790 1969 agnitum
812 1929 931 1962 verbo.
974 1927 1069 1961 Haec

82 1990 153 2017 tota
178 1981 337 2014 doctrina
362 1980 397 2012 fit
431 1978 606 2012 illustrior
637 1978 673 2010 in
708 1979 798 2011 veris
828 1979 1013 2013 doloribus
1038 1987 1070 2013 et

82 2046 163 2067 vera
181 2032 416 2065 invocatione.

104 2132 195 2168 Ideo
220 2130 396 2165 assumite
420 2142 499 2171 νος,
533 2129 625 2163 sicul
649 2135 679 2164 et
703 2125 878 2166 Christus
902 2144 1047 2166 assum-

500 2181 548 2214 sit
572 2194 650 2218 nos.

181 2251 372 2287 Conclusio
394 2257 443 2283 est
469 2250 726 2283 admonitionis
751 2251 793 2283 de
820 2263 885 2285 usu
912 2264 1068 2285 ceremo-

82 2307 240 2343 niarum,
266 2311 298 2335 et
315 2304 358 2334 de
377 2301 576 2333 concordia.
629 2300 767 2334 Rursus
791 2310 906 2335 autem
925 2305 1066 2335 addun—

82 2365 140 2391 tur
158 2353 354 2390 testimonia·
376 2354 418 2384 de
437 2353 620 2385 vocatione
641 2351 834 2393 Gentium,
861 2361 898 2386 ut
923 2361 955 2386 et
979 2366 1066 2386 con-

82 2408 171 2441 versi
198 2418 236 2438 ex
261 2404 438 2438 Gentibus
464 2403 737 2443 confirmentur,
785 2411 816 2436 et
845 2402 963 2437 ludaei
992 2412 1066 2437 stu-

80 2458 214 2492 diosius
231 2457 380 2497 cogitent
398 2459 440 2486 de
459 2466 565 2497 regno
585 2452 716 2487 Christi
730 2482 737 2494 ‚
767 2454 887 2488 Sciant
905 2467 974 2488 non
994 2467 1065 2488 esse

81 2509 241 2553 politiam
267 2506 474 2544 Mosnismn,
509 2507 568 2538 sed
595 2506 702 2538 alium
728 2517 895 2548 regumn,
934 2507 970 2539 in
994 2519 1063 2550 quo

80 2562 171 2594 bona
197 2565 334 2591 aeterna
358 2557 580 2589 credentibus
606 2557 859 2594 restituuntur,
896 2557 969 2590 sive
992 2558 1062 2590 sint

79 2613 116 2644 in
137 2609 269 2654 politiis
295 2605 462 2646 vthnicis,
490 2608 562 2640 sive
582 2608 616 2640 in
639 2607 793 2640 hlosaica
812 2608 948 2651 politia,
973 2608 1060 2641 sicut

78 2663 122 2696 ad
147 2659 390 2705 Philippenses
420 2658 573 2692 dicitur:
600 2656 804 2703 πολίτευμα
833 2667 993 2693 nostrum
1024 2659 1060 2692 in

1138 537 1169 562 et
1197 530 1439 565 testimonium
1473 542 1522 568 est
1551 536 1593 568 de
1624 536 1783 579 passione
1809 545 1841 571 et
1870 539 2124 572 resurrectione

1135 577 1280 616 Christi.

1135 662 1188 696 Et
1205 663 1270 697 erit
1288 663 1356 697 illo
1375 663 1432 698 die
1448 666 1564 701 radit·
1580 666 1722 710 lassae,
1751 684 1844 718 quae
1860 672 1993 712 stabit,
2024 679 2060 705 ul
2075 673 2123 706 sit

1133 714 1282 759 signum
1305 715 1472 763 populls,
1501 717 1556 751 ad
1579 731 1657 752 eam
1677 718 1810 755 Gentes
1831 724 2066 771 confugient,
2093 728 2123 756 el

1397 767 1462 800 erit
1484 770 1623 816 requies
1644 770 1721 805 eius
1741 772 1880 818 gloria.

1234 833 1366 867 Paulus
1392 837 1500 870 sumit
1523 839 1646 878 verba,
1678 847 1714 874 ut
1741 841 1905 882 leguntur
1928 843 1964 875 in
1987 842 2120 877 Graeca

1132 883 1442 927 interpretatione,
1496 901 1582 932 quae
1608 890 1669 922 illo
1696 898 1851 936 tempore
1885 894 2009 927 usitata
2042 894 2119 930 fuit.

1132 932 1231 967 Nihil
1250 944 1365 969 autem
1384 938 1555 982 discrepat
1573 943 1766 975 sententia:
1793 941 1969 987 Erigetur,
1995 951 2034 977 ut
2053 945 2119 977 im-

1133 994 1229 1029 peret
1249 985 1446 1031 Gentibus,
1465 993 1501 1022 in
1521 1002 1561 1023 eo
1580 990 1712 1025 Gentes
1729 996 1931 1037 sperabunt.
1982 993 2115 1028 Eadem

1132 1037 1225 1068 enim
1244 1045 1343 1076 sunt,
1380 1051 1452 1072 esse
1472 1041 1636 1074 vexillum
1656 1045 1798 1086 populi,
1828 1053 1860 1079 et
1883 1058 1954 1079 esse
1980 1047 2116 1079 ducem.

1130 1085 1198 1121 Hie
1222 1088 1376 1131 primum
1405 1097 1565 1124 teneatur
1587 1094 1759 1129 definitio.

1231 1137 1395 1182 Regnum
1415 1139 1567 1183 Christi,
1595 1151 1643 1176 est
1662 1145 1772 1178 filium
1792 1145 1857 1179 Dei
1883 1148 2026 1181 missum
2045 1159 2116 1181 esse

1128 1189 1172 1221 ad
1190 1186 1384 1223 Ecclesiam
1404 1191 1523 1232 initio,
1553 1194 1686 1236 prolata
1710 1198 1962 1240 promissione,
1991 1205 2023 1232 et
2041 1199 2115 1231 col-

1129 1240 1236 1282 ligere
1262 1252 1302 1273 ae
1324 1253 1464 1275 servare
1487 1242 1698 1286 Ecclesiam,
1746 1255 1777 1280 et
1802 1249 1930 1282 deinde
1955 1250 2115 1282 adsumta

1128 1287 1282 1322 humana
1313 1299 1438 1325 natura
1477 1302 1553 1337 post
1591 1298 1883 1331 resurrectionem
1922 1301 2112 1333 exaltatum

1127 1352 1217 1378 esse,
1252 1348 1284 1373 et
1310 1342 1378 1374 ian]
1411 1340 1500 1376 hanc
1524 1357 1734 1388 personam,
1773 1361 1862 1393 quae
1886 1358 1936 1384 est
1957 1349 2052 1383 Deus
2080 1357 2114 1384 et

1125 1389 1262 1430 Homo,
1301 1402 1439 1425 servare
1464 1399 1496 1426 et
1522 1396 1704 1430 restituere
1729 1399 1966 1434 ministerium
1992 1400 2113 1434 Evan-

1125 1440 1228 1483 gelii,
1254 1448 1286 1473 et
1303 1442 1466 1485 colligere
1485 1457 1523 1477 ac
1542 1446 1718 1481 vivificare
1736 1448 1928 1484 Ecclesiam
1949 1453 2057 1485 verbo
2077 1459 2111 1485 et

1126 1492 1208 1523 dato
1233 1491 1369 1534 Spiritu
1394 1503 1532 1535 sanem,
1568 1504 1600 1530 et
1625 1506 1807 1542 protegere
1835 1513 1910 1534 eam
1935 1502 2110 1536 mirabili-

1127 1549 1178 1574 ter
1196 1549 1316 1575 contra
1343 1544 1505 1578 diabolos
1528 1553 1559 1579 et
1582 1554 1769 1592 tyrannos,
1796 1558 1828 1584 et
1847 1559 1923 1595 post
1942 1550 2032 1586 hanc
2057 1553 2111 1585 vi-

1125 1599 1195 1625 tam
1224 1594 1429 1628 resuscitare
1448 1608 1543 1637 ear-n,
1580 1605 1612 1631 et
1637 1601 1721 1633 dare
1746 1609 1923 1635 aeternam
1949 1604 2110 1637 salutem.

1124 1641 1224 1685 Quae
1248 1645 1433 1685 beneficia,
1463 1659 1664 1694 quanquam
1689 1659 1771 1685 sunt
1789 1653 1944 1686 actiones
1968 1655 2111 1688 divinae

1123 1701 1290 1735 naturae,
1326 1702 1443 1730 tamen
1471 1698 1559 1733 fiunt
1584 1713 1602 1732 a
1630 1701 1702 1733 filio
1728 1703 1763 1735 in
1790 1711 1912 1737 natura
1938 1707 2110 1745 adsumta,

1125 1752 1157 1777 et
1189 1752 1271 1778 sunt
1295 1746 1363 1778 iam
1389 1749 1543 1782 actiones
1569 1763 1772 1786 communes
1799 1752 1904 1788 huius
1931 1768 2112 1798 personae,

1122 1807 1211 1839 qnae
1235 1803 1284 1829 est
1303 1796 1397 1830 lesus
1413 1798 1595 1842 Christus,
1630 1803 1720 1836 sicut
1739 1811 1769 1837 et
1790 1806 1902 1847 prima
1922 1807 2107 1849 promissio

1122 1845 1252 1891 iuquit:
1280 1846 1407 1881 Semen
1427 1851 1584 1884 mulieris
1599 1855 1821 1889 conculcabit
1845 1865 1947 1900 caput
1964 1864 2108 1900 serpenss

1122 1897 1177 1931 tis.
1231 1896 1277 1931 Et
1294 1901 1336 1931 ad
1356 1898 1562 1935 Corinthios
1582 1903 1698 1949 inquit
1719 1905 1865 1940 Paulus:
1892 1907 1992 1941 Mors
2010 1909 2106 1942 dele-

1122 1948 1219 1981 bitur
1245 1961 1304 1990 per
1331 1947 1511 1984 hominem
1537 1952 1731 1990 Christum.

1223 1998 1281 2032 Sic
1300 2001 1402 2033 etiam
1424 2004 1628 2038 nominatur
1647 2015 1751 2050 caput
1770 2006 1961 2051 Ecclesiae,
1985 2010 2105 2044 omnia

1122 2049 1158 2081 in
1181 2050 1349 2084 omnibus
1376 2054 1556 2095 perficiens
1619 2056 1694 2090 Etsi
1722 2060 1814 2092 enim
1840 2061 2026 2094 vivificatio
2055 2069 2105 2095 est

1122 2102 1261 2144 propria
1287 2103 1428 2136 divinae
1450 2112 1616 2147 naturae,
1647 2115 1761 2142 tamen
1785 2111 1821 2143 fit
1839 2125 1854 2143 a
1877 2112 1948 2144 filio
1975 2112 2010 2144 in
2040 2125 2105 2145 na—

1120 2159 1197 2185 tura
1223 2155 1395 2190 adsumta,
1462 2154 1513 2188 lta
1537 2156 1623 2190 haec
1651 2171 1800 2203 persona
1827 2169 1876 2195 est
1903 2171 2006 2206 caput
2037 2161 2105 2196 Ec-

1120 2203 1253 2238 clesiae.

1226 2255 1319 2287 {dem
1342 2263 1457 2290 autem
1486 2271 1651 2303 regnum,
1692 2265 1786 2308 quod
1810 2265 2014 2297 nominatur
2032 2264 2106 2299 Re-

1119 2316 1227 2347 gnum
1248 2306 1333 2344 Dei,
1362 2308 1444 2341 item
1464 2309 1627 2351 Regnum
1649 2322 1827 2346 aeternum
1845 2314 1995 2353 Christi,
2014 2315 2107 2349 Pau-

1119 2357 1172 2388 lus
1196 2357 1241 2389 ita
1268 2358 1436 2393 discernit
1460 2366 1500 2393 ad
1525 2363 1754 2402 Corinthios,
1781 2378 1859 2398 cnm
1880 2367 1942 2399 ait:
1973 2366 2105 2400 Tradet

1117 2418 1262 2449 regnum
1288 2408 1362 2442 Deo
1389 2419 1420 2443 et
1448 2414 1549 2454 patri.
1614 2414 1663 2448 Ut
1688 2416 1926 2459 intelligamus
1957 2429 2103 2461 regnum

1117 2458 1209 2490 idem
1229 2471 1320 2498 esse,
1349 2463 1407 2493 sed
1429 2466 1572 2495 modum
1593 2465 1748 2500 differre.

1218 2508 1256 2542 ln
1284 2508 1347 2543 hac
1365 2512 1434 2544 vita
1463 2514 1594 2546 dicitur
1620 2517 1760 2559 proprie
1787 2529 1932 2560 regnum
1951 2518 2105 2553 Christi:

1114 2560 1195 2604 quia
1231 2573 1292 2603 per
1317 2562 1551 2596 ministerium
1582 2563 1765 2609 Evangelii
1795 2568 1888 2602 Dens
1913 2571 2030 2603 efficax
2057 2579 2107 2604 est

1114 2612 1314 2644 immediate
1342 2625 1402 2655 per
1428 2611 1517 2646 lime
1542 2620 1732 2650 secundam
1766 2631 1972 2662 personam,
2017 2634 2105 2665 quae

1111 2669 1160 2695 est
1188 2660 1315 2708 λόγος,
1353 2676 1441 2707 quae
1467 2665 1669 2701 immediate
1696 2671 1842 2712 protulit
1869 2670 2104 2715 Evangelium
