2415 2942
277 91 345 124 771

279 178 450 211 aliorum,
479 173 538 217 qui
564 172 743 206 affirmant
767 169 879 205 Deum
907 171 1129 217 proposuisse
1156 179 1267 205 aeter-

280 239 339 259 nas
358 235 485 269 pot-tias
509 224 634 266 impiis.

380 273 519 307 Omitto
552 274 659 316 igitur
690 273 964 316 disputationem
999 273 1035 306 in
1061 273 1270 316 praesentia.

280 326 436 359 llisileae
454 325 488 356 in
511 325 646 370 synodo
670 322 907 358 exbibuerunt
925 322 1051 356 Graeci
1072 325 1268 357 orationem

281 380 323 409 de
343 375 564 420 purgatorio,
593 387 682 420 quae
702 373 808 408 bodie
825 382 914 410 extat
940 375 976 407 in
997 372 1188 407 Phorceusi
1215 375 1269 407 bi—

283 425 478 467 hliotlieca,
496 427 615 470 inqua
635 427 677 458 de
696 426 771 459 loco
792 426 890 459 Pauli
912 428 941 461 l.
957 423 1121 460 Corinth.
1139 426 1175 460 3.
1196 426 1269 459 dis-

283 484 422 515 serunt,
457 489 559 521 quern
587 478 629 509 ad
657 477 896 519 purgatorium
923 477 1071 510 detorsit
1097 484 1188 509 aetas
1215 489 1269 508 re-

285 529 436 565 centior,
471 540 547 560 cum
573 534 710 560 constet
737 540 814 560 eum
840 528 953 560 lorum
987 528 1029 560 de
1055 527 1270 571 poenitentia

454 577 677 617 salvabitur,
711 579 759 611 sic
790 585 904 611 tamen
928 578 1026 622 quasi
1059 579 1271 621 perignem.

286 628 377 671 lflrgo
399 629 472 661 vult
492 630 624 671 lapsum
647 629 861 671 poenitentia
889 629 1028 670 corrigi.

287 680 459 723 praesenti
486 680 555 712 vita
581 679 759 723 loquitur,
798 680 832 711 iu
857 692 923 723 qua
949 680 1043 711 locus
1076 686 1125 711 est
1148 678 1271 722 poeni-

287 731 426 764 tentiae.
480 729 640 762 Profecto
665 742 785 762 verum
810 737 860 762 est
884 730 977 773 quod
1003 729 1149 761 dicitur:
1178 728 1272 762 Sim-

290 782 365 823 plex
382 787 430 812 est
450 780 606 813 veritatis
629 780 754 814 oratio.
806 778 895 812 Cum
925 778 1054 812 Paulus
1080 780 1123 812 de
1148 779 1273 823 poeni-

289 831 396 863 tentia
426 831 608 874 loquatur,
643 842 715 862 non
738 836 851 876 potest
878 827 934 862 bic
955 830 1052 863 locus
1071 830 1273 875 detorqueri

288 883 330 914 ad
352 881 523 913 crin-iatus
542 888 617 923 post
634 888 793 913 mortem.

391 932 443 963 De
470 931 545 963 loco
569 932 605 962 in
625 930 843 963 Maccabaeis
872 938 920 963 est
946 931 1050 964 etiam
1071 931 1273 974 planissima

289 982 485 1023 responsio:
518 980 654 1014 Veritas
675 993 791 1014 rerum
812 982 991 1014 erroribus
1008 990 1182 1024 gestorum
1201 993 1273 1014 non

289 1033 450 1070 xitiatur,
483 1032 598 1076 inquit
633 1031 918 1065 Iurisconsultus.
987 1031 1033 1065 Et
1065 1030 1274 1066 Demosthe-

288 1094 350 1115 nes
373 1089 493 1115 contra
518 1083 757 1116 Aristocraten
782 1081 1043 1125 reprebendens
1067 1083 1189 1116 vitiosa
1215 1095 1275 1115 ex*

289 1130 681 1177 empla,inquit:u17
706 1130 752 1177 δὴ
784 1131 875 1177 ηιιῖι
901 1136 1012 1167 τοῦτο
1041 1133 1121 1167 ἐᾶτε
1145 1131 1275 1181 λέγειν,

290 1181 338 1221 ui,
371 1181 427 1230 7¹}ae
428 1196 540 1223 Ηοιεν,
583 1182 656 1217 ἀλλ’
680 1183 754 1217 ἐστι
787 1182 932 1218 δίκαιον
964 1183 1151 1231 γενέσθαι.
1210 1184 1274 1218 Sa—

291 1234 395 1266 crifici
403 1250 417 1265 a
435 1234 462 1267 l
467 1234 589 1267 evitica
616 1246 688 1267 non
711 1235 875 1268 delebant
894 1243 1028 1278 pecc-vta
1051 1248 1168 1268 coram
1185 1236 1275 1276 Deo,

292 1285 418 1316 deinde
435 1285 531 1317 nulla
550 1297 614 1329 pro
631 1286 780 1319 mortuis
800 1285 957 1319 instituta
974 1286 1129 1319 fuerunt.
1180 1285 1274 1328 Ergo

292 1336 358 1367 suit
377 1347 474 1367 error
490 1336 682 1368 sacrificare
709 1348 772 1378 pro
800 1346 1020 1368 mortuorum
1040 1336 1207 1380 peccatis,
1237 1344 1273 1369 ut

295 1385 414 1418 ludaei
434 1386 519 1417 alios
544 1387 689 1419 vitiosos
707 1387 821 1419 cultus
836 1397 936 1429 saepe
953 1393 1169 1429 receperunt.
1203 1386 1274 1418 Na-

291 1443 367 1469 tura
395 1436 487 1467 enim
516 1434 699 1468 hominum
730 1438 771 1469 ad
798 1436 1082 1479 superstitionem
1102 1448 1274 1480 propensa

292 1494 340 1519 est
366 1487 530 1519 omnibus
553 1487 734 1520 aetatibus.
791 1485 873 1519 Ideo
901 1499 979 1520 cum
1007 1487 1202 1530 exemplum
1230 1488 1275 1519 il-

293 1537 350 1569 lud
372 1543 498 1579 pugnet
516 1549 594 1569 cum
618 1537 818 1580 scripturiS,
855 1549 926 1569 non
950 1544 998 1570 est
1025 1537 1205 1571 citandum
1231 1538 1273 1570 ad

292 1588 549 1620 rotnlrmaudas
583 1587 848 1631 superstitiones
881 1587 917 1619 in
951 1585 1119 1621 Ecclesia.
1180 1586 1275 1620 Haec

292 1638 362 1669 fere
379 1644 460 1670 suut
477 1638 678 1681 praecipua,
713 1650 801 1682 quae
826 1639 868 1670 de
893 1638 1095 1681 purgatorio
1113 1638 1275 1671 citantur.

292 1689 374 1720 Ideo
394 1696 508 1721 autem
527 1685 618 1721 hanc
636 1689 909 1732 disputationem
931 1689 1080 1729 inserui,
1107 1696 1146 1723 ut
1168 1689 1276 1731 magis

293 1745 456 1781 appareat
483 1739 616 1781 lapsum
637 1738 820 1782 Gregorii,
847 1739 908 1783 qui
934 1739 1153 1772 confirmavit
1177 1740 1276 1772 obla-

293 1790 422 1821 tionem
450 1801 513 1832 pro
533 1790 679 1823 mortuis
705 1797 823 1835 aperte
856 1802 935 1823 cum
959 1790 1159 1834 apostolicis
1191 1791 1276 1823 scri—

294 1847 405 1882 pun-is
424 1851 589 1882 pugnare.

397 1889 502 1932 Quod
528 1903 606 1924 cum
634 1891 679 1924 ita
705 1891 764 1932 sit,
792 1891 893 1924 etiam
910 1888 1034 1924 Canon
1054 1889 1202 1931 Missae,
1237 1897 1275 1924 ut

295 1947 457 1978 vocatur,
486 1939 798 1985 reprehendendus
816 1949 884 1982 est,
912 1942 949 1974 in
967 1954 1038 1986 quo
1056 1942 1186 1975 dicitur
1202 1941 1274 1974 fieri

295 1991 427 2023 obluit»
445 1993 486 2023 ad
511 1992 735 2024 redimendos
759 1992 858 2025 vivos
884 1998 918 2025 et
944 1999 1113 2026 mortuos.
1176 1991 1276 2035 Quae

295 2042 359 2073 fnit
378 2042 519 2074 audacia
537 2042 800 2076 Sacramentum
825 2043 1012 2075 transferre
1035 2044 1077 2075 ad
1096 2043 1276 2076 mortuos?

294 2104 370 2123 cmn
391 2092 564 2125 institutio
584 2099 652 2126 tam
675 2093 765 2125 clare
783 2094 825 2125 de
840 2092 947 2130 vivis,
971 2093 1014 2125 de
1030 2093 1274 2126 recordatione

295 2143 470 2186 loquatur.
538 2142 731 2186 Gregorius
767 2143 888 2176 scribit
919 2140 1015 2175 hunc
1053 2155 1222 2175 canonem
1255 2155 1273 2175 a

295 2194 445 2236 quodam
464 2191 688 2234 scholastico,
715 2200 753 2226 ut
777 2193 851 2236 ipse
870 2205 948 2225 eum
969 2194 1150 2234 nominat,
1177 2206 1273 2226 com-

294 2244 445 2284 positum
465 2256 546 2279 esse.
599 2244 667 2278 Sed
691 2244 851 2288 quisquis
868 2243 935 2276 suit
953 2251 1073 2282 autor,
1102 2244 1162 2288 qui
1183 2241 1273 2276 hane

292 2293 514 2336 rhapsodiam
547 2296 736 2338 congessit,
776 2295 865 2327 illud
899 2295 1018 2336 negari
1048 2306 1120 2327 non
1147 2301 1272 2337 potest,

291 2344 474 2377 dissentire
492 2344 657 2378 Latinum
684 2357 853 2378 canonem
880 2344 925 2377 ab
957 2351 1106 2390 utroque
1125 2345 1272 2385 Graeco,

290 2406 487 2437 quanquam
516 2408 578 2428 nec
604 2395 729 2429 Graeci
760 2407 911 2428 canones
938 2395 1029 2428 intcr
1059 2407 1094 2428 se
1123 2408 1271 2429 consen-

289 2444 401 2481 tiunt,
429 2452 459 2477 et
476 2446 645 2480 differunt
668 2447 703 2478 in
727 2446 811 2479 locis
829 2446 1039 2489 insignibus.

389 2493 567 2528 Hactenus
591 2498 634 2529 de
667 2496 840 2540 Gregorio
871 2496 964 2534 dixi,
1007 2509 1070 2529 nec
1104 2497 1183 2529 volo
1218 2508 1271 2529 se-

288 2545 471 2588 quentium
501 2547 697 2579 seculorum
734 2547 920 2591 scriptores
957 2548 1120 2582 adiicere.
1181 2546 1268 2580 Nam

287 2595 448 2628 doctrina
482 2596 590 2637 magis
616 2598 839 2639 degeneravit
861 2604 991 2640 postea.
1059 2597 1214 2631 Accessit
1238 2604 1270 2630 et

285 2645 488 2687 pontificum
510 2647 690 2691 tyrannis,
726 2659 804 2680 cum
842 2646 1038 2691 Gregorius
1065 2646 1181 2682 adbuc
1207 2660 1269 2692 ap-

287 579 392 622 loqui.

871 85 995 120 rull„
1020 83 1138 120 MEL.
1165 85 1372 121 SCRIPTA
1398 82 1705 123 EXEGETmM

2224 88 2299 122 772

1295 168 1546 216 :pellationem
1588 169 1798 203 universalis
1828 167 2004 216 „Episcopi
2039 171 2220 217 repudiet,
2267 183 2306 205 ac

1321 220 1630 305 valdeZituperet,
1658 226 1698 254 ut
1709 226 1890 264 *testantur
1913 222 2049 268 aliquot
2065 222 2245 268 Epistolae
2268 223 2305 256 in

1320 271 1413 304 libro
1455 297 1462 306 .

1424 330 1566 364 Possem
1585 329 1736 363 adiicere
1748 330 1906 375 querelas
1922 330 2132 374 scriptorum
2149 338 2305 366 veterum

1322 382 1363 414 de
1385 379 1641 425 Episcoporum
1668 380 1938 425 cupiditatibus,
1972 388 2005 415 et
2036 381 2190 424 inscitia,
2218 394 2307 428 quae

1322 432 1350 464 si
1368 430 1459 464 nibil
1478 432 1596 472 aliud,
1624 439 1742 465 tamen
1765 429 1831 464 boc
1847 438 2011 473 monent,
2038 429 2229 465 Ecclesiam
2245 445 2307 465 ne-

1322 494 1497 527 quaquam
1530 483 1571 514 ad
1608 482 1809 526 exemplum
1838 488 1869 515 et
1900 481 2013 515 ideam
2037 482 2111 515 eius
2141 483 2309 526 temporis

1323 534 1605 566 constituendam
1630 544 1712 565 esse.
1772 532 1842 566 Sed
1867 533 1904 565 in
1927 532 2141 579 Apocalypsi
2166 532 2310 566 loannis

1102 628 1116 659 )
1297 606 1298 616 2
1323 591 1572 627 proponuntur
1589 584 1763 616 terribiles
1788 583 1973 626 imagines,
2000 595 2089 628 quae
2112 584 2310 627 significant

1084 629 1202 670 (Luare
1228 629 1271 660 de
1297 628 1298 635 ¹

1325 633 1417 667 haud
1437 634 1545 667 dubie
1562 633 1737 667 Ecclesiae
1755 642 1929 678 tempora,
1955 640 1987 668 et
2004 635 2196 669 ostendunt
2213 645 2309 677 gras-

1325 691 1460 718 saturos
1475 685 1590 717 statim
1611 685 1647 717 in
1666 684 1820 718 Ecclesia
1847 685 1974 728 impios
1997 685 2175 726 doctores,
2199 696 2239 718 ac
2255 691 2310 730 ty-

1324 736 1466 769 rannica
1485 735 1728 769 dominatione
1744 747 1972 779 oppressuros
1992 735 2185 769 veritatem.

1425 793 1626 827 Monstrant
1650 802 1683 828 et
1707 796 1924 840 synodorum
1949 792 2140 836 historiae,
2176 802 2308 840 quanta

1325 844 1361 877 in
1381 842 1563 888 Episcopis
1582 845 1743 888 plurimis
1768 846 1880 878 rabies
1903 845 2027 884 suerit,
2055 845 2116 891 qui
2138 847 2180 879 ad
2208 852 2310 879 tuen—

1326 897 1405 928 dam
1425 895 1640 939 impietatem
1658 896 1756 929 miris
1772 897 1905 929 artibus
1921 896 2155 930 incenderunt
2170 895 2309 929 Princi-

1328 957 1386 989 pes
1404 953 1436 979 et
1454 946 1596 988 vulgus,
1625 958 1766 988 prorsus
1787 953 1825 979 ut
1849 958 1944 979 nunc
1961 945 2147 980 Pontifices
2172 953 2205 980 et
2221 944 2312 990 Epi-

1326 997 1420 1040 scopi
1439 997 1604 1028 omnibus
1623 997 1778 1029 artificiis
1802 1008 1922 1039 regum
1939 997 2075 1030 animos
2097 999 2140 1030 ad
2162 1008 2311 1030 moven-

1326 1048 1410 1080 dum
1428 1047 1530 1079 civile
1549 1047 1680 1079 bellum
1696 1047 1841 1080 incitare
1858 1054 2040 1083 conantur,

1428 1104 1578 1138 Basilius
1595 1105 1633 1137 in
1651 1105 1718 1138 fine
1735 1105 1818 1138 libri
1838 1106 1881 1137 de
1899 1104 2035 1148 Spiritu
2053 1108 2190 1146 sancto‘,
2204 1117 2309 1151 quam

1328 1157 1457 1199 tragica
1477 1156 1617 1201 querela
1640 1156 1799 1200 deplorat
1815 1154 2072 1200 Episcoporum
2097 1156 2150 1189 sui
2174 1163 2310 1200 tempo-

1327 1208 1376 1240 ris
1393 1208 1545 1240 surorem
1573 1213 1607 1240 et
1629 1206 1863 1249 impietatam,
1886 1213 2005 1239 narrat
2030 1206 2262 1240 seditionibus
2279 1213 2313 1240 et

1327 1258 1492 1291 caedibus
1511 1257 1630 1301 quaeri
1648 1258 1885 1290 defensionem
1907 1257 2079 1290 malorum
2095 1258 2310 1300 dogmatum.

1327 1307 1373 1341 Et
1395 1310 1437 1340 ad
1468 1308 1604 1341 italicos
1633 1320 1671 1340 ac
1697 1306 1855 1341 Gallicos
1879 1305 2074 1351 Episcopos
2101 1308 2147 1340 ita
2172 1308 2309 1342 scribit:

1328 1357 1374 1392 ἀι
1377 1370 1617 1403 ατετραπται
1617 1354 1684 1391 ιιὲν
1696 1356 1770 1404 γὰρ
1787 1356 1832 1391 τὰ
1850 1359 1914 1402 τῆς
1925 1355 2111 1402 εὐσεβείας
2126 1354 2309 1404 δόγματα,

1328 1407 1573 1455 συγκίχυνται
1594 1405 1634 1441 δὲ
1652 1406 1838 1453 εὐσεβείας
1862 1405 2017 1451 flammi,
2052 1405 2241 1453 φιλαρχίαι
2268 1405 2308 1442 δὲ

1326 1461 1402 1493 τῶν
1417 1457 1468 1504 ιιι)
1487 1454 1743 1505 φοβουιιιμιων
1758 1457 1824 1492 τὸν
1838 1455 1967 1504 κύριον
1977 1458 2056 1495 ταῖς
2071 1456 2312 1503 προστασίαις

1328 1508 1548 1554 ε”πιπηὸώσῃ
1577 1507 1639 1543 καὶ
1656 1509 1695 1542 ἐκ
1711 1512 1777 1542 τοῦ
1795 1510 2013 1554 προφανοῦς
2036 1505 2163 1541 lomim
2188 1505 2310 1542 ἆθλόν

1327 1557 1564 1604 δυσσεβείας,
1596 1572 1618 1602 η
1646 1556 1823 1603 προεδρία
1855 1555 2061 1603 πρόκειται,
2090 1568 2185 1591 ωστε
2220 1555 2240 1592 ὅ
2262 1556 2308 1592 τὰ

1323 1608 1560 1654 χαλεπώτερα
1588 1605 1881 1670 βλαὶσφηιιήσας,
1917 1608 1965 1646 εἷς
1998 1606 2196 1643 ἐπίσκοπον
2218 1610 2310 1644 λαοῦ

1327 1657 1616 1718 προῑιιιώτερος,
1635 1659 1769 1703 οἴχεται
1787 1657 1964 1703 ommi-[125
1986 1656 2165 1704 ἱερατικὴ,
2196 1658 2307 1693 ἐπιλε-

1328 1710 1497 1745 λοίπασιν
1515 1710 1548 1744 οὶ
1566 1707 1824 1753 ποιιιαίνοντες
1836 1707 1928 1755 ιιετὰ
1953 1706 2148 1754 ἐπιστήμης
2169 1708 2211 1744 τὸ
2227 1708 2309 1745 ποί-

1327 1774 1378 1806 ιιι
1381 1775 1438 1796 ιον
1458 1763 1524 1795 τοῦ
1540 1773 1685 1804 Λυριου,

1432 1820 1469 1854 ld
1491 1827 1558 1861 est,
1585 1819 1714 1853 Eversa
1733 1826 1813 1852 sunt
1838 1819 1994 1852 veritatis
2016 1819 2199 1861 dogmata,
2223 1832 2310 1854 con-

1327 1873 1422 1906 susae
1438 1872 1529 1914 leges
1550 1871 1703 1914 pietatis,
1721 1870 1867 1903 ambitio
1888 1881 1959 1902 non
1977 1869 2176 1902 timentium
2192 1869 2306 1904 Deum

1328 1923 1416 1966 rapit
1435 1922 1724 1965 gubernationem
1748 1920 2003 1960 Ecclesiarum,
2033 1931 2096 1952 nec
2119 1921 2234 1954 aditus
2257 1929 2308 1955 est

1328 1974 1370 2006 ad
1397 1971 1549 2006 honores
1570 1972 1637 2004 nisi
1670 1983 1731 2014 per
1758 1971 1991 2014 impietatem,
2025 1977 2064 2003 ut
2086 1971 2234 2016 quisque
2257 1980 2307 2005 est

1327 2023 1588 2057 rabiosissimus
1608 2029 1641 2055 et
1657 2022 1907 2054 audacissimus
1925 2022 1959 2053 in
1980 2022 2174 2054 lacerandis
2193 2023 2258 2065 piis
2274 2030 2307 2057 et

1328 2075 1418 2107 veris
1451 2073 1691 2116 dogmatibus,
1733 2072 1779 2104 ita
1811 2072 1960 2104 maxime
1991 2072 2118 2114 dignus
2139 2070 2305 2117 Episcopi

1328 2123 1463 2158 honore
1496 2124 1682 2156 iudicatur.
1752 2122 1859 2155 Periit
1887 2123 2038 2164 gravitas
2067 2125 2307 2158 sacerdotibus

1326 2175 1558 2214 conveniens,
1586 2175 1712 2206 desunt
1735 2181 1906 2216 pastores,
1936 2174 1995 2218 qui
2013 2174 2212 2206 eruditione
2227 2186 2304 2217 gre-

1325 2238 1400 2269 gem
1416 2224 1561 2258 Domini
1581 2230 1732 2267 pascant.

1427 2284 1485 2318 Sic
1523 2284 1582 2315 ille
1610 2284 1664 2316 sui
1707 2282 1873 2326 temporis
1904 2280 2097 2325 Episcopos
2135 2283 2305 2327 depingit,

1325 2347 1474 2381 quorum
1507 2334 1601 2368 vitiis
1625 2333 1799 2368 recentior
1819 2341 1910 2366 aetas
1935 2333 2072 2365 addidit
2096 2332 2242 2377 imperia
2271 2343 2305 2369 et

1325 2386 1538 2433 tyrannides.

1423 2446 1512 2480 Cum
1546 2445 1654 2487 igitur
1677 2449 1811 2476 constet
1834 2442 1930 2475 illam
1963 2448 2108 2475 aetatem
2132 2454 2203 2476 non
2227 2443 2303 2477 sine

1324 2497 1420 2531 vitiis
1443 2507 1530 2536 esse,
1556 2495 1819 2527 concedendum
1837 2500 1885 2526 est
1902 2492 2093 2533 Ecclesiae,
2120 2500 2155 2526 ut
2175 2495 2216 2527 de
2237 2495 2301 2527 do—

1326 2548 1436 2581 ctrina
1463 2546 1621 2579 consulat
1638 2545 1783 2576 verbum
1806 2543 1888 2584 Dei,
1924 2543 2011 2577 sicut
2031 2552 2127 2585 pater
2143 2544 2300 2578 coelestis

1323 2598 1508 2641 praecipit,
1534 2603 1573 2630 ut
1596 2596 1707 2628 filium
1730 2595 1933 2634 audiamus,
1970 2601 2006 2627 et
2031 2593 2145 2628 David
2169 2594 2298 2639 inquit:

1321 2647 1480 2682 Lucerna
1500 2647 1648 2690 pedibus
1664 2646 1748 2678 meis
1766 2646 1910 2679 verbum
1928 2651 2039 2678 tuum.
