2415 2942
138 70 237 106 1515
374 68 473 104 XIII.

136 163 170 190 et
195 162 246 190 est
270 155 396 189 fiducia
422 155 647 202 acquiescens
670 156 706 190 in
731 158 926 191 mediatore
950 164 983 191 et
1001 157 1038 190 in
1055 154 1130 190 Deo

136 208 232 240 iuxta
253 207 543 250 promissionem,
570 216 603 242 et
622 209 794 241 clamans:
817 208 920 243 Abba
946 208 1058 242 Pater.

239 257 279 290 ln
308 255 372 291 hac
398 259 559 292 doctrina
585 271 724 293 necesse
748 266 799 293 est
817 267 849 294 et
868 267 959 293 recte
976 259 1128 302 intelligi
1153 273 1156 318 j
1183 259 1274 291 clare
1300 259 1410 298 dicat,
1446 257 1573 293 Roma.
1591 259 1644 300 3.‚

892 310 1056 350 Gratiae,
1085 312 1128 343 de
1153 324 1155 327 ·

138 309 309 342 vocabula
334 308 454 353 Legis,
479 308 685 354 Evangelii,
707 309 863 352 Peccati,

135 360 267 405 quibus
286 360 370 394 alibi
388 362 520 394 dictum
539 369 608 401 est,
628 362 800 395 enarratis
818 363 1016 407 vocabulis,
1045 374 1126 406 pro—

135 411 264 454 positio
287 412 323 444 fit
348 412 552 456 perspicua:
595 420 628 447 et
653 425 728 446 eam
753 415 1060 447 accommodemus
1081 414 1124 446 ad

134 473 199 496 nos
231 463 409 496 docendos
451 470 483 497 et
507 465 742 497 consolandos
769 464 804 497 in
831 465 1036 505 doloribus,
1092 471 1125 498 et

133 513 293 558 quotidie
311 514 347 546 in
365 514 608 548 invocatione:
638 527 709 548 non
736 523 880 559 propter
901 517 972 549 ulla
1001 516 1123 549 merita

133 573 273 606 nostra,
301 566 362 598 sed
387 573 530 610 propter
555 566 668 600 filium
691 565 757 599 Dei
788 566 926 607 Gratis,
952 575 1046 601 certo
1067 579 1122 600 ac-

130 616 281 659 cipimus
310 617 552 650 remissionem
581 624 820 661 peccatorum,
861 626 890 651 et
917 613 1150 661 reputamur!

131 666 233 707 iusti,
269 668 437 711 imputata
462 669 566 701 nobis
594 669 729 702 iusticia
756 670 978 709 mediatoris,
1007 677 1038 703 et
1058 671 1121 702 do-
1146 645 1149 696 l

130 730 258 751 namur
279 719 414 763 Spiritu
441 727 576 757 sancto,
611 727 644 753 et
671 717 885 753 haereditate
904 723 993 753 vitae
1011 728 1121 754 aeter-

130 781 216 810 nae,
246 769 351 811 Fide,
379 771 413 803 id
434 778 502 811 est,
529 772 654 804 fiducia
681 772 896 807 mediatoris.
953 771 995 806 Et
1021 785 1120 805 man—

128 822 251 854 datum
276 820 340 854 Dei
367 822 552 855 immotum
577 831 608 855 et
634 830 817 856 aeternum
842 830 911 863 est,
935 831 974 857 ut
998 824 1118 856 creda-

130 884 206 904 mus
222 884 301 905 vere
319 885 383 905 nos
400 874 448 906 sic
473 874 582 918 recipi
607 881 637 906 et
666 874 803 918 placere
829 882 971 918 propter
996 875 1119 912 filium,

127 930 165 956 ut
188 920 359 957 Iohannis
375 924 411 958 3.
431 925 578 959 dicitur:
610 925 668 958 Sic
685 926 808 958 dilexit
824 923 919 958 Deus
934 927 1119 965 mnndum,

126 980 164 1007 ut
186 975 299 1007 filium
324 987 426 1009 suum
452 976 673 1019 unigenitum
698 978 815 1017 daret,
853 984 889 1010 ut
914 977 1030 1009 omnis
1058 977 1117 1022 qui

126 1026 237 1059 credit
254 1026 290 1058 in
308 1039 403 1068 eum,
420 1039 493 1059 non
511 1036 643 1070 pereat,
662 1029 720 1060 sed
739 1026 861 1061 haheat
882 1029 987 1060 vitam
1006 1035 1118 1061 aeter-
1143 1009 1147 1067 l

127 1088 221 1112 nam.
276 1077 328 1110 Ac
358 1078 427 1110 sint
457 1079 493 1111 in
521 1086 709 1122 conspectu
742 1079 940 1111 testimonia
974 1089 1118 1120 caetera,
1143 1077 1146 1103 Ι

125 1127 252 1162 Roma.
278 1129 314 1162 3.
339 1136 371 1162 et
394 1129 428 1163 4.
457 1137 487 1163 et
513 1130 620 1169 alibi,
663 1143 734 1162 non
762 1131 876 1163 solum
904 1137 937 1164 ut
968 1132 1118 1163 refutare

123 1179 345 1212 adversarios
380 1182 574 1225 possimus,
619 1183 676 1213 sed
708 1182 818 1215 multo
848 1182 957 1224 magis
988 1189 1025 1215 ut
1055 1194 1117 1214 nos

124 1230 218 1273 ipsos
238 1232 464 1265 consolemur
480 1239 512 1266 et
529 1233 790 1266 confirmemus.
847 1232 1117 1265 Meminerimus

121 1282 225 1314 etiarn
254 1283 359 1315 simul
385 1281 470 1316 haec
496 1292 649 1328 quatuor
673 1281 947 1327 comprehendi,
976 1283 1118 1318 Remis-

121 1333 256 1366 sionem
282 1341 525 1378 peccatorum,
553 1336 821 1378 imputationem
845 1334 1023 1376 iusticiae‚
1054 1338 1114 1368 do-

120 1385 301 1418 nationem
329 1384 483 1430 Spiritus
507 1387 636 1426 sancti,
688 1392 718 1419 et
746 1383 998 1418 haereditatem
1027 1387 1116 1418 xime

121 1443 296 1470 aeternae.

222 1485 420 1521 Antithesis
446 1488 550 1521 etiam
577 1488 844 1527 consideretur,
889 1488 923 1519 iu
951 1500 1017 1532 qua
1044 1489 1114 1520 duo

120 1545 204 1571 sunt
219 1539 404 1581 praecipua
424 1541 593 1574 membra.
650 1539 809 1572 Primum
832 1537 996 1571 monachi
1020 1540 1112 1571 voci-

121 1592 300 1627 serantur,
339 1587 501 1622 homines
529 1591 653 1622 mereri
684 1591 946 1629 remissionem,
985 1596 1016 1622 et
1043 1602 1115 1622 esse

121 1643 231 1673 iustos
250 1648 281 1673 et
299 1640 422 1672 mereri
442 1640 546 1673 vitam
575 1647 751 1673 aeternam
773 1648 915 1682 propter
937 1641 1112 1683 propriam

121 1691 206 1734 legis
246 1691 503 1737 impletionem.
571 1689 727 1727 Deinde,
771 1691 851 1735 quia
889 1702 992 1723 nemo
1037 1691 1111 1728 scit,

121 1743 263 1788 quando
290 1743 371 1774 satis
401 1740 522 1774 liabent
550 1742 773 1777 meritorum
803 1741 925 1773 iubent
952 1739 1113 1775 homines

784 1791 859 1824 Hie
880 1793 998 1824 duae
991 1806 1080 1830 mugi
1087 1794 1111 1824 i-

119 1806 257 1837 semper
276 1806 307 1825 m
313 1805 418 1825 ‹·1ue1e
440 1793 474 1825 in
494 1793 728 1826 dubitatione.
1138 1814 1141 1863 Ι

119 1846 280 1878 nationes
305 1853 386 1878 sunt
417 1844 596 1881 ethnica-2,
635 1851 731 1876 ortae
760 1855 798 1875 ex
825 1841 977 1875 liumzmni
1006 1845 1107 1877 r1tio

118 1896 314 1935 contione,
342 1909 400 1940 qu
394 1908 430 1927 *e
453 1904 633 1939 utcunque
658 1895 765 1936 legem
788 1894 962 1935 intlutur,
991 1902 1023 1928 et
1041 1908 1111 1928 non

118 1948 215 1982 novit
251 1946 391 1989 Evange
397 1947 500 1979 lium:
546 1947 634 1980 sicut
663 1946 844 1985 Socrates,
891 1944 1112 1989 Xenophon

119 2007 152 2032 et
187 1999 318 2032 similes
346 2001 388 2031 de
419 1999 599 2032 vzoluntite
634 1998 702 2030 Dei
738 1997 856 2040 ·2mbig
846 2003 955 2029 entes
991 1998 1112 2042 dispu-

1136 2162 1140 2255 l

118 2058 248 2084 terunt.

218 2101 246 2134 (J
250 2108 349 2133 outra
370 2113 452 2133 vero
473 2105 699 2144 opponantur
715 2097 769 2132 liis
789 2100 942 2132 tenebris
971 2101 1112 2134 concio-

119 2166 180 2187 nes
204 2151 258 2186 Ev
262 2152 389 2195 ingelii
414 2153 457 2183 de
483 2163 522 2193 gr
526 2151 632 2184 ¹ituita
662 2151 946 2184 ieconciliatione
972 2159 1113 2194 propter

118 2206 252 2243 filium,
294 2211 327 2236 et
360 2205 403 2235 de
430 2203 515 2244 fide,
560 2209 592 2235 et
618 2201 767 2235 sciamus
806 2203 1008 2240 mandatum
1047 2202 1111 2236 Dei

120 2269 213 2297 esse,
256 2262 294 2289 ut
320 2255 502 2288 credamus
528 2266 590 2287 nos
623 2253 671 2286 sic
696 2254 803 2298 recipi
832 2261 973 2296 propttr
1000 2255 1110 2286 filium

121 2309 207 2347 fide,
248 2315 281 2340 et
303 2307 440 2340 assidue
467 2317 705 2349 repugnemus
732 2305 962 2339 dubitationi.
1016 2305 1112 2339 Hauc

120 2335 304 2393 antiihesis
341 2357 544 2390 iunioribus
584 2356 719 2400 aliquid
757 2356 846 2389 lucis
881 2358 1003 2390 adfert.
1064 2356 1139 2398 Hi:

119 2410 373 2456 praemonendi
393 2416 472 2441 sunt
490 2409 593 2441 etiam
615 2408 657 2440 de
676 2408 897 2450 corruptelis.

222 2458 392 2494 Monaclii
423 2460 471 2492 sic
500 2466 736 2502 corruperunt
772 2457 862 2492 lianc
898 2460 1113 2502 propositio-

121 2526 214 2554 nem,
233 2511 320 2545 Fide
338 2510 729 2550 iustiticamur‚>scilicet
747 2511 1111 2551 formatadilectione,

119 2578 158 2598 ac
187 2565 290 2596 fidem
318 2563 521 2605 intelligunt
553 2568 689 2594 tantum
725 2562 914 2601 noticiam,
957 2569 990 2595 et
1019 2574 1112 2595 som-

121 2617 221 2649 niant
247 2613 429 2647 hominem
455 2614 585 2646 iustum
614 2624 686 2645 esse
707 2621 850 2657 propter
872 2613 1110 2652 dilectionem,

120 2669 155 2700 id
183 2672 251 2706 est,
280 2665 365 2707 legis
391 2664 649 2707 impletionem.
704 2663 798 2698 Haec
825 2665 1028 2708 depravatio
1054 2678 1111 2698 ex·
1135 2653 1141 2697 l

182 2720 361 2750 Mmax‘rn.
391 2717 494 2749 Orsa.
537 2717 619 2747 Vm..
645 2716 723 2749 XV.

525 69 560 104 7.
586 67 889 106 ENARRA-TIO
916 69 1070 106 EPIST.
1097 66 1300 104 PRIORIS
1335 65 1403 103 AD
1431 66 1761 105 TIMOTHEUM.
1813 69 1916 109 CAP.
1945 71 1974 108 1.

2090 78 2184 114 1314

1186 167 1303 200 presse
1319 162 1452 200 pugnat
1472 168 1550 189 cum
1574 154 1704 197 Paulo,
1731 157 1814 202 quia
1833 157 1972 194 dicunt:
2002 159 2080 194 Non
2100 163 2179 203 fide,

1185 209 1243 241 sed
1268 215 1412 252 propter
1435 207 1661 242 dilectionem
1680 220 1802 242 sumus
1820 209 1921 248 iusti,
1949 223 2027 245 cum
2046 212 2178 249 Paulus

1684 258 1799 296 Galat.
1816 262 1851 297 2.
1870 268 1903 296 et
1920 263 1971 297 3.:
2009 263 2177 308 Impossi-

1182 310 1254 343 bile
1276 317 1326 343 est
1345 310 1411 352 legi
1431 310 1630 345 iustificare.
1684 310 1760 344 Etsi
1783 319 1899 346 autem
1924 314 1983 346 alii
2010 315 2098 349 alios
2117 318 2174 351 fu—

1180 373 1238 393 cos
1262 362 1451 394 verborum
1478 361 1747 406 quaesiverunt,
1789 370 1906 397 tamen
1940 367 2063 399 eodem
2096 377 2173 402 ten—

1181 413 1269 446 dunt
1294 424 1416 446 omnes
1438 412 1676 456 corruptelae:
1711 413 1847 457 fingunt
1876 427 1940 449 nos
1963 417 2073 451 iustos
2099 431 2171 452 esse

1179 471 1297 497 nostra
1317 463 1491 503 novitate,
1519 471 1551 497 et
1571 471 1753 498 removent
1770 463 1861 498 hanc
1879 468 2170 511 consolationem,

1179 527 1241 547 nos
1269 521 1411 558 propter
1436 514 1548 547 flium
1583 513 1647 547 Dei
1675 514 1796 549 Gritis
1821 515 1896 550 Deo
1929 519 2065 562 placere
2094 522 2167 554 fide

1176 565 1339 600 Resutari
1374 565 1483 609 igitur
1516 577 1638 598 ornnes
1673 568 1892 610 corruptelae
1927 579 2071 612 possunt
2108 585 2171 616 per

1178 615 1262 650 haec
1293 617 1404 655 dicta,
1443 616 1583 649 Psalmo
1612 616 1711 651 143.:
1751 616 1831 651 Non
1855 618 2105 655 iustificabitur
2130 624 2166 656 in

1176 676 1363 712 conspectu
1384 675 1445 702 tuo
1463 668 1579 700 omnis
1600 669 1732 702 vix-,ens
1800 668 1846 702 Et
1865 669 2002 707 Daniel.
2021 671 2054 708 9.
2074 685 2166 717 cap.:

1176 719 1257 753 Non
1290 721 1326 752 in
1353 719 1489 752 iusticia
1517 726 1656 759 nostra,
1699 721 1756 751 sed
1794 732 1856 764 per
1886 721 2165 757 misericordiam

1174 777 1269 803 tuam
1306 778 1449 815 propter
1482 768 1676 803 Dominum
1714 771 1879 804 exaudias
1927 784 2002 808 nos.
2068 773 2166 816 Item,

1175 822 1205 855 1.
1222 820 1382 856 Corinth.
1400 822 1453 856 4.:
1493 819 1593 854 Nihil
1617 819 1704 854 mihi
1730 822 1893 855 conscius
1917 834 2012 863 sum,
2042 827 2101 858 sed
2128 827 2165 859 in

1175 871 1240 906 hoc
1258 886 1329 906 non
1347 873 1538 906 iusificatus
1560 885 1648 908 sum.

1275 924 1484 968 Corruptela
1513 925 1604 966 apud
1632 921 1825 967 Origenem
1853 924 1980 960 similis
2012 934 2059 961 est
2088 940 2165 962 cor-

1174 976 1333 1020 ruptelae
1357 977 1448 1020 apud
1475 972 1677 1008 monachos.

1275 1026 1410 1060 Recens
1435 1027 1640 1070 depravatio
1664 1034 1732 1065 est,
1768 1026 1835 1060 fide
1859 1028 1992 1062 scilicet
2015 1042 2163 1074 praepa-

1173 1086 1272 1111 rante
1297 1079 1546 1116 iusfificamur,
1575 1085 1613 1111 ut
1637 1078 1765 1110 deinde
1788 1079 1856 1111 alia
1882 1091 1918 1112 re
1941 1080 2050 1113 simus
2070 1081 2161 1120 iusti,

1172 1139 1207 1163 nt
1228 1130 1255 1163 si
1274 1130 1423 1171 dicatur,
1449 1129 1571 1162 Motus
1590 1129 1768 1171 calefacit,
1798 1137 1915 1173 postea
1936 1143 2018 1164 vero
2037 1145 2163 1176 corpus

1174 1194 1243 1214 non
1268 1181 1356 1214 calet
1383 1188 1499 1218 motu,
1528 1181 1585 1213 sed
1612 1181 1738 1216 calore.
1792 1180 1851 1215 Sic
1867 1182 1991 1215 volunt
2015 1183 2071 1216 isti
2100 1197 2161 1227 po—

1171 1240 1239 1266 stea
1260 1230 1440 1265 hominem
1465 1244 1524 1265 sua
1545 1232 1699 1264 novitate
1720 1232 1848 1265 iustum
1867 1244 1949 1268 esse,
2005 1233 2160 1278 Oppono

1172 1295 1293 1316 rursus
1312 1284 1443 1316 dictum
1464 1283 1552 1315 illud
1565 1310 1572 1323 ,
1600 1282 1680 1315 Non
1698 1283 1944 1316 iustificabitur
1962 1285 1998 1316 in
2015 1297 2162 1329 conspe-

1171 1341 1226 1367 ctu
1246 1341 1306 1367 tuo
1326 1334 1443 1366 omnis
1459 1335 1593 1368 vivens,
1643 1332 1749 1374 Item,
1776 1333 1937 1368 Retineri
1956 1347 2094 1368 necesse
2112 1345 2161 1369 est

1172 1383 1262 1417 lianc
1287 1386 1517 1422 sententiam,
1546 1386 1640 1429 quod
1667 1385 1902 1429 imputatione
1928 1394 2070 1429 propter
2091 1400 2161 1419 me-

1171 1438 1341 1469 diatorem
1367 1437 1474 1469 sirmis
1504 1436 1595 1468 iusti.
1653 1436 1704 1469 Ac
1736 1436 1860 1469 tollere
1892 1438 2088 1471 doctrinam
2119 1441 2161 1470 de

1172 1488 1423 1531 inmutatione,
1460 1494 1490 1519 et
1519 1499 1580 1529 pru
1607 1499 1643 1518 ea
1674 1487 1847 1519 subiicere
1872 1485 1967 1521 hunc
1993 1501 2161 1527 errorem,

1170 1540 1262 1582 quod
1286 1536 1390 1570 homo
1409 1550 1467 1570 sua
1489 1538 1644 1569 novitate
1663 1538 1729 1569 iam
1749 1539 1791 1570 sit
1814 1538 1942 1578 iustus,
1977 1541 2159 1572 manifesta

1171 1590 1330 1631 impietas
1356 1596 1404 1622 est
1432 1601 1592 1631 pugnans
1617 1601 1695 1620 cum
1723 1586 1787 1620 hnc
1812 1590 1924 1629 (licto,
1953 1588 2080 1625 Genes.
2103 1590 2161 1626 15.

1170 1648 1197 1672 et
1215 1639 1340 1673 Roma.
1357 1639 1380 1674 4
1402 1653 1408 1673 :
1438 1639 1595 1672 Credidit
1618 1637 1798 1672 Abi-aliam
1827 1639 1919 1681 Deo,
1948 1648 1981 1673 et
2007 1642 2160 1686 imputa-

1169 1701 1242 1724 tum
1269 1698 1318 1723 est
1346 1691 1375 1722 ei
1403 1693 1443 1723 ad
1470 1690 1656 1724 iusticiam.

1272 1741 1342 1774 Nec
1361 1742 1420 1774 illa
1440 1742 1644 1784 imaginatio
1665 1742 1828 1785 congruit
1849 1754 1929 1775 cum
1954 1741 2162 1787 Evangelio,

1169 1794 1261 1838 quod
1282 1789 1389 1825 homo
1407 1794 1450 1826 sit
1469 1794 1580 1836 iustus
1602 1800 1745 1836 propter
1767 1794 2054 1826 commixtionem
2081 1807 2159 1828 cor-

1170 1845 1323 1889 poralem
1351 1842 1483 1877 Christi
1508 1857 1586 1876 cum
1619 1844 1734 1877 anima
1762 1845 1817 1878 vel
1842 1857 1988 1888 corpore
2027 1854 2158 1885 nostro,

1169 1898 1249 1941 qnia
1279 1895 1420 1939 proprie
1443 1897 1486 1929 de
1505 1895 1641 1939 Spiritu
1662 1902 1782 1928 sancto
1806 1896 1939 1928 dictum
1967 1904 2033 1933 est,
2062 1900 2157 1941 quod

1170 1948 1373 1980 (sfundatur
1391 1947 1425 1979 in
1445 1948 1550 1980 corda
1570 1954 1707 1987 nostra,
1734 1954 1766 1980 et
1786 1947 1829 1980 sit
1853 1947 2056 1980 immediata
2082 1961 2159 1991 per-

1168 2011 1251 2032 sona
1286 1998 1525 2037 sanctificans,
1561 2005 1600 2031 ut
1632 1998 1668 2030 in
1697 1996 1793 2031 Actis
1817 1998 1929 2042 capite
1953 2000 1986 2033 2.
2014 2000 2159 2032 dicitur:

1169 2049 1296 2083 Dextra
1337 2050 1404 2082 Dei
1449 2049 1636 2089 exaltatus,
1675 2050 1850 2093 accipiens
1887 2050 2157 2093 promissionem

1168 2101 1321 2144 Spiritus
1347 2101 1456 2133 sancti
1483 2114 1500 2133 a
1526 2108 1641 2143 patre,
1677 2100 1802 2134 effudit
1827 2113 1906 2133 eum
1933 2102 1968 2133 in
1999 2114 2072 2134 nos.
2117 2101 2160 2135 Et

1171 2152 1285 2186 Galat.
1309 2151 1363 2187 4.:
1394 2151 1496 2186 Misit
1520 2151 1614 2186 Deus
1638 2151 1804 2195 spiritum
1831 2151 1895 2184 filii
1915 2152 1969 2185 sui
1992 2152 2027 2184 in
2055 2154 2160 2186 corda

1168 2211 1300 2237 nostra.

1269 2255 1425 2288 Difficile
1451 2262 1500 2288 est
1526 2255 1683 2287 iudicare
1712 2251 1954 2299 labyrinthos,
1999 2255 2057 2299 qui
2090 2263 2159 2288 tam

1168 2307 1262 2339 varie
1291 2313 1480 2340 struuntur
1514 2313 1635 2339 contra
1665 2305 1870 2346 veritatem,
1918 2307 1977 2338 sed
2004 2306 2161 2339 iuniores

1169 2365 1257 2391 recte
1277 2359 1410 2390 discant
1426 2358 1657 2391 fundamenta
1676 2363 1819 2400 propter
1837 2357 1985 2399 gloriam
2002 2356 2087 2400 Dei,
2129 2365 2161 2390 et

1169 2416 1311 2453 propter
1337 2410 1515 2453 propriam
1545 2409 1707 2443 salutem.
1767 2406 1877 2441 Recte
1906 2409 2054 2451 cognitis
2078 2409 2161 2441 fun-

1167 2461 1360 2498 damentis,
1411 2473 1489 2493 cum
1516 2461 1655 2493 accedet
1688 2466 1779 2493 aetas
1805 2466 1838 2492 et
1862 2470 1964 2500 usus,
2008 2460 2161 2492 refutare

1168 2512 1361 2545 contrarias
1381 2511 1653 2555 imaginationes
1672 2517 1849 2553 poterunt,
1901 2508 1948 2543 Et
1965 2523 2052 2555 quae
2069 2510 2160 2541 dixi-

1169 2576 1245 2596 mus
1271 2570 1475 2605 congruunt
1504 2563 1545 2594 ad
1572 2562 1770 2596 doctrinam
1799 2562 1841 2593 de
1865 2559 2159 2603 Regeneratioue.

1169 2615 1259 2647 Cum
1284 2615 1378 2647 enim
1398 2614 1434 2646 in
1451 2615 1541 2646 veris
1560 2614 1749 2657 pavoribus
1773 2613 1878 2644 corda
1899 2624 1981 2643 voce
1999 2610 2160 2654 Evange-

1168 2667 1206 2698 lii
1226 2672 1486 2704 sustentantur,
1511 2664 1665 2710 Spiritus
1683 2670 1820 2696 sanctus
1836 2663 1939 2695 simul
1960 2670 2009 2695 est
2027 2662 2160 2700 efficax,

1280 2716 1327 2750 83
