2415 2942
88 115 160 152 241
487 112 569 148 XII.

90 214 170 242 νια,
197 201 233 234 id
251 206 311 241 est,
339 205 484 233 naturae
501 197 678 233 humanae
696 198 969 238 revocationem,
997 199 1082 231 abo-

92 253 156 287 lito
174 258 312 297 peccato
330 257 362 285 et
380 257 513 290 morte,
538 262 641 296 quam
658 250 731 293 ipse
748 248 852 292 paulo
869 255 946 293 post
963 249 1082 281 incoa-

92 310 192 338 turus
215 309 301 338 erat.
362 302 421 337 Sic
445 309 478 335 et
503 314 567 335 nos
594 313 674 335 cum
698 298 842 333 Christo
867 300 1082 332 celebremus

92 354 268 394 encaenia,
287 353 477 397 cogitemus
495 354 539 386 de
555 351 811 396 gubernatione
827 357 859 384 et
876 350 1081 383 defensione

90 406 280 446 Ecclesiae,
311 414 343 439 et
361 405 564 438 ardentibus
583 404 670 437 votis
690 409 862 446 petamus,
889 414 964 434 eam
986 413 1081 434 nunc

89 458 256 491 adversus
267 456 399 489 diaboli
417 456 562 499 ζητοῖ-85,
581 453 770 497 grassantis
782 452 943 486 Turcicis
961 453 1080 492 armis,

91 516 124 542 et
142 508 293 541 aliorum
312 518 433 550 regum
451 506 662 540 tumultibus
675 531 682 545 ,
710 503 864 539 defendi.
918 503 1082 538 Petamus

90 566 122 593 et
138 559 200 592 illa
218 560 336 593 futura
352 557 516 590 encaenia
534 557 623 590 vitae
639 562 818 597 aeternae,
843 562 876 590 et
893 555 937 588 ad
956 567 994 588 ea
1016 566 1080 588 nos

90 610 308 654 poenitentia
329 615 360 642 et
383 609 449 641 fide
466 619 725 652 praeparemUS.

244 708 289 743 Si
304 713 341 743 tu
360 720 394 743 es
410 704 585 743 Christus
604 705 661 741 dic
678 706 783 744 nobis
802 705 924 742 libere.

187 785 256 819 Hic
280 796 400 818 rursus
424 784 548 827 ingens
572 790 769 824 certamen,
797 784 839 816 de
857 795 893 816 re
918 783 1076 816 omnium

88 837 238 870 maxima
256 842 432 871 narratur.
485 835 672 868 Postulant
691 834 828 874 ludaei⁷
854 842 894 868 ut
920 835 1024 877 plane
1048 841 1079 868 et

88 890 179 921 clare
204 887 298 920 dicat
325 886 439 927 Iesus,
474 887 552 931 quis
584 886 646 925 sit,
681 898 725 918 an
750 886 794 919 sit
819 885 984 926 Messias,
1019 898 1079 930 per

87 951 190 984 quem
209 938 364 972 sciebant
382 937 475 981 genti
494 949 617 980 magua
636 938 727 970 bona
747 937 915 981 promissa
934 949 1017 972 esse.
1047 945 1079 970 et

87 990 154 1034 ipsi
172 990 399 1033 expectabant
422 989 637 1028 libertatern,
664 1000 763 1032 opes,
790 988 949 1032 imperia.
1003 987 1079 1021 Ho-

88 1053 167 1075 rum
192 1037 285 1072 nihil
311 1040 498 1073 videbatur
518 1037 576 1072 hic
606 1038 698 1072 lesus
724 1039 866 1079 afferre,
892 1040 971 1072 ideo
999 1051 1077 1072 eum

88 1098 338 1132 contemnunt,
364 1092 527 1129 oderunt,
556 1096 587 1122 et
605 1097 822 1128 execrantur,
852 1090 939 1123 sicut
957 1103 1078 1123 omnes

87 1141 249 1176 homines
274 1142 311 1175 in
337 1139 402 1175 hac
427 1141 688 1179 imbecillitate,
716 1148 877 1185 optamus
903 1139 1078 1174 Ecclesiae

89 1201 218 1228 statum
235 1205 390 1231 suavem,
421 1193 459 1225 in
478 1205 547 1238 quo
565 1192 666 1224 nobis
685 1193 729 1226 sit
746 1193 869 1231 otium,
897 1192 967 1225 sint
985 1205 1078 1236 opeS,

88 1246 159 1279 siut
178 1244 350 1288 praesidia
374 1244 473 1276 firma
497 1249 616 1276 contra
642 1243 808 1283 iniurias,
837 1244 906 1276 sint
935 1244 1077 1287 politiae

89 1303 229 1330 nostrae
246 1295 467 1339 tranquillae,
496 1302 528 1327 et
544 1294 618 1327 sine
637 1294 810 1332 dissidiis,
839 1295 986 1327 floreant
1003 1295 1077 1336 glo-

89 1347 158 1387 ria,
185 1353 328 1379 teneant
345 1346 512 1388 imperia,
539 1352 572 1378 et
589 1357 652 1377 nos
671 1346 780 1378 simus
808 1346 894 1385 tuti,
924 1357 996 1378 non
1021 1357 1077 1378 ra-

89 1398 228 1442 piamur
251 1397 293 1429 ad
312 1396 502 1440 supplicia,
532 1396 683 1441 denique
702 1396 917 1429 somniamus
936 1408 1076 1429 auream

87 1455 234 1483 aetatem
261 1448 448 1491 poeticam.
503 1446 623 1491 Quare
645 1447 790 1491 plurimi
818 1454 1004 1492 postquam
1024 1447 1079 1479 vi-

89 1501 173 1533 dent
191 1505 308 1532 exorta
331 1499 404 1531 luce
421 1496 618 1540 Evangelii,
647 1499 721 1531 fieri
738 1496 932 1531 horrendas
951 1498 1077 1531 distra-

87 1551 221 1584 ctiones
237 1550 455 1594 principum,
484 1550 780 1592 gubernatorum,
808 1556 841 1582 et
859 1550 1077 1593 privatorum

87 1599 292 1642 hominum,
326 1598 520 1633 abhorrent
548 1601 591 1633 ab
616 1599 830 1644 Evangelio,
866 1608 904 1633 ut
933 1613 951 1633 a
984 1608 1077 1644 peste

88 1653 248 1684 omnium
280 1652 576 1694 perniciosissima
600 1649 774 1684 humanae
801 1652 978 1691 societati,
1007 1659 1075 1683 tam
1104 1669 1105 1680 ι

89 1714 232 1735 saevum
248 1703 368 1734 odium
386 1700 583 1744 Evangelii,
609 1709 642 1736 et
659 1703 815 1735 nominis
832 1700 963 1736 [bristi
980 1704 1077 1736 ardet

89 1756 126 1786 iu
147 1752 378 1797 plurimorum
398 1752 535 1784 animis.

192 1828 341 1861 Talibus
366 1826 424 1861 hic
447 1829 636 1871 respondet
659 1826 840 1868 Christus,
870 1836 988 1862 taxans
1012 1830 1077 1862 im-

89 1880 253 1924 pietatem
273 1886 307 1912 et
330 1879 576 1923 pertinaciam:
605 1879 689 1912 Dixi
713 1880 832 1921 vobis,
862 1880 996 1925 inquit,
1024 1893 1078 1914 me

88 1942 159 1964 esse
186 1930 372 1970 Messiam,
408 1929 566 1974 Baptista
593 1931 685 1963 clare
717 1931 951 1964 affirmaverat
983 1929 1077 1965 hunc
1104 1953 1105 1959 κ

87 1994 160 2015 esse
177 1980 342 2014 Messiam
355 2007 363 2022 ‚
387 1981 575 2014 affirmavit
594 1988 625 2014 et
644 1981 717 2025 ipse
735 1993 853 2026 saepe,
874 1981 969 2016 Ioan.
987 1982 1021 2018 4.
1043 1981 1077 2018 5.

88 2092 121 2119 et
143 2096 217 2126 cap.
236 2084 293 2117 11.
316 2084 358 2116 ad
381 2095 535 2116 caecum:
563 2082 686 2117 Credis
712 2085 750 2117 in
774 2083 994 2118 filium‘Dei'?
1030 2084 1076 2118 Et
1103 2118 1104 2128 η

87 2132 220 2169 Matth.
243 2135 318 2168 ll.:
349 2132 483 2167 Omnia
500 2132 589 2167 mihi
607 2136 686 2168 data
705 2143 786 2169 sunt
804 2148 821 2168 a
845 2143 955 2180 patre.
1007 2136 1075 2169 Ve-

63 2187 159 2220 -aenite
176 2186 219 2218 ad
238 2197 291 2217 me
307 2197 429 2219 omnes
447 2185 507 2230 qui
524 2185 702 2227 laboratis,
723 2194 756 2220 et
773 2185 901 2222 Matth.
916 2187 989 2222 16.:
1019 2186 1074 2221 Tu

89 2250 123 2271 es
139 2234 302 2271 Christus
319 2236 412 2269 filius
429 2236 494 2270 Dei
511 2236 680 2278 viventis,
710 2245 742 2271 et
760 2237 889 2273 Matth.
909 2238 983 2271 17.:
1008 2237 1075 2271 Hic

88 2295 138 2322 est
161 2288 255 2321 filius
280 2299 377 2320 meus
402 2287 569 2328 dilectus,
598 2300 668 2333 quo
693 2290 863 2330 delector,
893 2288 989 2324 hunc
1012 2302 1074 2322 au-

89 2340 173 2374 dite.
228 2338 350 2372 Toties
381 2339 450 2372 iam
477 2339 567 2372 clara
593 2352 676 2373 voce
701 2340 833 2374 dictum
859 2348 949 2381 erat,
980 2338 1075 2373 hunc

90 2402 162 2424 esse
184 2389 370 2430 Messimn,
403 2397 436 2423 et
457 2397 573 2423 tamen
599 2392 776 2434 potentior
801 2398 834 2425 et
858 2392 973 2425 maior
999 2404 1075 2436 pars

89 2440 300 2475 ludaeorum
324 2453 397 2475 non
415 2442 605 2475 credebant
631 2442 673 2475 ei.
726 2442 885 2477 Sciamus
907 2455 988 2486 ergo
1011 2455 1075 2487 po—

91 2493 276 2526 tentiorem
301 2500 334 2527 et
357 2493 526 2526 maiorem
552 2499 685 2537 partem
714 2494 751 2526 in
778 2494 839 2527 illo
864 2501 983 2533 coetu,
1015 2495 1074 2540 qui

92 2550 186 2576 tenet
203 2541 378 2577 Ecclesiae
395 2544 535 2577 titulum
547 2570 556 2583 ‚
587 2557 703 2578 errare
719 2556 837 2589 posse,
867 2553 898 2579 et
914 2557 978 2578 nos
997 2558 1076 2579 eru-

92 2594 229 2627 diamus
245 2595 287 2627 de
303 2592 370 2628 hoc
388 2596 564 2634 scandalo,
590 2608 634 2629 ne
650 2604 793 2641 propter
808 2597 952 2629 dissidia
970 2604 1004 2631 et
1022 2598 1076 2630 iu-

91 2645 181 2678 dicia
207 2645 396 2688 impiorum
424 2659 489 2680 nos
512 2659 654 2693 quoque
676 2649 720 2681 ab
742 2646 937 2691 Evangelio
960 2649 1075 2683 deter-

46 2710 49 2711 ’
89 2708 242 2730 reamur.

142 2750 318 2780 Mamm.
349 2750 450 2782 Ormi.
475 2751 556 2782 Vox„
587 2751 663 2782 XV.

624 109 924 147 ENARRATIO
959 110 1008 146 IN
1044 109 1230 148 EVANG.
1268 108 1481 148 IOANNIS.
1536 109 1640 148 CAP.
1671 113 1715 148 X.

1102 2167 1104 2207 l

1102 2233 1104 2282 t

2059 115 2131 149 242

1398 210 1524 261 Opera
1543 226 1637 262 quae
1655 226 1720 260 ego
1742 214 1859 261 sacia.

1239 289 1285 324 Ut
1310 291 1403 323 enim
1428 291 1519 324 clare
1552 292 1739 326 convincat
1771 304 1849 331 eos,
1893 298 1926 325 et
1950 299 2128 335 peccatum

1135 353 1255 373 eorum
1276 354 1314 373 ac
1329 342 1556 385 pertinaciam
1581 339 1757 386 exaggeret
1773 370 1781 384 ,
1818 343 1943 386 allegat
1967 344 2128 376 miranda

1135 392 1235 431 facta,
1263 404 1351 436 quae
1368 405 1445 424 cum
1465 393 1561 425 nulla
1581 402 1736 426 creatura
1757 395 1861 437 possit
1884 394 2024 434 imitari,
2053 408 2128 426 ma-

1135 442 1305 475 nifestum
1323 451 1396 476 erat
1412 456 1430 475 a
1447 442 1521 476 Deo
1546 445 1690 477 missum
1717 457 1807 483 esse,
1836 452 1899 478 etc.
1954 445 2128 478 Diabolus

1135 505 1207 526 non
1226 500 1339 537 potest
1359 500 1514 527 mortuos
1534 495 1570 526 in
1589 495 1695 527 vitam
1713 508 1894 536 revocare,
1923 497 1982 528 sed
2009 496 2045 529 id
2071 508 2127 528 so-

1136 544 1203 577 lius
1226 544 1367 577 divinae
1402 546 1578 588 potentiae
1610 557 1698 589 opus
1732 554 1792 580 est.
1861 546 2012 580 Credere
2045 559 2125 591 ergo

1136 593 1218 628 huic
1238 596 1374 629 doctori
1396 597 1615 629 resuscitanti
1635 604 1797 630 mortuus
1820 598 2007 632 debebant.

1296 675 1391 712 OVCS
1409 692 1508 713 7718th
1528 692 1641 713 00681ΐῖ
1663 691 1780 712 meam
1797 677 1968 712 audiun!-

1236 744 1305 778 Hic
1324 747 1483 791 sequitur
1507 747 1621 779 dulcis
1647 746 1837 789 descriptio
1856 744 2032 779 Ecclesiae
2050 746 2125 785 Dei,

1134 797 1276 840 proprie
1296 797 1428 838 dictae,
1458 798 1491 830 id
1511 805 1586 838 est?
1602 798 1749 830 dilectae
1767 798 1859 837 Deo,
1888 798 2007 838 iustae,
2035 806 2125 830 rect·-

1133 849 1331 881 invocantis
1348 847 1481 889 Deum,
1510 856 1542 882 et
1560 849 1591 881 ei
1609 849 1896 892 obtemperantis.
1940 848 2034 881 Haec
2055 850 2125 892 pri-

1135 910 1230 931 mum
1256 900 1300 932 ab
1325 907 1468 933 externo
1496 907 1529 933 et
1553 901 1740 943 praecipuo
1767 900 1866 941 siguo
1900 900 2125 939 describitur,

1134 950 1282 991 scilicet,
1313 963 1330 983 a
1355 964 1439 984 voce
1463 948 1605 986 Christi.
1673 949 1767 983 Haec
1792 951 1864 983 sola
1893 958 1943 985 est
1959 950 2126 990 Ecclesia,

1134 1013 1222 1045 quae
1240 1002 1338 1034 audit
1355 1010 1385 1034 et
1403 1003 1625 1045 amplectitur
1640 999 1771 1035 Christi
1791 1003 1999 1035 doctrinam.
2055 1001 2124 1034 Ex-

1134 1052 1220 1085 clusi
1239 1059 1321 1086 sunt
1338 1053 1445 1095 igitur
1462 1054 1506 1086 ab
1524 1053 1678 1086 Ecclesia
1706 1065 1846 1093 omues,
1878 1054 1938 1098 qui
1962 1051 2123 1093 Evange-

1133 1104 1239 1143 lium‚
1281 1104 1335 1136 vel
1368 1111 1498 1142 totum,
1542 1105 1595 1136 vel
1618 1104 1735 1150 aliqua
1772 1116 1811 1136 ex
1845 1111 1939 1147 parte
1969 1104 2123 1138 abolent.

1134 1154 1231 1187 Talis
1252 1162 1299 1187 est
1318 1167 1441 1198 magna
1460 1167 1539 1199 pars
1557 1155 1693 1197 generis
1712 1152 1870 1195 humani,
1897 1154 2013 1193 ἄθεοι,
2046 1155 2124 1186 ta«,-

1134 1206 1258 1245 latrae,
1287 1204 1579 1246 'Mahometistaffi
1611 1205 1751 1245 ludaei,
1779 1204 1973 1246 Haeretici,
2002 1207 2125 1238 ‹lesen-

1134 1268 1227 1289 sores
1245 1257 1435 1301 impiorum
1455 1257 1632 1297 cultuum,
1660 1264 1722 1289 etc.

1432 1339 1485 1374 Et
1503 1352 1566 1386 ego
1583 1352 1640 1374 eos
1658 1353 1828 1386 agnosco.

1235 1409 1373 1443 Deinde
1404 1410 1522 1448 addit,
1567 1409 1652 1454 quid
1682 1410 1835 1445 vicissim
1867 1409 1941 1452 ipse
1973 1417 2123 1453 praestet

1133 1461 1371 1495 audientibus.
1425 1459 1469 1494 Et
1489 1471 1550 1504 ego
1578 1460 1661 1493 novi
1685 1473 1757 1501 eas,
1785 1459 1959 1493 Hebraica
1985 1458 2123 1504 phrasis

1133 1520 1200 1546 est:
1248 1512 1357 1553 Novi,
1394 1523 1564 1555 agnosco,
1599 1512 1719 1550 foveo,
1756 1524 1857 1552 curo,
1899 1518 1937 1545 ut
1963 1511 2122 1544 inPsal.:

1134 1564 1240 1597 Novit
1259 1564 1436 1597 Dominus
1455 1564 1546 1596 viam
1566 1564 1758 1607 iustorum,
1788 1563 1823 1595 id
1846 1569 1914 1600 est,
1952 1564 2123 1607 approbat

1132 1622 1163 1648 et
1181 1622 1291 1648 curat.
1344 1614 1616 1647 Meminerimus
1635 1617 1760 1657 autem}
1778 1611 1868 1646 hanc
1892 1615 2122 1647 asseveratio-

1132 1679 1210 1699 nem
1232 1674 1264 1700 et
1282 1666 1552 1710 promissionem
1570 1663 1714 1699 Christi.
1768 1663 1921 1698 Difficile
1948 1672 2015 1704 est,
2043 1678 2121 1697 cum

1132 1718 1324 1751 sentiamus
1346 1729 1418 1750 non
1442 1717 1556 1750 solum
1582 1716 1739 1759 corporis
1763 1723 1821 1748 aut
1845 1728 1962 1749 rerum
1986 1717 2123 1749 incom-

1133 1770 1257 1808 moda,
1302 1769 1361 1801 sed
1388 1768 1492 1801 etiam
1529 1779 1734 1800 moveamur
1765 1774 1952 1811 conspectu
1982 1774 2122 1801 nostrae

1132 1820 1366 1863 infirmitatis,
1420 1826 1453 1853 et
1493 1819 1662 1852 vitiorum
1695 1826 1917 1859 nostrorum,
1959 1825 2121 1859 statuere,

1133 1872 1228 1916 quod
1247 1883 1326 1904 vere
1344 1871 1452 1904 simus
1470 1882 1571 1904 curae
1589 1868 1664 1903 Deo
1677 1897 1685 1910 ‚
1714 1871 1807 1915 quod
1828 1882 1906 1903 vere
1932 1870 2122 1912 diligamur

1133 1934 1149 1955 a
1168 1921 1261 1965 Deo,
1291 1922 1435 1955 difficile
1460 1928 1532 1954 erat
1557 1921 1592 1954 id
1616 1921 1746 1954 latroni
1770 1921 1807 1954 in
1832 1933 1932 1953 cruce
1956 1927 2120 1961 statuere,

1132 1980 1166 2006 et
1191 1985 1256 2005 nos
1281 1974 1410 2016 singuli
1437 1973 1572 2017 quoties
1603 1972 1783 2005 incoamus
1822 1979 1958 2005 nostras
1993 1984 2121 2015 preceS,

89 2033 122 2066 6.
141 2033 191 2068 8.:
225 2032 434 2077 Priusquam
452 2030 633 2065 Abraham
658 2040 878 2074 nasceretur,
907 2045 969 2076 ego
988 2045 1076 2073 sum,
1103 2031 1104 2057 3
1133 2024 1334 2068 quaerimus
1369 2025 1435 2067 59³3
1472 2024 1677 2061 ”OblSCUms
1720 2035 1764 2055 ²¹¹¹
1792 2030 1906 2061 curet,
1949 2023 2121 2066 respiciat,

1132 2076 1293 2108 exaudiat
1313 2087 1376 2108 nos
1395 2075 1501 2108 Deus.
1538 2073 1605 2108 Hic
1623 2074 1839 2117 colligendae
1857 2081 1938 2107 suut
1955 2071 2019 2106 hae
2039 2086 2120 2117 pro-

1132 2126 1337 2170 missiones,
1375 2139 1463 2172 quae
1487 2127 1614 2160 docent
1638 2138 1717 2158 vere
1740 2133 1771 2158 et
1794 2133 1886 2158 certo
1912 2136 1976 2157 nos
1999 2126 2121 2168 recipi,

1130 2178 1273 2221 respici,
1310 2178 1486 2216 exaudiri,
1522 2177 1653 2217 iuvari,
1696 2183 1840 2220 propter
1871 2174 1964 2208 bunc
1998 2176 2122 2216 filium,

1131 2229 1219 2262 sicut
1244 2230 1344 2262 toties
1362 2229 1477 2274 inquit
1496 2228 1624 2262 Paulus
1639 2227 1747 2262 Rom.
1764 2226 1795 2261 5.
1819 2225 1948 2271 Ephes.
1966 2229 2018 2262 3.:
2055 2227 2122 2260 Per

1132 2278 1227 2314 hunc
1244 2279 1413 2314 habemus
1431 2292 1605 2313 accessum
1624 2280 1700 2314 fide.

1181 2364 1235 2399 Et
1260 2370 1462 2413 sequuntur
1484 2377 1554 2401 me,
1592 2368 1704 2408 elego
1729 2362 1840 2396 vitam
1868 2364 2053 2396 aeternam
2077 2362 2122 2397 do

1233 2417 1303 2457 eis,
1332 2421 1362 2450 el
1381 2429 1453 2450 non
1472 2415 1643 2462 peribunt
1662 2415 1700 2448 in
1723 2418 1928 2456 aeternum,
1957 2419 2017 2450 etc.

1209 2494 1365 2528 Inculcat
1384 2496 1521 2528 easdem
1542 2493 1733 2527 sententias
1751 2493 1852 2527 toties
1872 2494 2055 2536 repetitas,
2083 2501 2122 2528 ut

1130 2548 1292 2581 ostendat
1311 2558 1345 2579 se
1364 2546 1466 2590 plane
1482 2558 1520 2578 ac
1536 2556 1680 2589 prorsus
1707 2542 1794 2586 hoc,
1823 2546 1917 2589 quod
1943 2546 2045 2577 verba
2064 2557 2122 2577 so-

1130 2605 1235 2637 nant,
1264 2598 1391 2630 sentire
1409 2604 1440 2629 et
1458 2597 1564 2637 velle,
1599 2608 1662 2629 nec
1687 2596 1792 2629 aliam
1815 2596 1917 2629 dictis
1948 2596 2122 2639 interpre—

1131 2650 1299 2683 tationem
1319 2648 1552 2691 affingendam
1579 2659 1660 2682 esse.
1717 2648 1820 2681 Clare
1846 2654 1879 2680 et
1905 2647 2007 2690 plane
2026 2648 2122 2686 dicit,

1130 2699 1323 2734 Ecclesiam
1351 2711 1422 2734 esse
1449 2699 1633 2733 audientes
1660 2696 1751 2733 banc
1778 2710 1898 2732 vocem
1925 2696 2121 2742 Evangelii,

1589 2750 1633 2784 16
