2415 2942
297 129 370 165 239

402 213 581 246 Postremo
614 209 702 242 illud
733 208 1004 241 deliramentum
1032 215 1175 249 prorsus
1201 203 1284 238 reii-

302 265 464 299 ciendum
485 269 555 301 est,
581 260 674 305 quod
696 270 736 291 ex
755 256 820 290 hoc
838 257 914 290 loco
931 256 1107 289 finxerunt
1122 253 1285 288 homines

304 315 465 353 fanatici,
492 313 649 345 futurum
677 310 714 341 in
736 309 870 341 mundo
894 315 973 341 ante
993 306 1284 340 resurrectionem

302 373 522 398 mortuorum
552 360 758 405 imperium,
796 360 833 392 in
863 371 933 404 quo
967 358 1078 391 sancti
1112 357 1287 401 oppressis

302 415 420 459 impiis
444 411 659 446 dominaturi
687 411 775 451 sint,
809 421 946 442 summa
970 409 1158 442 concordia
1183 420 1286 441 verae

302 465 493 501 doctrinae,
521 471 554 497 et
576 462 724 496 iusticia.
781 459 940 495 Christus
956 458 1041 493 haec
1060 459 1187 493 refutat
1206 471 1285 493 cuin

303 517 367 549 ait:
396 514 473 549 Erit
497 515 585 548 sicut
612 514 649 545 in
675 513 798 546 diebus
822 511 937 552 Noae,
961 518 1023 545 etc.
1076 510 1180 544 Item:
1209 509 1285 543 Nisi

303 564 502 600 abbreviati
521 571 634 598 essent
659 564 714 597 isti
732 564 826 603 dies,
854 575 926 595 non
944 562 1040 595 fieret
1059 561 1152 594 salva
1170 560 1286 594 omnis

303 629 394 650 caro.
422 616 580 659 Ingentia
599 615 752 659 pericula
767 614 870 647 nobis
885 613 1158 652 denunciantur,
1177 623 1285 657 quare

302 669 410 701 simus
427 668 621 710 vigilantes,
648 673 681 699 et
696 665 847 708 mitigari
865 665 1078 697 calamitates
1093 670 1126 696 et
1141 662 1286 706 reprimi

302 730 450 759 errores,
478 729 565 763 quos
581 717 711 761 spargit
730 723 762 750 et
780 716 962 749 confirmat
979 714 1142 747 diabolus
1162 714 1199 746 in
1214 719 1286 747 toto

302 771 403 807 orbe,
432 780 583 802 oremus.

477 850 530 886 P
514 857 673 899 roplerea
689 855 793 898 paler
808 847 934 894 dzligit
952 860 1024 889 me,
1051 853 1111 882 etc.

404 922 500 955 Haec
521 927 571 954 est
595 918 765 952 sententia
784 917 901 950 arcani
921 916 1060 949 consilii
1078 916 1162 957 Dei,
1191 917 1285 961 quod

303 973 459 1007 enarrari
476 983 547 1003 uon
565 976 696 1014 potest,
721 970 763 1001 de
779 969 885 1000 modo
900 967 1129 1001 redemtionis
1152 967 1289 1010 generis

302 1023 469 1062 humani,
497 1023 554 1054 sed
581 1020 694 1065 aspice
719 1027 835 1053 tamen
859 1016 928 1051 hoc
944 1018 1094 1052 dictum:
1124 1017 1289 1052 Affirmat

301 1086 404 1108 suum
424 1072 631 1106 sacrificium
652 1071 788 1114 placere
808 1070 916 1114 patri,
943 1069 1014 1102 imo
1033 1081 1068 1102 se
1085 1069 1184 1112 diligi
1204 1081 1287 1113 pro-

300 1133 378 1170 pter
396 1122 486 1158 hanc
503 1122 760 1164 obedientiam,
788 1121 868 1166 quia
887 1126 995 1164 ponat
1012 1120 1165 1152 animam
1189 1132 1286 1153 suam

301 1189 366 1225 pro
383 1175 519 1209 ovibus.
564 1172 700 1216 Igitur'
693 1183 882 1205 immensus
901 1183 1000 1204 amor
1016 1178 1066 1204 est
1085 1171 1192 1215 patris
1208 1182 1287 1214 erga

302 1239 387 1267 nos,
413 1224 568 1258 nolentis
590 1235 654 1257 nos
679 1224 812 1267 perire,
844 1223 933 1256 sicut
954 1223 1040 1255 alias
1063 1222 1193 1267 inquit:
1229 1221 1287 1255 Sic

302 1278 398 1311 Deus
415 1275 537 1309 dilexit
551 1275 736 1315 mundum,
761 1281 799 1307 ut
814 1274 925 1306 filium
944 1285 1044 1306 suum
1062 1273 1286 1316 unigenitum

303 1328 456 1368 dederit,
482 1333 544 1360 etc.
597 1325 713 1359 Huius
737 1324 899 1358 immensi
923 1324 1052 1357 amoris
1077 1323 1288 1367 cogitatione

303 1379 532 1412 accendamus
550 1383 686 1420 pectora
704 1382 842 1415 nostra,
866 1381 905 1408 ut
922 1373 995 1408 Deo
1011 1375 1204 1415 credamus,
1232 1374 1286 1406 iu-

302 1440 467 1463 vocemus
486 1440 565 1461 eum
578 1454 587 1468 ‚
614 1433 833 1470 expectemus
851 1426 894 1459 ab
916 1437 956 1458 eo
976 1425 1123 1459 salutem
1137 1450 1145 1464 ‚
1174 1432 1207 1459 et
1223 1437 1287 1458 nos

302 1481 331 1514 ei
350 1479 587 1514 subiiciamus.

515 1561 634 1597 Nemo
650 1560 748 1596 tollit
767 1573 845 1594 eam
865 1573 889 1593 a
905 1572 978 1599 me,
1006 1565 1066 1594 elc.

405 1631 504 1663 Duae
530 1630 684 1673 insignes
703 1628 896 1662 sententiae
918 1625 986 1660 hoc
1005 1628 1081 1660 loco
1101 1627 1289 1661 continen-

305 1692 377 1718 tur:
405 1682 502 1726 prior
525 1682 567 1714 de
591 1687 705 1714 morte
727 1686 939 1723 spontanea,
966 1679 1072 1712 altera
1096 1679 1138 1711 de
1164 1684 1289 1711 natura

306 1735 427 1768 divina
450 1733 486 1765 in
510 1730 661 1766 Christo.
713 1730 846 1770 Nemo,
883 1730 1017 1774 inquit,
1055 1729 1170 1763 aufert
1193 1741 1211 1762 a
1234 1740 1289 1761 me

307 1785 479 1823 animam,
508 1783 541 1815 id
568 1789 635 1826 est,
663 1782 725 1815 etsi
745 1781 876 1814 morior
891 1792 953 1824 pro
974 1778 1198 1821 hominibus,
1237 1786 1290 1812 ta—

307 1848 387 1869 men
406 1835 527 1867 volens
548 1834 583 1866 id
608 1833 751 1873 faciam,
774 1832 908 1864 nullius
931 1838 1108 1864 creaturae
1131 1830 1287 1875 potentia

306 1887 341 1919 vi
363 1884 451 1918 milii
479 1884 632 1917 animam
660 1883 793 1927 eripere
816 1889 950 1926 posset,
979 1882 1067 1915 sicut
1090 1880 1211 1915 Esaias
1228 1881 1289 1916 53.

307 1937 438 1982 inquit:
468 1933 620 1968 Oblatus
639 1943 705 1974 est,
733 1935 812 1979 quia
832 1933 953 1967 voluit.
995 1931 1040 1966 Et
1054 1934 1096 1965 ad
1114 1931 1290 1976 Philip.2.

305 1988 451 2021 dicitur:
488 1985 649 2028 Seipsum
677 1985 886 2028 exinanivit,
913 1985 1062 2017 formam
1085 1984 1177 2016 servi
1199 1983 1289 2016 acci-

306 2039 425 2083 piens,
460 2034 661 2069 humiliavit
694 2048 746 2073 se,
781 2036 892 2069 sactus
919 2035 1087 2068 obediens
1110 2046 1220 2079 usque
1244 2034 1288 2067 ad

306 2096 466 2122 mortem.
541 2084 575 2119 O
611 2084 1001 2129 incomprehensibilem
1039 2083 1286 2118 humilitatem.

306 2139 418 2173 Filius
434 2138 499 2172 Dei
525 2138 679 2182 aequalis
701 2144 841 2169 aeterno
861 2138 951 2180 patri
977 2136 1117 2168 subiicit
1134 2147 1168 2169 se
1186 2135 1288 2179 patri,

307 2191 441 2223 derivat
460 2189 495 2220 in
513 2200 547 2221 se
563 2189 650 2222 iram
668 2186 733 2220 Dei
750 2189 914 2220 adversus
930 2193 1046 2220 nostra
1065 2193 1212 2230 peccata,
1238 2185 1289 2218 ia·

308 2248 359 2274 cet
380 2246 573 2284 prostratus
590 2251 706 2272 coram
724 2238 814 2278 Deo,
842 2238 941 2283 quasi
963 2237 1222 2270 contaminatus
1237 2247 1290 2269 es-

308 2299 357 2324 set
385 2290 454 2322 illis
479 2290 562 2333 ipsis
587 2290 794 2330 sceleribus,
824 2301 912 2334 quae
938 2300 1001 2321 nos
1024 2288 1185 2320 fecimus:
1223 2284 1290 2320 hoc

307 2353 395 2374 onus
422 2341 533 2374 multo
559 2341 671 2374 maius
699 2341 766 2374 suit
791 2346 902 2373 morte
929 2339 1096 2382 corporis.
1149 2337 1289 2380 Cogite-

309 2403 386 2425 mus
411 2403 492 2434 ergo
513 2404 617 2436 quam
639 2392 760 2435 procul
785 2403 819 2424 se
839 2389 1001 2423 deiecerit
1028 2389 1119 2422 filius
1139 2387 1224 2429 Dei,
1251 2395 1290 2422 ut

308 2453 535 2485 agnoscamus
552 2454 712 2485 magnam
733 2454 805 2475 esse
830 2442 916 2474 iram
937 2440 1002 2474 Dei
1019 2442 1186 2473 adversus
1210 2451 1288 2483 pec-

307 2500 420 2526 catum
434 2517 442 2528 ,
469 2503 508 2525 ac
526 2494 652 2535 gratias
675 2493 863 2527 redemtori
881 2503 1041 2535 agamus,
1069 2498 1102 2524 et
1120 2502 1184 2523 nos
1202 2503 1290 2534 quo-
1314 2516 1315 2519 ,

802 2543 862 2588 qui
896 2554 1025 2587 poenas
1050 2541 1291 2585 multipliciter
1315 2564 1316 2570 η

307 2555 375 2589 que
410 2543 488 2575 Deo
526 2544 768 2585 subiiciamus,

308 2594 510 2628 meruimus.

407 2642 528 2678 Altera
552 2657 631 2689 pars
648 2645 731 2677 dicti
757 2651 806 2678 est
831 2644 1071 2678 testimonium
1095 2644 1138 2677 de
1160 2640 1290 2677 Christi
1316 2674 1317 2677 ,

889 120 1014 157 PHlL.
1040 118 1157 155 MEL.
1186 116 1397 154 SCRIPTA
1425 115 1725 154 EXEGETICA.

2243 121 2318 157 240

1337 215 1459 238 rursus
1490 205 1689 240 sumendae.
1743 204 1835 239 Sunt
1863 206 1971 250 igitur
1991 207 2081 241 duae
2105 212 2251 240 naturae
2280 207 2320 241 in

1337 252 1492 294 Christo,
1514 256 1635 289 divina
1654 268 1727 289 non
1744 256 1909 298 moriens,
1934 264 1966 291 et
1981 254 2135 292 humana
2152 258 2320 298 moriens,

1338 318 1427 351 quae
1446 318 1464 340 a
1483 307 1604 340 divina
1624 315 1746 342 natura
1766 307 1803 340 in
1819 307 1925 341 vitam
1942 316 2134 344 revocatur.
2180 308 2320 342 lllustre

1338 357 1580 391 testimonium
1607 365 1676 397 est,
1703 365 1737 393 et
1760 359 1962 392 addendum
1987 360 2030 392 ad
2054 366 2205 399 caetera,
2233 371 2322 405 quae

1338 409 1424 441 duas
1434 415 1577 442 naturas
1598 409 1634 442 in
1646 407 1787 443 Christo
1798 421 1869 443 esse
1879 410 2066 450 affirmant,
2081 417 2120 444 ut
2135 411 2172 443 in
2187 411 2215 446 1.
2226 422 2300 454 cap.
2311 421 2321 444 ε

1340 458 1380 491 In
1398 460 1572 504 principio
1591 467 1663 494 erat
1680 461 1838 501 verbum,
1854 461 2045 495 etdeinde:
2070 460 2225 494 Verbum
2242 473 2322 494 caro

1338 510 1465 543 factum
1482 517 1541 544 est.
1595 510 1791 545 Tribuatur
1806 523 1887 555 ergo
1906 511 2151 545 immortalitas
2168 511 2323 553 divinae,

1339 572 1428 605 quae
1461 568 1605 595 vocatur
1623 561 1800 601 Verbum,
1835 562 2029 596 mortalitas
2059 574 2142 596 vero
2177 569 2323 596 naturae

1339 609 1514 645 humanae
1526 639 1536 653 ,
1562 619 1599 645 ut
1617 619 1701 646 tunc
1718 619 1800 646 erat.
1852 611 1899 647 Et
1915 613 1962 646 sic
1980 613 2067 646 dixit
2089 613 2324 647 eruditissime

1340 661 1522 704 lrenaeus,
1549 660 1729 697 Christum
1747 675 1884 708 passum
1903 675 1974 697 esse
1989 664 2228 708 requiescente
2246 675 2324 697 ver-

1340 713 1405 754 bo,
1433 721 1472 747 ut
1491 714 1643 756 crucifigi
1663 721 1695 747 et
1712 714 1800 747 mori
1818 721 1943 758 posset.
1985 714 2068 747 Post
2085 712 2176 747 hanc
2190 714 2323 747 miran-

1340 764 1421 797 dam
1438 765 1661 805 concionem,
1688 771 1884 810 sequuntur
1901 766 2035 798 diversa
2053 765 2194 798 iudicia.
2245 764 2324 798 Ali-

1340 815 1400 859 qui
1418 815 1467 859 pii
1483 816 1681 860 approbant
1696 828 1781 855 eam,
1809 816 1869 848 alii
1887 816 1968 849 facti
1985 815 2212 856 rabiosiores,
2238 813 2324 849 hor-

1339 867 1466 899 rendas
1489 878 1591 899 voces
1628 874 1662 900 et
1697 867 1967 901 contumeliosas
1992 867 2028 899 in
2055 866 2168 900 Deum
2194 868 2321 901 edunt:

1341 914 1575 950 Daemonium
1593 915 1707 951 habet.
1750 917 1897 950 Nullum
1916 924 1965 950 est
1983 918 2096 951 maius
2113 917 2323 952 convicium.

1341 966 1473 1000 Moniti
1493 975 1607 1001 autem
1626 965 1681 1001 his
1705 968 1890 1012 exemplis,
1917 969 2065 1001 sciamus
2089 975 2235 1013 propter
2257 968 2324 1001 im-

1342 1018 1480 1060 piorum
1506 1019 1656 1058 iudicia,
1692 1031 1766 1051 non
1789 1019 2026 1052 abiiciendum
2059 1031 2131 1053 esse
2161 1017 2324 1062 Evange-

1340 1068 1446 1107 lium,
1485 1069 1575 1102 sicut
1608 1070 1809 1103 consolatur
1838 1082 1901 1103 nos
1928 1068 2047 1103 Esaias
2072 1082 2144 1114 cap.
2161 1067 2238 1104 51.:
2272 1069 2324 1103 Ne

1340 1119 1459 1152 timete
1475 1120 1602 1163 probra
1619 1117 1804 1153 hominum
1817 1147 1826 1161 ,
1847 1127 1909 1156 etc.

1549 1200 1670 1237 Facta
1688 1208 1773 1237 sunt
1792 1209 1911 1238 autem
1931 1204 2115 1240 encaenia.

1444 1272 1569 1306 Blense
1582 1271 1774 1305 Novembri
1793 1272 1848 1305 die
1866 1272 2030 1305 vicesimo
2047 1272 2183 1318 quinto,
2210 1273 2271 1318 qui
2288 1273 2326 1306 in

1341 1322 1562 1357 Calendariis
1591 1323 1728 1356 usitatis
1762 1320 1974 1356 Catharinae
2008 1324 2082 1356 dies
2111 1330 2179 1363 est,
2221 1322 2325 1358 Iudas

1342 1374 1574 1407 Maccabaeus
1615 1374 1783 1417 templum
1827 1374 2064 1416 recuperavit,
2116 1381 2155 1407 ut
2198 1374 2326 1417 legitur

1344 1425 1376 1458 1.
1396 1424 1552 1458 Maccab.
1570 1422 1602 1456 4.
1628 1430 1659 1457 et
1683 1424 1780 1457 addit
1808 1421 1973 1465 historia,
2010 1424 2208 1458 institutum
2239 1437 2324 1466 esse,

1342 1482 1382 1509 ut
1398 1482 1482 1509 tunc
1501 1474 1664 1508 encaenia
1676 1475 1865 1519 quotannis
1890 1476 2150 1508 celebrarentur
2171 1475 2325 1510 octiduo.

1342 1526 1413 1559 Nec
1432 1538 1512 1559 vero
1529 1532 1657 1559 temere
1675 1526 1828 1563 addidit,
1857 1527 1951 1571 quod
1967 1526 2184 1569 recuperatio
2203 1527 2325 1570 templi

1343 1577 1507 1610 convenit
1531 1577 1573 1609 ad
1598 1583 1755 1619 tempuS‚
1782 1589 1852 1621 quo
1876 1583 1956 1624 post
1981 1577 2131 1610 reditum
2151 1589 2190 1609 ex
2207 1575 2326 1623 Baby-

1342 1628 1424 1661 lone
1442 1627 1530 1660 iacta
1556 1633 1637 1660 sunt
1658 1627 1885 1660 fundamenta
1913 1627 2052 1669 templi,
2079 1627 2243 1661 videficet
2268 1628 2326 1660 die

1344 1678 1507 1711 vicesimo
1526 1685 1648 1722 quarto
1665 1677 1891 1717 Novembris,
1921 1685 1958 1711 ut
1978 1675 2169 1710 Zachariae
2185 1678 2220 1712 2.
2239 1678 2327 1721 legi-

1343 1736 1411 1764 tur.
1455 1728 1537 1761 Ideo
1556 1728 1720 1761 encaenia
1739 1729 1956 1761 arbitrantur
1970 1728 2137 1760 nonnulli
2154 1728 2327 1762 celebrata

1342 1780 1448 1813 fuisse
1460 1807 1467 1819 ‚
1495 1779 1597 1811 etiam
1614 1785 1693 1812 ante
1710 1778 1956 1822 Maccabaeos,
1985 1780 2043 1811 sed
2057 1779 2101 1812 ab
2118 1785 2197 1812 utra
2216 1776 2327 1813 histo-

1343 1831 1394 1864 ria
1411 1830 1550 1864 initium
1570 1837 1620 1863 est
1638 1830 1907 1868 encaeniorum,
1931 1837 2070 1873 tempus
2087 1829 2264 1873 congruit,
2288 1837 2326 1864 ut

1343 1882 1433 1922 dixi,
1457 1887 1489 1914 et
1508 1887 1619 1914 textus
1636 1881 1850 1913 mentionem
1868 1881 1948 1914 sacit
1964 1878 2099 1913 hiemis.

1445 1931 1564 1974 Quare
1581 1931 1666 1964 utile
1683 1939 1731 1964 est
1750 1931 1949 1964 meminisse
1967 1943 2036 1974 quo
2054 1942 2173 1964 mense
2195 1931 2327 1965 fuerint

1344 1979 1521 2029 ἕγκαίνια,
1549 1982 1709 2014 videlicet
1724 1981 1929 2015 Novembri.
1971 1980 2124 2025 Fuitque
2141 1979 2226 2015 haec
2243 1994 2325 2026 pro-

1342 2034 1434 2065 xima
1453 2030 1565 2065 hienis
1581 2039 1660 2065 ante
1677 2032 1871 2075 passionem
1891 2029 2036 2066 Christi.

1443 2082 1561 2126 Ipsum
1578 2095 1660 2115 vero
1680 2083 1805 2116 festum
1823 2083 2021 2116 institutum
2039 2089 2110 2123 est,
2137 2088 2176 2115 ut
2192 2094 2325 2116 merno-

1343 2135 1394 2167 ria
1428 2134 1662 2168 celebraretur
1696 2145 1756 2166 seu
1792 2133 1997 2173 instaurati,
2038 2145 2098 2166 seu
2132 2133 2325 2177 recuperati

1343 2185 1482 2229 templi,
1519 2185 1557 2217 in
1579 2196 1645 2228 qua
1674 2185 1825 2217 docendi
1851 2191 1949 2218 erant
1979 2182 2157 2223 homines,
2189 2195 2325 2228 semper

1341 2236 1551 2269 mirabiliter
1577 2233 1768 2268 Ecclesiam
1793 2248 1811 2268 a
1828 2235 1902 2269 Deo
1922 2236 2099 2269 defensam
2125 2241 2157 2268 et
2182 2234 2325 2268 restitu—

1342 2294 1411 2320 tam
1431 2298 1520 2326 esse,
1546 2293 1580 2320 et
1599 2283 1784 2326 hortandi,
1813 2293 1850 2320 ut
1868 2292 2009 2329 agerent
2024 2285 2151 2328 gratias
2169 2283 2261 2326 Deo,
2293 2292 2325 2318 et

1343 2344 1499 2382 peterent
1520 2337 1809 2380 gubernationem
1827 2345 1859 2371 et
1881 2336 2119 2370 defensionem
2137 2334 2324 2371 Ecclesiae.

1445 2388 1540 2421 Haec
1568 2388 1732 2421 encaenia
1766 2395 1799 2422 et
1823 2395 1906 2422 tune
1935 2384 2098 2421 Christus
2126 2386 2325 2427 celebravit,

1343 2437 1436 2472 haud
1467 2439 1572 2472 dubie
1597 2439 1725 2482 gratias
1755 2450 1860 2482 agens
1885 2437 1981 2478 Deo,
2014 2438 2109 2482 quod
2133 2435 2325 2470 Ecclesiam

1343 2497 1518 2523 aeternam
1540 2502 1580 2522 ex
1610 2500 1734 2532 genere
1759 2487 1916 2523 humano
1943 2488 2103 2531 elegerit,
2131 2488 2227 2533 quod
2250 2499 2324 2521 non

1344 2553 1488 2586 prorsus
1504 2541 1667 2574 abiecerit
1686 2552 1794 2581 genus
1810 2538 2003 2573 humanum
2022 2545 2100 2583 post
2115 2539 2263 2583 lapsum,
2287 2546 2325 2573 ut

1344 2592 1506 2626 diabolus
1524 2597 1573 2624 est
1589 2591 1761 2631 abiectus,
1789 2592 1883 2636 quod
1902 2590 2106 2623 mediatoris
2129 2601 2246 2633 preces
2261 2601 2325 2623 au-

1316 2643 1468 2699 dierit,
1496 2642 1589 2687 quod
1608 2653 1744 2685 semper
1759 2641 1948 2675 Ecclesiam
1974 2641 2184 2674 mirabiliter
2208 2648 2324 2673 serva-

306 2694 509 2729 divinitate:
538 2695 661 2729 Habeo
679 2696 877 2730 facultatem
895 2696 1077 2739 ponendae
1093 2695 1241 2734 animae,
1259 2701 1317 2728 et
1316 2684 1436 2728 verit.
1471 2693 1652 2737 Cogitabat
1668 2692 1772 2726 etiam
1789 2690 1950 2726 Christus
1965 2693 2081 2726 futura
2103 2703 2182 2725 vera
2200 2687 2322 2736 ἐγκαί-
