2415 2942
298 91 391 125 1011

301 175 390 207 xitae
423 174 582 219 politicae
611 185 745 218 semper
771 174 806 207 in
832 181 1019 217 conspectu
1043 175 1098 211 sit.
1151 175 1274 209 Postea

302 226 403 257 etiam
425 226 513 257 vitae
532 224 692 267 politicae
711 225 862 268 dignitas
885 225 1125 260 consideretur
1150 227 1280 260 descri-

303 283 358 318 pta
390 283 419 307 et
452 276 485 306 in
521 272 585 307 boc
615 276 750 319 capite,
787 283 819 309 et
855 276 890 308 in
919 276 1040 309 multis
1070 277 1283 312 testimoniis

305 323 529 368 propheticis.

327 420 461 458 Omnis
489 424 616 458 anima
644 425 902 472 potestatibus,
938 439 1030 475 quae
1057 432 1254 474 praesunt,

679 475 828 510 subdita
853 477 911 511 sil.

408 548 514 583 initio
541 551 747 595 simpliciter
779 561 811 587 et
844 554 1023 598 perspicue
1055 555 1159 588 tradit
1189 565 1286 598 prae-

307 607 457 644 ceptum,
480 608 516 634 nt
534 614 596 634 suo
614 603 761 648 quisque
780 605 993 647 magistratui
1011 605 1159 639 obediat.
1197 604 1284 636 Nam

306 652 474 695 particula
503 651 620 695 (Quae
646 654 826 697 praesunt)
854 667 923 687 non
950 662 997 687 est
1021 656 1131 688 otiose
1155 655 1286 694 addita,

306 704 363 735 sed
391 702 541 735 excludit
570 703 702 736 alienos
730 707 958 746 magistratus.
1016 706 1094 738 Non
1112 705 1205 738 enim
1224 717 1286 737 ne-

308 765 400 785 cesse
429 760 477 786 est
503 753 611 785 civem
636 754 874 787 Lnbecensem
901 757 1044 789 obedire
1069 755 1285 799 magistratui

308 803 506 836 parisiensi.
548 803 658 837 Tollit
676 805 757 838 itein
779 805 907 838 Paulus
924 807 1182 840 dubitationem
1203 818 1286 839 con-

307 854 549 891 scientiarum,
594 855 620 886 si
648 854 692 888 sit
719 856 864 888 obscura
898 858 1077 890 contentio
1104 858 1145 890 de
1173 857 1287 897 titulo,

307 912 345 938 nt
388 916 589 949 quanquam
631 918 687 938 rex
727 906 896 949 Anglicns
932 909 1053 941 scribit
1095 920 1129 941 se
1172 919 1285 949 regem

307 955 491 988 Franciae:
520 962 635 988 tamen
662 968 732 989 nou
752 969 888 990 necesse
904 965 952 991 est
970 959 1061 991 cives
1080 959 1176 1000 regni
1200 957 1285 991 Gal-

308 1006 365 1038 lici
389 1005 532 1038 obedire
558 1006 628 1049 regi
658 1007 818 1050 AnglicO.
893 1008 1030 1042 Deinde
1056 1010 1153 1042 addit
1179 1009 1286 1042 ratio-

306 1068 385 1089 nem
410 1057 599 1100 praecepti:
635 1055 722 1090 Cum
749 1058 894 1103 imperia
918 1061 986 1093 sint
1011 1062 1097 1093 ordo
1116 1061 1288 1092 divinitus

306 1106 506 1147 institutus,
533 1107 593 1151 qui
615 1120 696 1141 vere
720 1116 768 1142 est
797 1122 883 1153 opus
902 1109 984 1151 Dei,
1013 1112 1174 1144 irascitur
1192 1110 1287 1143 Deus

305 1157 531 1192 turbantibus
567 1155 661 1191 hunc
687 1160 858 1195 ordinem.

305 1208 449 1242 obedire
465 1214 608 1252 propter
626 1210 886 1246 conscientiam.

408 1284 477 1318 Hic
493 1284 679 1327 diligenter
694 1287 934 1321 consideretur
952 1289 1162 1321 vocabulum
1177 1286 1288 1321 Ordi-

307 1335 414 1370 natio.
467 1333 555 1367 Nam
579 1333 731 1368 bumana
757 1338 885 1370 indicia
904 1351 981 1370 cum
1001 1339 1186 1371 intuentur
1204 1351 1288 1371 con-

307 1387 481 1420 fusionem
507 1392 540 1418 et
567 1386 649 1418 vitia
678 1386 714 1418 in
741 1387 915 1430 imperiis,
946 1401 1017 1421 non
1046 1396 1200 1422 statuunt
1224 1401 1287 1431 gu-

309 1437 549 1470 bernationem
569 1448 656 1482 opus
673 1437 740 1469 Dei
758 1450 848 1477 esse,
874 1440 931 1471 sed
952 1439 1078 1482 partim
1097 1440 1287 1472 calliditate

308 1486 480 1526 bumana,
515 1487 641 1529 partim
667 1488 792 1519 robore
815 1490 1002 1522 constituta
1028 1501 1117 1529 esse,
1149 1497 1180 1522 et
1204 1490 1287 1522 reti-

309 1538 383 1571 neri
408 1537 565 1580 imperia.
617 1535 664 1570 Et
690 1540 797 1571 inulta
818 1540 859 1571 de
885 1540 994 1572 causis
1014 1540 1106 1583 apud
1124 1538 1288 1573 Philoso-

309 1586 398 1633 phos
414 1588 648 1631 disputantur.
703 1588 768 1621 Sed
791 1601 852 1622 nos
870 1591 1108 1622 discernamus
1126 1591 1287 1623 ordinem

309 1639 491 1684 politicum
517 1650 535 1670 a
561 1639 717 1681 personis
753 1647 783 1672 et
817 1653 833 1672 a
861 1641 954 1673 vitiis
972 1665 980 1678 ‚
1024 1653 1114 1685 quae
1143 1642 1289 1675 miscent

309 1701 490 1733 personae.
542 1687 604 1722 Est
622 1690 713 1721 enim
735 1691 822 1722 ordo
843 1691 915 1735 ipse
933 1692 1018 1734 legis
1035 1692 1175 1724 divinae
1194 1693 1290 1725 noti-

311 1742 382 1779 cia,
418 1747 450 1773 et
474 1740 601 1781 gradus
625 1752 766 1781 eorum,
791 1742 850 1786 qni
873 1749 1016 1785 regunt,
1051 1749 1082 1775 et
1109 1751 1290 1785 reguntur,

311 1799 345 1824 et
366 1791 456 1834 leges
481 1790 569 1823 latae
593 1803 671 1823 vera
692 1793 877 1826 autoritate
895 1793 1181 1836 magistratuum,
1206 1806 1291 1827 con-

311 1842 422 1884 iugia,
467 1847 684 1882 contractus,
728 1843 854 1876 indicia
873 1871 881 1883 ,
923 1856 1054 1887 poenae
1073 1871 1081 1883 ‚
1123 1845 1291 1885 defensio,

313 1893 466 1936 legitima
491 1892 635 1930 militia,
669 1893 822 1936 legitima
855 1895 1003 1934 tributa,
1042 1895 1226 1938 disciplina
1254 1896 1290 1928 in

877 89 998 123 PHlL.
1029 87 1144 124 MEL.
1173 89 1379 126 SCRIPTA
1409 89 1708 128 EXEGETICA.

926 1161 1070 1195 Necesse
1097 1168 1147 1195 est
1181 1162 1288 1205 igitur
1313 1167 1316 1196 Ι

2209 95 2307 130 1012

1431 177 1623 212 Tenendus
1641 184 1691 211 est
1705 177 1812 221 igitur
1828 175 1886 211 bic
1901 179 2068 213 articulus
2085 179 2183 213 fidei:
2212 177 2313 214 Ordo

1334 229 1497 272 politicus
1515 236 1565 262 est
1582 241 1700 262 revera
1720 240 1808 272 opus
1825 227 1909 268 Dei,
1936 237 1968 263 et
1989 242 2041 263 res
2067 231 2158 264 bona
2173 258 2182 272 ‚
2208 237 2239 264 et
2265 237 2315 264 est

1336 280 1576 313 testimonium
1603 279 1792 322 sapientiae
1806 305 1814 320 ,
1836 279 1993 312 iusticiae
2019 279 2081 313 Dei
2097 288 2129 314 et
2146 281 2315 315 bonitatis

1336 342 1414 373 erga
1433 329 1614 370 homines,
1642 337 1674 363 et
1691 330 1904 373 praesentiae
1930 330 2003 362 eius
2028 330 2118 364 inter
2140 329 2315 366 homines.

1338 381 1407 414 Lex
1426 381 1517 413 eniin
1535 389 1567 415 et
1588 380 1716 414 iudicia
1735 381 1925 414 ostendunt
1942 380 2162 424 sapientiam,
2189 395 2316 427 aequa..

1339 432 1417 465 litas
1436 432 1470 463 in
1491 432 1745 471 contractibus,
1773 437 1804 463 et
1823 431 1976 464 executio
1993 443 2182 474 poenarum
2200 440 2317 466 osten-

1338 484 1425 516 dunt
1451 483 1641 515 iusticiam:
1671 481 1868 514 honitatem
1894 488 1925 514 et
1949 482 2181 525 praesentiam
2201 490 2319 516 osten-

1338 533 1387 565 dit
1407 533 1567 565 miranda
1584 533 1801 566 conservatio
1819 532 1924 565 totins
1948 532 2121 565 societatis
2145 530 2320 567 humanae

1340 584 1430 616 inter
1455 590 1550 616 tanta
1574 584 1740 627 pericula.
1809 581 1913 622 ltem,
1947 594 2138 626 poenarum
2164 585 2320 618 executio

1339 633 1520 667 manifeste
1545 645 1713 677 superans
1738 633 1829 666 vires
1855 631 2044 672 humanas,
2072 635 2115 666 de
2139 646 2206 679 qua
2233 635 2319 669 dicit

1338 683 1526 717 Dominus:
1556 684 1624 726 Qui
1645 684 1799 726 gladium
1820 684 2000 727 acceperit,
2023 684 2138 726 gladio
2157 685 2294 727 peribit.

1442 733 1626 767 Addantur
1655 746 1734 776 ergo
1763 735 1980 775 testimonia,
2022 746 2110 779 quae
2135 736 2320 771 adfirmant

1339 786 1500 818 ordinem
1519 785 1700 828 politicum
1719 797 1788 817 esse
1806 796 1893 828 opus
1911 783 1988 818 Dei.

1439 835 1597 868 Danielis
1614 837 1666 869 2:
1695 834 1789 867 Dens
1815 836 1977 868 transfert
2003 847 2106 877 regna
2133 843 2163 870 et
2190 838 2321 871 consti—

1340 887 1427 924 tuit,
1455 887 1489 919 id
1510 893 1557 918 est
1570 913 1577 924 ,
1605 886 1707 918 efficit
1725 893 1761 918 ut
1780 885 1926 918 floreant
1944 893 1976 919 et
1993 888 2132 921 durent.

1439 936 1604 970 Proverb.
1633 935 1705 970 16.;
1741 935 1849 969 Libra
1873 942 1904 968 et
1931 938 2068 979 pondus
2092 937 2222 971 iudicia
2246 936 2319 972 Do-

1340 988 1428 1020 mini
1447 994 1527 1020 sunt
1542 1014 1550 1027 ‚
1579 993 1611 1019 et
1629 998 1748 1019 omnes
1766 986 1897 1030 lapides
1913 987 2033 1021 lancis.

1441 1037 1568 1073 Psalm.
1589 1037 1688 1072 126.;
1716 1036 1790 1069 Nisi
1807 1035 1982 1070 Dominus
2008 1037 2210 1072 custodierit
2234 1039 2321 1072 civi—

1340 1096 1464 1129 tatem,
1497 1089 1626 1121 frustra
1650 1088 1770 1130 vigilat
1794 1088 1854 1132 qui
1884 1088 2033 1120 custodit
2050 1100 2135 1122 eam.
2198 1087 2323 1123 Custos

1341 1147 1371 1173 et
1392 1146 1615 1172 conservator
1631 1145 1680 1172 est
1696 1137 1791 1172 Deus
1808 1138 1944 1171 ordinis
1962 1138 2116 1182 politici,
2143 1150 2224 1183 ergo
2242 1152 2321 1174 eum

1341 1191 1523 1234 adprobat.

1440 1240 1567 1275 Psalm.
1583 1238 1680 1273 143.:
1710 1238 1782 1282 Qui
1801 1240 1861 1272 das
1877 1239 2022 1272 salutem
2042 1241 2193 1282 regibus.
2225 1240 2322 1275 Haec

1314 1303 1317 1335 ί
1341 1292 1446 1325 verba
1466 1291 1622 1323 adiuvari
1643 1291 1895 1332 gubernatores
1909 1302 1926 1322 a
1944 1291 2022 1324 Deo
2040 1298 2221 1326 testantur.

1443 1341 1609 1374 Proverb.
1631 1343 1681 1375 8.:
1716 1340 1783 1373 Per
1807 1353 1859 1373 me
1887 1352 1983 1384 reges
2009 1349 2175 1385 regnant,
2208 1349 2241 1377 et
2267 1343 2323 1378 iu-

1341 1393 1434 1425 dices
1454 1393 1543 1424 iusta
1562 1393 1766 1425 decernunt.

1441 1444 1474 1475 2.
1494 1442 1644 1484 Paralip.
1664 1441 1740 1475 QO.:
1769 1441 1849 1474 Nou
1866 1438 2022 1474 bominis
2041 1443 2206 1477 exercetis
2229 1444 2324 1478 iudi-

1341 1493 1452 1530 cium,
1481 1493 1538 1524 sed
1555 1490 1713 1524 Domini.

1442 1542 1570 1575 l'salrn.
1591 1542 1667 1575 81.:
1700 1540 1774 1583 Ego
1790 1542 1883 1582 dixi,
1910 1541 1969 1575 Dii
1987 1543 2084 1584 estis,
2113 1544 2148 1577 id
2166 1552 2233 1585 est,
2260 1545 2324 1581 ha-

1342 1594 1462 1626 hentes
1484 1592 1597 1625 officia
1622 1593 1786 1624 mandata
1811 1604 1830 1623 a
1854 1591 1928 1625 Deo
1946 1619 1954 1634 ,
1995 1600 2035 1626 ut
2059 1594 2128 1628 sint
2151 1607 2218 1628 vox
2239 1597 2325 1641 legis

1341 1643 1430 1685 Dei,
1457 1650 1490 1676 et
1505 1649 1702 1675 executores
1721 1642 1805 1684 legis
1820 1640 1897 1677 Dei.

1443 1693 1565 1726 Esaiae
1594 1694 1645 1726 1.:
1693 1692 1862 1735 Quaerite
1895 1693 2091 1735 iudicium,
2142 1697 2326 1733 subvenite

1316 1762 1318 1777 ι
1344 1756 1532 1788 oppresso,
1560 1744 1736 1776 defendite
1752 1744 1906 1780 viduam.
1958 1743 2131 1789 Praecipit
2145 1746 2244 1781 Deus
2261 1761 2325 1793 po-

1343 1795 1438 1829 litica
1458 1795 1570 1828 officia
1590 1795 1715 1839 cuique
1732 1807 1795 1838 pro
1821 1806 1881 1828 sua
1907 1796 2100 1831 vocatione.
2153 1796 2235 1832 Non
2259 1801 2326 1834 du-

1344 1846 1442 1880 bium
1471 1852 1521 1879 est
1543 1846 1651 1888 igitur
1673 1846 1861 1889 adprobari
1887 1846 1930 1879 ab
1953 1858 1992 1878 eo
2018 1847 2200 1890 politicum
2226 1852 2324 1884 ordi-

1344 1909 1435 1930 nem.
1493 1896 1537 1929 Et
1563 1897 1599 1928 in
1625 1893 1714 1929 banc
1743 1897 1949 1929 sententiam
1983 1897 2092 1931 multa
2115 1899 2206 1932 dicta
2228 1903 2324 1945 apud
2370 1923 2373 1927 ι

312 1955 412 1988 pace,
438 1943 550 1975 studia
575 1943 812 1976 doctrinarum
838 1951 869 1978 et
894 1945 1040 1978 aliarum
1065 1943 1289 1979 honestarum
1318 1941 1322 2002 l
1344 1945 1536 1991 Prophetas
1561 1953 1695 1986 extant,
1734 1958 1820 1991 quae
1846 1947 2054 1979 nominatim
2080 1949 2223 1993 politica
2247 1952 2324 1985 osfi-

315 1994 456 2027 artium.
523 1991 592 2026 Hic
616 2000 708 2027 totus
740 1996 824 2027 ordo
850 1997 884 2028 in
916 2008 1040 2038 genere
1063 1993 1217 2029 humano
1243 2004 1290 2030 est

315 2056 402 2088 opus
419 2043 501 2082 Dei,
528 2044 613 2076 sicut
640 2047 726 2078 ordo
743 2054 902 2079 motuum
922 2047 1144 2087 coelestium,
1174 2054 1204 2080 et
1224 2055 1293 2081 ter-

317 2108 374 2128 rae
401 2095 628 2128 foecunditas.
683 2095 753 2128 Nec
779 2104 914 2130 tantum
940 2098 1142 2140 permissive
1165 2111 1182 2131 a
1207 2099 1294 2137 Deo,

318 2147 375 2179 sed
394 2146 489 2179 Deus
508 2157 568 2178 sua
585 2146 754 2190 sapientia
780 2154 813 2180 et
839 2160 921 2181 voce
943 2148 1094 2182 instituit
1121 2146 1215 2182 hunc
1237 2162 1295 2182 or-

318 2197 457 2236 dinem,
490 2203 523 2228 et
547 2204 716 2240 quantum
740 2205 896 2242 superest
925 2199 1079 2240 ordinis,
1115 2206 1297 2233 conservat

320 2248 392 2290 ipse
408 2247 601 2283 efficaciter.
652 2248 789 2281 Interea
809 2261 929 2282 verum
945 2256 1013 2289 est,
1039 2251 1133 2294 quod
1151 2251 1297 2290 diaboli,

321 2305 354 2330 et
378 2298 485 2330 multa
512 2310 642 2342 organa
673 2299 895 2332 diabolorum
928 2300 1089 2344 tyranni,
1130 2301 1298 2343 seditiosi,

323 2348 442 2381 etalii
482 2349 639 2382 scelerati
675 2347 836 2382 homines
875 2350 1118 2393 multipliciter
1154 2353 1297 2386 turbant

323 2396 418 2431 hunc
443 2400 625 2440 ordinem,
657 2407 689 2433 et
721 2401 847 2434 multas
875 2401 1096 2434 confusiones
1125 2409 1157 2435 et
1189 2404 1298 2436 inulta

324 2448 408 2481 vitia
438 2449 603 2490 miscent,
640 2451 727 2484 sicut
750 2452 823 2495 lupi
850 2452 1002 2496 aliquam
1029 2452 1141 2493 gregis
1167 2462 1298 2495 partem

326 2499 497 2537 lacerant,
523 2507 554 2532 et
569 2507 682 2533 tamen
702 2509 817 2545 pastor
833 2503 943 2535 fidelis
956 2503 1109 2535 defendit
1125 2504 1299 2547 reliquum

326 2560 466 2591 agmen:
495 2549 539 2581 ita
565 2558 733 2594 qnantum
758 2554 892 2586 ordinis
917 2554 1091 2597 reliquum
1117 2561 1166 2587 est
1191 2555 1226 2586 in
1245 2566 1300 2587 so-

326 2600 449 2632 cietate
485 2596 655 2642 humana,
689 2611 915 2637 conservatur
948 2604 1118 2637 immensa
1146 2605 1302 2639 bonitate

324 2651 368 2683 ab
385 2650 459 2695 ipso
478 2650 565 2683 Deo.

1344 1999 1396 2032 cia
1416 1998 1646 2042 praecipiunt.

1445 2048 1560 2081 Lucae
1584 2048 1635 2081 3.:
1672 2046 1828 2090 Baptista
1861 2047 2059 2091 publicanis
2088 2057 2120 2084 et
2152 2052 2324 2088 militibus

1346 2100 1596 2140 concionatur,
1622 2110 1660 2131 ac
1677 2098 1785 2131 tradit
1803 2110 1961 2142 expresse
1978 2107 2157 2144 praecepta
2171 2104 2324 2146 politica.

1345 2148 1439 2193 Ergo
1468 2150 1578 2193 ipsam
1610 2148 1828 2182 functionem
1865 2150 2062 2193 adprobat,
2095 2164 2173 2187 cum
2201 2155 2325 2191 doceat

1346 2201 1524 2245 quomodo
1549 2200 1592 2233 sit
1616 2199 1912 2240 administranda,
1942 2212 1986 2232 ne
2009 2201 2087 2244 plus
2110 2215 2214 2247 quarn
2239 2217 2324 2238 con-

1347 2251 1506 2285 stitutum
1523 2257 1572 2283 est
1589 2250 1782 2294 postulent:
1809 2250 1993 2283 Neminem
2011 2253 2215 2287 concutiatis
2227 2281 2235 2294 ,
2261 2268 2325 2290 ne-

1347 2314 1414 2347 que
1448 2300 1726 2336 calumniemini.
1784 2299 1879 2334 Haec
1902 2307 1972 2334 tota
1995 2303 2116 2335 concio
2143 2305 2325 2347 politicum

1348 2360 1495 2392 statum,
1524 2352 1671 2392 iudicia,
1699 2351 1861 2385 militiam
1883 2352 2070 2395 adprobat,
2102 2361 2134 2387 et
2157 2356 2326 2394 discernit

1349 2404 1391 2437 ab
1418 2403 1542 2436 ordine
1573 2402 1657 2436 vitia
1691 2413 1750 2436 seu
1775 2402 2014 2443 confusiones,
2057 2416 2142 2448 quas
2172 2403 2325 2443 humana

1350 2454 1484 2487 malitia
1511 2453 1688 2488 admiscet.
1755 2451 1801 2486 Et
1823 2453 1953 2490 futilis,
1989 2453 2106 2487 ieiuna
2131 2463 2164 2490 et
2192 2458 2325 2493 insulsa

1350 2505 1526 2538 cavillatio
1558 2503 1867 2547 Anabaptistarum
1899 2503 2117 2546 explodenda
2150 2514 2216 2547 est,
2265 2510 2327 2554 qui

1350 2553 1722 2598 dicunt,*Baptistam
1754 2551 1837 2587 baec
1873 2553 2084 2598 imperfectis
2121 2559 2329 2602 permisisse,

1351 2605 1530 2639 Christum
1548 2612 1662 2648 postea
1680 2604 1780 2636 aliter
1793 2605 1962 2638 docuisse.
1987 2604 2215 2654 Nequaquam
2231 2611 2326 2645 enim

1354 2664 1509 2701 pugnant
1524 2654 1654 2690 Christi
1672 2661 1702 2688 et
1719 2653 1896 2699 Baptistae
1915 2657 2112 2695 conciones.
