<?xml version="1.0" encoding="UTF-8"?>
<!DOCTYPE html PUBLIC "-//W3C//DTD XHTML 1.0 Transitional//EN"
    "http://www.w3.org/TR/xhtml1/DTD/xhtml1-transitional.dtd">
<html xmlns="http://www.w3.org/1999/xhtml" xml:lang="en" lang="en">
 <head>
  <title>
</title>
<meta http-equiv="Content-Type" content="text/html;charset=utf-8" />
  <meta name='ocr-system' content='tesseract 3.04.00' />
  <meta name='ocr-capabilities' content='ocr_page ocr_carea ocr_par ocr_line ocrx_word'/>
</head>
<body>
  <div class='ocr_page' id='page_1' title='image "./operaquaesupersu15melauoft/operaquaesupersu15melauoft_0188.png"; bbox 0 0 2415 2942; ppageno 0'>
   <div class='ocr_carea' id='block_1_1' title="bbox 241 110 1230 707">
    <p class='ocr_par' dir='ltr' id='par_1_1' title="bbox 241 110 1228 289">
     <span class='ocr_line' id='line_1_1' title="bbox 241 110 315 145; baseline -0.014 0"><span class='ocrx_word' id='word_1_1' title='bbox 241 110 315 145; x_wconf 82' lang='lat'>359</span> 
     </span>
     <span class='ocr_line' id='line_1_2' title="bbox 241 188 1228 229; baseline -0.007 -2"><span class='ocrx_word' id='word_1_2' title='bbox 241 203 274 229; x_wconf 83' lang='lat' dir='ltr'>et</span> <span class='ocrx_word' id='word_1_3' title='bbox 298 201 394 228; x_wconf 81' lang='lat' dir='ltr'>sanat</span> <span class='ocrx_word' id='word_1_4' title='bbox 422 192 505 226; x_wconf 85' lang='lat' dir='ltr'>haec</span> <span class='ocrx_word' id='word_1_5' title='bbox 531 196 650 224; x_wconf 86' lang='lat' dir='ltr'>nostra</span> <span class='ocrx_word' id='word_1_6' title='bbox 674 188 838 229; x_wconf 77' lang='lat' dir='ltr'>vulnera,</span> <span class='ocrx_word' id='word_1_7' title='bbox 867 200 947 222; x_wconf 89' lang='lat' dir='ltr'>curn</span> <span class='ocrx_word' id='word_1_8' title='bbox 973 189 1015 221; x_wconf 89' lang='lat' dir='ltr'>ad</span> <span class='ocrx_word' id='word_1_9' title='bbox 1041 200 1119 222; x_wconf 91' lang='lat' dir='ltr'>eum</span> <span class='ocrx_word' id='word_1_10' title='bbox 1143 199 1228 221; x_wconf 85' lang='lat' dir='ltr'>con-</span> 
     </span>
     <span class='ocr_line' id='line_1_3' title="bbox 243 247 407 289; baseline -0.006 -11"><span class='ocrx_word' id='word_1_11' title='bbox 243 247 407 289; x_wconf 80' lang='lat' dir='ltr'>sugimus.</span> 
     </span>
    </p>

    <p class='ocr_par' dir='ltr' id='par_1_2' title="bbox 241 304 1230 707">
     <span class='ocr_line' id='line_1_4' title="bbox 344 304 1229 351; baseline -0.003 -9"><span class='ocrx_word' id='word_1_12' title='bbox 344 310 421 343; x_wconf 80' lang='lat' dir='ltr'>Huc</span> <span class='ocrx_word' id='word_1_13' title='bbox 441 309 528 342; x_wconf 89' lang='lat' dir='ltr'>adde</span> <span class='ocrx_word' id='word_1_14' title='bbox 545 307 654 340; x_wconf 87' lang='lat' dir='ltr'>multa</span> <span class='ocrx_word' id='word_1_15' title='bbox 673 306 763 339; x_wconf 86' lang='lat' dir='ltr'>dicta</span> <span class='ocrx_word' id='word_1_16' title='bbox 782 318 820 339; x_wconf 84' lang='lat' dir='ltr'>ex</span> <span class='ocrx_word' id='word_1_17' title='bbox 835 304 1028 349; x_wconf 79' lang='lat' dir='ltr'>Evangelio</span> <span class='ocrx_word' id='word_1_18' title='bbox 1042 330 1050 343; x_wconf 90' lang='lat'>,</span> <span class='ocrx_word' id='word_1_19' title='bbox 1077 317 1165 351; x_wconf 84' lang='lat' dir='ltr'>quae</span> <span class='ocrx_word' id='word_1_20' title='bbox 1186 306 1229 339; x_wconf 88' lang='lat' dir='ltr'>de</span> 
     </span>
     <span class='ocr_line' id='line_1_5' title="bbox 243 354 1226 397; baseline -0.005 -3"><span class='ocrx_word' id='word_1_21' title='bbox 243 360 536 395; x_wconf 69' lang='lat' dir='ltr'>condemnatione</span> <span class='ocrx_word' id='word_1_22' title='bbox 567 357 700 391; x_wconf 87' lang='lat' dir='ltr'>diaboli</span> <span class='ocrx_word' id='word_1_23' title='bbox 732 357 1006 397; x_wconf 83' lang='lat' dir='ltr'>concionantur,</span> <span class='ocrx_word' id='word_1_24' title='bbox 1039 364 1077 390; x_wconf 86' lang='lat' dir='ltr'>ut</span> <span class='ocrx_word' id='word_1_25' title='bbox 1099 354 1226 390; x_wconf 75' lang='lat' dir='ltr'>Matth.</span> 
     </span>
     <span class='ocr_line' id='line_1_6' title="bbox 241 407 1229 450; baseline -0.006 -5"><span class='ocrx_word' id='word_1_26' title='bbox 241 411 318 445; x_wconf 68' lang='lat'>25:</span> <span class='ocrx_word' id='word_1_27' title='bbox 349 410 524 444; x_wconf 83' lang='lat' dir='ltr'>Discedite</span> <span class='ocrx_word' id='word_1_28' title='bbox 543 423 559 442; x_wconf 87' lang='lat' dir='ltr'>a</span> <span class='ocrx_word' id='word_1_29' title='bbox 578 420 632 441; x_wconf 90' lang='lat' dir='ltr'>me</span> <span class='ocrx_word' id='word_1_30' title='bbox 651 407 825 440; x_wconf 87' lang='lat' dir='ltr'>maledicti</span> <span class='ocrx_word' id='word_1_31' title='bbox 846 407 882 439; x_wconf 92' lang='lat' dir='ltr'>in</span> <span class='ocrx_word' id='word_1_32' title='bbox 901 408 1014 450; x_wconf 80' lang='lat' dir='ltr'>ignem</span> <span class='ocrx_word' id='word_1_33' title='bbox 1036 414 1229 448; x_wconf 85' lang='lat' dir='ltr'>aeternum,</span> 
     </span>
     <span class='ocr_line' id='line_1_7' title="bbox 244 457 1228 507; baseline -0.003 -15"><span class='ocrx_word' id='word_1_34' title='bbox 244 463 304 507; x_wconf 75' lang='lat' dir='ltr'>qui</span> <span class='ocrx_word' id='word_1_35' title='bbox 335 469 474 503; x_wconf 82' lang='lat' dir='ltr'>paratus</span> <span class='ocrx_word' id='word_1_36' title='bbox 502 468 554 494; x_wconf 86' lang='lat' dir='ltr'>est</span> <span class='ocrx_word' id='word_1_37' title='bbox 579 458 720 491; x_wconf 86' lang='lat' dir='ltr'>diabolo</span> <span class='ocrx_word' id='word_1_38' title='bbox 749 465 781 491; x_wconf 89' lang='lat' dir='ltr'>et</span> <span class='ocrx_word' id='word_1_39' title='bbox 807 458 940 504; x_wconf 71' lang='lat' dir='ltr'>angelis</span> <span class='ocrx_word' id='word_1_40' title='bbox 963 459 1056 497; x_wconf 88' lang='lat' dir='ltr'>eius,</span> <span class='ocrx_word' id='word_1_41' title='bbox 1093 465 1126 491; x_wconf 87' lang='lat' dir='ltr'>et</span> <span class='ocrx_word' id='word_1_42' title='bbox 1157 457 1228 491; x_wconf 88' lang='lat' dir='ltr'>Ln-</span> 
     </span>
     <span class='ocr_line' id='line_1_8' title="bbox 243 508 1229 549; baseline -0.003 -5"><span class='ocrx_word' id='word_1_43' title='bbox 243 525 301 545; x_wconf 86' lang='lat' dir='ltr'>cae</span> <span class='ocrx_word' id='word_1_44' title='bbox 323 512 383 546; x_wconf 70' lang='lat'>20.</span> <span class='ocrx_word' id='word_1_45' title='bbox 417 512 563 544; x_wconf 85' lang='lat' dir='ltr'>dicitur:</span> <span class='ocrx_word' id='word_1_46' title='bbox 601 508 773 541; x_wconf 64' lang='lat' dir='ltr'>Videbam</span> <span class='ocrx_word' id='word_1_47' title='bbox 805 517 959 542; x_wconf 86' lang='lat' dir='ltr'>satanam</span> <span class='ocrx_word' id='word_1_48' title='bbox 989 516 1027 542; x_wconf 87' lang='lat' dir='ltr'>ut</span> <span class='ocrx_word' id='word_1_49' title='bbox 1049 509 1168 549; x_wconf 81' lang='lat' dir='ltr'>fulgur</span> <span class='ocrx_word' id='word_1_50' title='bbox 1191 521 1229 541; x_wconf 90' lang='lat' dir='ltr'>ex</span> 
     </span>
     <span class='ocr_line' id='line_1_9' title="bbox 243 558 1230 596; baseline -0.004 -1"><span class='ocrx_word' id='word_1_51' title='bbox 243 564 342 596; x_wconf 86' lang='lat' dir='ltr'>coelo</span> <span class='ocrx_word' id='word_1_52' title='bbox 368 564 501 595; x_wconf 87' lang='lat' dir='ltr'>cadere.</span> <span class='ocrx_word' id='word_1_53' title='bbox 562 558 607 593; x_wconf 86' lang='lat' dir='ltr'>Et</span> <span class='ocrx_word' id='word_1_54' title='bbox 631 560 877 593; x_wconf 76' lang='lat' dir='ltr'>condemnatio</span> <span class='ocrx_word' id='word_1_55' title='bbox 903 560 1037 592; x_wconf 89' lang='lat' dir='ltr'>diaboli</span> <span class='ocrx_word' id='word_1_56' title='bbox 1061 560 1230 592; x_wconf 87' lang='lat' dir='ltr'>describi-</span> 
     </span>
     <span class='ocr_line' id='line_1_10' title="bbox 246 608 1228 646; baseline -0.005 0"><span class='ocrx_word' id='word_1_57' title='bbox 246 621 302 646; x_wconf 91' lang='lat' dir='ltr'>tur</span> <span class='ocrx_word' id='word_1_58' title='bbox 324 614 365 645; x_wconf 89' lang='lat' dir='ltr'>ad</span> <span class='ocrx_word' id='word_1_59' title='bbox 390 612 523 646; x_wconf 79' lang='lat' dir='ltr'>Coloss.</span> <span class='ocrx_word' id='word_1_60' title='bbox 543 615 596 646; x_wconf 65' lang='lat'>2:</span> <span class='ocrx_word' id='word_1_61' title='bbox 635 610 741 643; x_wconf 76' lang='lat' dir='ltr'>Duxit</span> <span class='ocrx_word' id='word_1_62' title='bbox 767 608 930 643; x_wconf 85' lang='lat' dir='ltr'>Christus</span> <span class='ocrx_word' id='word_1_63' title='bbox 954 611 1169 642; x_wconf 86' lang='lat' dir='ltr'>confidenter</span> <span class='ocrx_word' id='word_1_64' title='bbox 1193 610 1228 642; x_wconf 90' lang='lat' dir='ltr'>in</span> 
     </span>
     <span class='ocr_line' id='line_1_11' title="bbox 245 661 1119 707; baseline -0.003 -10"><span class='ocrx_word' id='word_1_65' title='bbox 245 661 426 707; x_wconf 84' lang='lat' dir='ltr'>triumpho</span> <span class='ocrx_word' id='word_1_66' title='bbox 445 670 563 696; x_wconf 78' lang='lat' dir='ltr'>exutas</span> <span class='ocrx_word' id='word_1_67' title='bbox 581 669 766 706; x_wconf 82' lang='lat' dir='ltr'>potestates</span> <span class='ocrx_word' id='word_1_68' title='bbox 784 674 843 704; x_wconf 84' lang='lat' dir='ltr'>per</span> <span class='ocrx_word' id='word_1_69' title='bbox 859 661 1030 704; x_wconf 84' lang='lat' dir='ltr'>seipsum,</span> <span class='ocrx_word' id='word_1_70' title='bbox 1056 667 1119 694; x_wconf 87' lang='lat' dir='ltr'>etc.</span> 
     </span>
    </p>
   </div>
   <div class='ocr_carea' id='block_1_2' title="bbox 246 725 1234 1983">
    <p class='ocr_par' dir='ltr' id='par_1_3' title="bbox 246 725 1234 1983">
     <span class='ocr_line' id='line_1_12' title="bbox 349 725 1231 763; baseline -0.007 -1"><span class='ocrx_word' id='word_1_71' title='bbox 349 729 415 763; x_wconf 86' lang='lat' dir='ltr'>Sed</span> <span class='ocrx_word' id='word_1_72' title='bbox 439 727 529 762; x_wconf 89' lang='lat' dir='ltr'>hanc</span> <span class='ocrx_word' id='word_1_73' title='bbox 553 736 661 762; x_wconf 86' lang='lat' dir='ltr'>totam</span> <span class='ocrx_word' id='word_1_74' title='bbox 683 728 878 759; x_wconf 85' lang='lat' dir='ltr'>doctrinam</span> <span class='ocrx_word' id='word_1_75' title='bbox 897 728 939 758; x_wconf 91' lang='lat' dir='ltr'>de</span> <span class='ocrx_word' id='word_1_76' title='bbox 959 725 1012 758; x_wconf 90' lang='lat' dir='ltr'>his</span> <span class='ocrx_word' id='word_1_77' title='bbox 1030 725 1231 758; x_wconf 84' lang='lat' dir='ltr'>certamini-</span> 
     </span>
     <span class='ocr_line' id='line_1_13' title="bbox 246 775 1230 820; baseline -0.006 -7"><span class='ocrx_word' id='word_1_78' title='bbox 246 782 330 820; x_wconf 78' lang='lat' dir='ltr'>bus,</span> <span class='ocrx_word' id='word_1_79' title='bbox 360 782 402 812; x_wconf 93' lang='lat' dir='ltr'>de</span> <span class='ocrx_word' id='word_1_80' title='bbox 430 780 568 812; x_wconf 75' lang='lat' dir='ltr'>insidiis</span> <span class='ocrx_word' id='word_1_81' title='bbox 595 779 748 817; x_wconf 74' lang='lat' dir='ltr'>diaboli,</span> <span class='ocrx_word' id='word_1_82' title='bbox 778 779 820 809; x_wconf 92' lang='lat' dir='ltr'>de</span> <span class='ocrx_word' id='word_1_83' title='bbox 845 777 989 809; x_wconf 68' lang='lat' dir='ltr'>victoria</span> <span class='ocrx_word' id='word_1_84' title='bbox 1006 775 1158 813; x_wconf 82' lang='lat' dir='ltr'>Christi,</span> <span class='ocrx_word' id='word_1_85' title='bbox 1189 777 1230 807; x_wconf 93' lang='lat' dir='ltr'>de</span> 
     </span>
     <span class='ocr_line' id='line_1_14' title="bbox 247 827 1229 870; baseline -0.006 -6"><span class='ocrx_word' id='word_1_86' title='bbox 247 831 377 864; x_wconf 78' lang='lat' dir='ltr'>nostris</span> <span class='ocrx_word' id='word_1_87' title='bbox 409 830 584 867; x_wconf 72' lang='lat' dir='ltr'>victoriis,</span> <span class='ocrx_word' id='word_1_88' title='bbox 629 827 790 861; x_wconf 75' lang='lat' dir='ltr'>homines</span> <span class='ocrx_word' id='word_1_89' title='bbox 825 828 981 870; x_wconf 77' lang='lat' dir='ltr'>profani,</span> <span class='ocrx_word' id='word_1_90' title='bbox 1024 827 1154 863; x_wconf 88' lang='lat' dir='ltr'>securi,</span> <span class='ocrx_word' id='word_1_91' title='bbox 1199 833 1229 859; x_wconf 89' lang='lat' dir='ltr'>et</span> 
     </span>
     <span class='ocr_line' id='line_1_15' title="bbox 248 877 1230 924; baseline -0.007 -10"><span class='ocrx_word' id='word_1_92' title='bbox 248 882 356 914; x_wconf 82' lang='lat' dir='ltr'>dediti</span> <span class='ocrx_word' id='word_1_93' title='bbox 390 881 649 924; x_wconf 66' lang='lat' dir='ltr'>voluptatibus,</span> <span class='ocrx_word' id='word_1_94' title='bbox 688 885 811 920; x_wconf 82' lang='lat' dir='ltr'>putant</span> <span class='ocrx_word' id='word_1_95' title='bbox 843 889 914 909; x_wconf 82' lang='lat' dir='ltr'>esse</span> <span class='ocrx_word' id='word_1_96' title='bbox 944 878 1020 909; x_wconf 80' lang='lat' dir='ltr'>sicta</span> <span class='ocrx_word' id='word_1_97' title='bbox 1049 877 1230 909; x_wconf 88' lang='lat' dir='ltr'>terricula-</span> 
     </span>
     <span class='ocr_line' id='line_1_16' title="bbox 248 925 1232 971; baseline -0.005 -7"><span class='ocrx_word' id='word_1_98' title='bbox 248 939 384 971; x_wconf 84' lang='lat' dir='ltr'>menta,</span> <span class='ocrx_word' id='word_1_99' title='bbox 413 939 444 965; x_wconf 92' lang='lat' dir='ltr'>et</span> <span class='ocrx_word' id='word_1_100' title='bbox 468 931 578 963; x_wconf 86' lang='lat' dir='ltr'>aniles</span> <span class='ocrx_word' id='word_1_101' title='bbox 603 929 758 967; x_wconf 82' lang='lat' dir='ltr'>fabulas,</span> <span class='ocrx_word' id='word_1_102' title='bbox 787 928 863 960; x_wconf 89' lang='lat' dir='ltr'>ideo</span> <span class='ocrx_word' id='word_1_103' title='bbox 883 927 1024 959; x_wconf 78' lang='lat' dir='ltr'>difficile</span> <span class='ocrx_word' id='word_1_104' title='bbox 1043 935 1092 960; x_wconf 83' lang='lat' dir='ltr'>est</span> <span class='ocrx_word' id='word_1_105' title='bbox 1110 925 1232 959; x_wconf 86' lang='lat' dir='ltr'>dehac</span> 
     </span>
     <span class='ocr_line' id='line_1_17' title="bbox 247 978 1228 1025; baseline -0.006 -10"><span class='ocrx_word' id='word_1_106' title='bbox 247 995 284 1015; x_wconf 90' lang='lat' dir='ltr'>re</span> <span class='ocrx_word' id='word_1_107' title='bbox 310 981 417 1025; x_wconf 91' lang='lat' dir='ltr'>loqui.</span> <span class='ocrx_word' id='word_1_108' title='bbox 471 980 537 1014; x_wconf 91' lang='lat' dir='ltr'>Sed</span> <span class='ocrx_word' id='word_1_109' title='bbox 562 979 754 1024; x_wconf 85' lang='lat' dir='ltr'>potentiam</span> <span class='ocrx_word' id='word_1_110' title='bbox 779 985 811 1011; x_wconf 89' lang='lat' dir='ltr'>et</span> <span class='ocrx_word' id='word_1_111' title='bbox 833 979 969 1011; x_wconf 83' lang='lat' dir='ltr'>furores</span> <span class='ocrx_word' id='word_1_112' title='bbox 994 978 1126 1010; x_wconf 86' lang='lat' dir='ltr'>diaboli</span> <span class='ocrx_word' id='word_1_113' title='bbox 1148 989 1228 1010; x_wconf 84' lang='lat' dir='ltr'>con·</span> 
     </span>
     <span class='ocr_line' id='line_1_18' title="bbox 248 1028 1231 1075; baseline -0.006 -10"><span class='ocrx_word' id='word_1_114' title='bbox 248 1032 411 1075; x_wconf 87' lang='lat' dir='ltr'>templari</span> <span class='ocrx_word' id='word_1_115' title='bbox 441 1029 602 1064; x_wconf 86' lang='lat' dir='ltr'>homines</span> <span class='ocrx_word' id='word_1_116' title='bbox 633 1041 735 1063; x_wconf 84' lang='lat' dir='ltr'>sanos</span> <span class='ocrx_word' id='word_1_117' title='bbox 765 1029 850 1062; x_wconf 85' lang='lat' dir='ltr'>utile</span> <span class='ocrx_word' id='word_1_118' title='bbox 876 1035 926 1062; x_wconf 89' lang='lat' dir='ltr'>est</span> <span class='ocrx_word' id='word_1_119' title='bbox 952 1029 987 1060; x_wconf 90' lang='lat' dir='ltr'>in</span> <span class='ocrx_word' id='word_1_120' title='bbox 1011 1035 1080 1062; x_wconf 89' lang='lat' dir='ltr'>tota</span> <span class='ocrx_word' id='word_1_121' title='bbox 1107 1028 1231 1060; x_wconf 90' lang='lat' dir='ltr'>mundi</span> 
     </span>
     <span class='ocr_line' id='line_1_19' title="bbox 249 1079 1231 1122; baseline -0.006 -6"><span class='ocrx_word' id='word_1_122' title='bbox 249 1082 408 1116; x_wconf 85' lang='lat' dir='ltr'>historia.</span> <span class='ocrx_word' id='word_1_123' title='bbox 462 1081 553 1114; x_wconf 62' lang='lat' dir='ltr'>vide</span> <span class='ocrx_word' id='word_1_124' title='bbox 575 1088 611 1114; x_wconf 90' lang='lat' dir='ltr'>ut</span> <span class='ocrx_word' id='word_1_125' title='bbox 637 1081 750 1114; x_wconf 89' lang='lat' dir='ltr'>statim</span> <span class='ocrx_word' id='word_1_126' title='bbox 776 1080 819 1112; x_wconf 89' lang='lat' dir='ltr'>ab</span> <span class='ocrx_word' id='word_1_127' title='bbox 834 1080 936 1112; x_wconf 90' lang='lat' dir='ltr'>initio</span> <span class='ocrx_word' id='word_1_128' title='bbox 955 1086 1065 1112; x_wconf 87' lang='lat' dir='ltr'>armat</span> <span class='ocrx_word' id='word_1_129' title='bbox 1084 1079 1231 1122; x_wconf 88' lang='lat' dir='ltr'>impium</span> 
     </span>
     <span class='ocr_line' id='line_1_20' title="bbox 248 1129 1232 1172; baseline -0.004 -7"><span class='ocrx_word' id='word_1_130' title='bbox 248 1137 390 1166; x_wconf 78' lang='lat' dir='ltr'>tratrem</span> <span class='ocrx_word' id='word_1_131' title='bbox 415 1133 579 1165; x_wconf 80' lang='lat' dir='ltr'>adversus</span> <span class='ocrx_word' id='word_1_132' title='bbox 596 1131 695 1165; x_wconf 82' lang='lat' dir='ltr'>Abel.</span> <span class='ocrx_word' id='word_1_133' title='bbox 750 1130 870 1164; x_wconf 88' lang='lat' dir='ltr'>Postea</span> <span class='ocrx_word' id='word_1_134' title='bbox 890 1131 1061 1163; x_wconf 88' lang='lat' dir='ltr'>mundum</span> <span class='ocrx_word' id='word_1_135' title='bbox 1079 1129 1232 1172; x_wconf 88' lang='lat' dir='ltr'>comple-</span> 
     </span>
     <span class='ocr_line' id='line_1_21' title="bbox 249 1179 1231 1222; baseline -0.002 -8"><span class='ocrx_word' id='word_1_136' title='bbox 249 1185 297 1216; x_wconf 68' lang='lat' dir='ltr'>vit</span> <span class='ocrx_word' id='word_1_137' title='bbox 323 1184 445 1222; x_wconf 89' lang='lat' dir='ltr'>idolis,</span> <span class='ocrx_word' id='word_1_138' title='bbox 481 1195 519 1216; x_wconf 91' lang='lat' dir='ltr'>ac</span> <span class='ocrx_word' id='word_1_139' title='bbox 541 1182 755 1215; x_wconf 73' lang='lat' dir='ltr'>dementavit</span> <span class='ocrx_word' id='word_1_140' title='bbox 780 1179 942 1214; x_wconf 87' lang='lat' dir='ltr'>homines</span> <span class='ocrx_word' id='word_1_141' title='bbox 964 1182 1068 1218; x_wconf 82' lang='lat' dir='ltr'>adeo,</span> <span class='ocrx_word' id='word_1_142' title='bbox 1096 1187 1133 1213; x_wconf 93' lang='lat' dir='ltr'>ut</span> <span class='ocrx_word' id='word_1_143' title='bbox 1158 1192 1231 1212; x_wconf 86' lang='lat' dir='ltr'>ma-</span> 
     </span>
     <span class='ocr_line' id='line_1_22' title="bbox 249 1232 1232 1275; baseline -0.003 -9"><span class='ocrx_word' id='word_1_144' title='bbox 249 1235 415 1267; x_wconf 82' lang='lat' dir='ltr'>ctationes</span> <span class='ocrx_word' id='word_1_145' title='bbox 448 1234 661 1273; x_wconf 87' lang='lat' dir='ltr'>liberorum,</span> <span class='ocrx_word' id='word_1_146' title='bbox 709 1239 741 1266; x_wconf 90' lang='lat' dir='ltr'>et</span> <span class='ocrx_word' id='word_1_147' title='bbox 773 1232 938 1264; x_wconf 82' lang='lat' dir='ltr'>libidines</span> <span class='ocrx_word' id='word_1_148' title='bbox 968 1237 1132 1275; x_wconf 84' lang='lat' dir='ltr'>putarent</span> <span class='ocrx_word' id='word_1_149' title='bbox 1161 1242 1232 1263; x_wconf 91' lang='lat' dir='ltr'>esse</span> 
     </span>
     <span class='ocr_line' id='line_1_23' title="bbox 250 1282 1233 1328; baseline -0.005 -10"><span class='ocrx_word' id='word_1_150' title='bbox 250 1286 363 1318; x_wconf 88' lang='lat' dir='ltr'>cultus</span> <span class='ocrx_word' id='word_1_151' title='bbox 379 1283 455 1317; x_wconf 92' lang='lat' dir='ltr'>Dei.</span> <span class='ocrx_word' id='word_1_152' title='bbox 506 1283 644 1318; x_wconf 85' lang='lat' dir='ltr'>Deinde</span> <span class='ocrx_word' id='word_1_153' title='bbox 670 1295 774 1328; x_wconf 91' lang='lat' dir='ltr'>quam</span> <span class='ocrx_word' id='word_1_154' title='bbox 799 1282 910 1316; x_wconf 86' lang='lat' dir='ltr'>tristia</span> <span class='ocrx_word' id='word_1_155' title='bbox 928 1282 1123 1324; x_wconf 88' lang='lat' dir='ltr'>spectacula</span> <span class='ocrx_word' id='word_1_156' title='bbox 1141 1287 1233 1321; x_wconf 90' lang='lat' dir='ltr'>sunt,</span> 
     </span>
     <span class='ocr_line' id='line_1_24' title="bbox 249 1333 1234 1377; baseline -0.004 -8"><span class='ocrx_word' id='word_1_157' title='bbox 249 1343 301 1369; x_wconf 85' lang='lat' dir='ltr'>tot</span> <span class='ocrx_word' id='word_1_158' title='bbox 331 1335 473 1367; x_wconf 84' lang='lat' dir='ltr'>urbium</span> <span class='ocrx_word' id='word_1_159' title='bbox 505 1334 658 1374; x_wconf 84' lang='lat' dir='ltr'>excidia,</span> <span class='ocrx_word' id='word_1_160' title='bbox 694 1333 730 1365; x_wconf 91' lang='lat' dir='ltr'>in</span> <span class='ocrx_word' id='word_1_161' title='bbox 763 1334 890 1377; x_wconf 90' lang='lat' dir='ltr'>quibus</span> <span class='ocrx_word' id='word_1_162' title='bbox 913 1339 1041 1365; x_wconf 90' lang='lat' dir='ltr'>matres</span> <span class='ocrx_word' id='word_1_163' title='bbox 1066 1339 1234 1365; x_wconf 82' lang='lat' dir='ltr'>coxerunt</span> 
     </span>
     <span class='ocr_line' id='line_1_25' title="bbox 249 1383 1233 1425; baseline -0.005 -7"><span class='ocrx_word' id='word_1_164' title='bbox 249 1397 369 1418; x_wconf 86' lang='lat' dir='ltr'>carnes</span> <span class='ocrx_word' id='word_1_165' title='bbox 392 1385 603 1422; x_wconf 86' lang='lat' dir='ltr'>liberorum,</span> <span class='ocrx_word' id='word_1_166' title='bbox 631 1391 662 1417; x_wconf 86' lang='lat' dir='ltr'>et</span> <span class='ocrx_word' id='word_1_167' title='bbox 683 1384 836 1425; x_wconf 80' lang='lat' dir='ltr'>legiones</span> <span class='ocrx_word' id='word_1_168' title='bbox 861 1383 1050 1415; x_wconf 72' lang='lat' dir='ltr'>decimatae</span> <span class='ocrx_word' id='word_1_169' title='bbox 1075 1390 1155 1416; x_wconf 92' lang='lat' dir='ltr'>sunt</span> <span class='ocrx_word' id='word_1_170' title='bbox 1190 1383 1233 1414; x_wconf 88' lang='lat' dir='ltr'>ad</span> 
     </span>
     <span class='ocr_line' id='line_1_26' title="bbox 250 1432 1233 1480; baseline -0.004 -12"><span class='ocrx_word' id='word_1_171' title='bbox 250 1437 395 1469; x_wconf 84' lang='lat' dir='ltr'>alendos</span> <span class='ocrx_word' id='word_1_172' title='bbox 429 1436 584 1480; x_wconf 90' lang='lat' dir='ltr'>reliquos</span> <span class='ocrx_word' id='word_1_173' title='bbox 617 1435 761 1474; x_wconf 77' lang='lat' dir='ltr'>milites,</span> <span class='ocrx_word' id='word_1_174' title='bbox 803 1446 880 1466; x_wconf 89' lang='lat' dir='ltr'>cum</span> <span class='ocrx_word' id='word_1_175' title='bbox 908 1432 1038 1465; x_wconf 81' lang='lat' dir='ltr'>Brutus</span> <span class='ocrx_word' id='word_1_176' title='bbox 1071 1433 1233 1465; x_wconf 77' lang='lat' dir='ltr'>cinxisset</span> 
     </span>
     <span class='ocr_line' id='line_1_27' title="bbox 251 1483 1231 1529; baseline -0.004 -10"><span class='ocrx_word' id='word_1_177' title='bbox 251 1487 436 1519; x_wconf 85' lang='lat' dir='ltr'>obsidione</span> <span class='ocrx_word' id='word_1_178' title='bbox 454 1487 578 1519; x_wconf 88' lang='lat' dir='ltr'>urbem</span> <span class='ocrx_word' id='word_1_179' title='bbox 597 1483 835 1518; x_wconf 87' lang='lat' dir='ltr'>Xanthiorum</span> <span class='ocrx_word' id='word_1_180' title='bbox 853 1485 887 1516; x_wconf 90' lang='lat' dir='ltr'>in</span> <span class='ocrx_word' id='word_1_181' title='bbox 905 1483 1030 1529; x_wconf 65' lang='lat' dir='ltr'>Lycia,</span> <span class='ocrx_word' id='word_1_182' title='bbox 1060 1484 1149 1516; x_wconf 86' lang='lat' dir='ltr'>cives</span> <span class='ocrx_word' id='word_1_183' title='bbox 1167 1483 1231 1527; x_wconf 92' lang='lat' dir='ltr'>ipsi</span> 
     </span>
     <span class='ocr_line' id='line_1_28' title="bbox 249 1534 1233 1578; baseline -0.004 -8"><span class='ocrx_word' id='word_1_184' title='bbox 249 1538 372 1570; x_wconf 85' lang='lat' dir='ltr'>urbem</span> <span class='ocrx_word' id='word_1_185' title='bbox 393 1538 642 1576; x_wconf 83' lang='lat' dir='ltr'>incenderunt,</span> <span class='ocrx_word' id='word_1_186' title='bbox 672 1542 703 1568; x_wconf 91' lang='lat' dir='ltr'>et</span> <span class='ocrx_word' id='word_1_187' title='bbox 717 1547 789 1568; x_wconf 91' lang='lat' dir='ltr'>sese</span> <span class='ocrx_word' id='word_1_188' title='bbox 807 1536 1054 1578; x_wconf 78' lang='lat' dir='ltr'>perdiderunt,</span> <span class='ocrx_word' id='word_1_189' title='bbox 1083 1534 1143 1566; x_wconf 83' lang='lat' dir='ltr'>alii</span> <span class='ocrx_word' id='word_1_190' title='bbox 1162 1545 1233 1566; x_wconf 88' lang='lat' dir='ltr'>sese</span> 
     </span>
     <span class='ocr_line' id='line_1_29' title="bbox 248 1585 1233 1628; baseline -0.005 -8"><span class='ocrx_word' id='word_1_191' title='bbox 248 1588 420 1620; x_wconf 78' lang='lat' dir='ltr'>fodientes</span> <span class='ocrx_word' id='word_1_192' title='bbox 437 1587 545 1620; x_wconf 82' lang='lat' dir='ltr'>ferro:</span> <span class='ocrx_word' id='word_1_193' title='bbox 575 1594 607 1619; x_wconf 90' lang='lat' dir='ltr'>et</span> <span class='ocrx_word' id='word_1_194' title='bbox 622 1593 804 1628; x_wconf 86' lang='lat' dir='ltr'>conspecta</span> <span class='ocrx_word' id='word_1_195' title='bbox 818 1592 867 1618; x_wconf 87' lang='lat' dir='ltr'>est</span> <span class='ocrx_word' id='word_1_196' title='bbox 884 1585 1029 1624; x_wconf 85' lang='lat' dir='ltr'>mulier,</span> <span class='ocrx_word' id='word_1_197' title='bbox 1057 1596 1144 1628; x_wconf 90' lang='lat' dir='ltr'>quae</span> <span class='ocrx_word' id='word_1_198' title='bbox 1161 1596 1233 1616; x_wconf 88' lang='lat' dir='ltr'>sese</span> 
     </span>
     <span class='ocr_line' id='line_1_30' title="bbox 249 1635 1231 1681; baseline -0.002 -12"><span class='ocrx_word' id='word_1_199' title='bbox 249 1639 480 1681; x_wconf 80' lang='lat' dir='ltr'>suspenderat</span> <span class='ocrx_word' id='word_1_200' title='bbox 503 1639 545 1670; x_wconf 92' lang='lat' dir='ltr'>de</span> <span class='ocrx_word' id='word_1_201' title='bbox 568 1644 655 1670; x_wconf 85' lang='lat' dir='ltr'>tecto</span> <span class='ocrx_word' id='word_1_202' title='bbox 682 1648 763 1670; x_wconf 87' lang='lat' dir='ltr'>suae</span> <span class='ocrx_word' id='word_1_203' title='bbox 787 1637 932 1675; x_wconf 90' lang='lat' dir='ltr'>domus,</span> <span class='ocrx_word' id='word_1_204' title='bbox 956 1642 986 1667; x_wconf 94' lang='lat' dir='ltr'>et</span> <span class='ocrx_word' id='word_1_205' title='bbox 1005 1637 1047 1668; x_wconf 87' lang='lat' dir='ltr'>de</span> <span class='ocrx_word' id='word_1_206' title='bbox 1062 1647 1123 1668; x_wconf 88' lang='lat' dir='ltr'>suo</span> <span class='ocrx_word' id='word_1_207' title='bbox 1142 1635 1231 1667; x_wconf 92' lang='lat' dir='ltr'>collo</span> 
     </span>
     <span class='ocr_line' id='line_1_31' title="bbox 249 1685 1230 1731; baseline -0.003 -10"><span class='ocrx_word' id='word_1_208' title='bbox 249 1689 505 1731; x_wconf 86' lang='lat' dir='ltr'>strangulatum</span> <span class='ocrx_word' id='word_1_209' title='bbox 529 1688 699 1720; x_wconf 84' lang='lat' dir='ltr'>infantem</span> <span class='ocrx_word' id='word_1_210' title='bbox 724 1687 970 1730; x_wconf 67' lang='lat' dir='ltr'>suspenderat,</span> <span class='ocrx_word' id='word_1_211' title='bbox 997 1693 1028 1719; x_wconf 90' lang='lat' dir='ltr'>et</span> <span class='ocrx_word' id='word_1_212' title='bbox 1052 1685 1088 1718; x_wconf 90' lang='lat' dir='ltr'>in</span> <span class='ocrx_word' id='word_1_213' title='bbox 1112 1686 1230 1718; x_wconf 80' lang='lat' dir='ltr'>dextra</span> 
     </span>
     <span class='ocr_line' id='line_1_32' title="bbox 248 1735 1232 1782; baseline -0.004 -10"><span class='ocrx_word' id='word_1_214' title='bbox 248 1740 386 1772; x_wconf 75' lang='lat' dir='ltr'>tenebat</span> <span class='ocrx_word' id='word_1_215' title='bbox 410 1740 541 1779; x_wconf 75' lang='lat' dir='ltr'>facem,</span> <span class='ocrx_word' id='word_1_216' title='bbox 572 1750 639 1782; x_wconf 87' lang='lat' dir='ltr'>qua</span> <span class='ocrx_word' id='word_1_217' title='bbox 663 1739 806 1770; x_wconf 87' lang='lat' dir='ltr'>domum</span> <span class='ocrx_word' id='word_1_218' title='bbox 832 1737 1086 1769; x_wconf 76' lang='lat' dir='ltr'>inflammabat.</span> <span class='ocrx_word' id='word_1_219' title='bbox 1137 1735 1232 1768; x_wconf 81' lang='lat' dir='ltr'>Haec</span> 
     </span>
     <span class='ocr_line' id='line_1_33' title="bbox 248 1787 1230 1833; baseline -0.003 -11"><span class='ocrx_word' id='word_1_220' title='bbox 248 1787 424 1822; x_wconf 87' lang='lat' dir='ltr'>horrenda</span> <span class='ocrx_word' id='word_1_221' title='bbox 451 1788 643 1833; x_wconf 89' lang='lat' dir='ltr'>spectacula</span> <span class='ocrx_word' id='word_1_222' title='bbox 660 1801 731 1820; x_wconf 88' lang='lat' dir='ltr'>non</span> <span class='ocrx_word' id='word_1_223' title='bbox 749 1794 1004 1831; x_wconf 76' lang='lat' dir='ltr'>praetereamus</span> <span class='ocrx_word' id='word_1_224' title='bbox 1019 1787 1139 1819; x_wconf 89' lang='lat' dir='ltr'>otiosis</span> <span class='ocrx_word' id='word_1_225' title='bbox 1153 1787 1230 1819; x_wconf 85' lang='lat' dir='ltr'>ani-</span> 
     </span>
     <span class='ocr_line' id='line_1_34' title="bbox 248 1836 1229 1883; baseline -0.003 -11"><span class='ocrx_word' id='word_1_226' title='bbox 248 1840 334 1881; x_wconf 83' lang='lat' dir='ltr'>mis,</span> <span class='ocrx_word' id='word_1_227' title='bbox 365 1841 424 1872; x_wconf 91' lang='lat' dir='ltr'>sed</span> <span class='ocrx_word' id='word_1_228' title='bbox 451 1839 672 1883; x_wconf 83' lang='lat' dir='ltr'>deploremus</span> <span class='ocrx_word' id='word_1_229' title='bbox 701 1837 912 1871; x_wconf 78' lang='lat' dir='ltr'>horrendam</span> <span class='ocrx_word' id='word_1_230' title='bbox 937 1838 1023 1870; x_wconf 83' lang='lat' dir='ltr'>iram</span> <span class='ocrx_word' id='word_1_231' title='bbox 1047 1836 1131 1880; x_wconf 82' lang='lat' dir='ltr'>Dei,</span> <span class='ocrx_word' id='word_1_232' title='bbox 1168 1838 1229 1869; x_wconf 91' lang='lat' dir='ltr'>ad-</span> 
     </span>
     <span class='ocr_line' id='line_1_35' title="bbox 248 1887 1230 1934; baseline 0 -13"><span class='ocrx_word' id='word_1_233' title='bbox 248 1902 368 1923; x_wconf 80' lang='lat' dir='ltr'>versus</span> <span class='ocrx_word' id='word_1_234' title='bbox 394 1898 528 1934; x_wconf 86' lang='lat' dir='ltr'>peccata</span> <span class='ocrx_word' id='word_1_235' title='bbox 553 1889 689 1932; x_wconf 86' lang='lat' dir='ltr'>generis</span> <span class='ocrx_word' id='word_1_236' title='bbox 717 1887 882 1927; x_wconf 88' lang='lat' dir='ltr'>humani,</span> <span class='ocrx_word' id='word_1_237' title='bbox 910 1896 941 1921; x_wconf 91' lang='lat' dir='ltr'>et</span> <span class='ocrx_word' id='word_1_238' title='bbox 966 1888 1137 1921; x_wconf 80' lang='lat' dir='ltr'>fateamur</span> <span class='ocrx_word' id='word_1_239' title='bbox 1155 1889 1230 1921; x_wconf 83' lang='lat' dir='ltr'>dia-</span> 
     </span>
     <span class='ocr_line' id='line_1_36' title="bbox 248 1937 1229 1983; baseline -0.001 -11"><span class='ocrx_word' id='word_1_240' title='bbox 248 1941 371 1974; x_wconf 87' lang='lat' dir='ltr'>bolum</span> <span class='ocrx_word' id='word_1_241' title='bbox 394 1952 473 1973; x_wconf 77' lang='lat' dir='ltr'>vere</span> <span class='ocrx_word' id='word_1_242' title='bbox 495 1940 643 1982; x_wconf 86' lang='lat' dir='ltr'>grassari</span> <span class='ocrx_word' id='word_1_243' title='bbox 658 1940 822 1972; x_wconf 90' lang='lat' dir='ltr'>adversus</span> <span class='ocrx_word' id='word_1_244' title='bbox 840 1937 1019 1978; x_wconf 90' lang='lat' dir='ltr'>homines,</span> <span class='ocrx_word' id='word_1_245' title='bbox 1045 1945 1077 1972; x_wconf 90' lang='lat' dir='ltr'>et</span> <span class='ocrx_word' id='word_1_246' title='bbox 1095 1951 1152 1972; x_wconf 91' lang='lat' dir='ltr'>eos</span> <span class='ocrx_word' id='word_1_247' title='bbox 1170 1939 1229 1983; x_wconf 85' lang='lat' dir='ltr'>qui</span> 
     </span>
    </p>
   </div>
   <div class='ocr_carea' id='block_1_3' title="bbox 248 1988 1242 2033">
    <p class='ocr_par' dir='ltr' id='par_1_4' title="bbox 248 1988 1242 2033">
     <span class='ocr_line' id='line_1_37' title="bbox 248 1988 1242 2033; baseline -0.002 -10"><span class='ocrx_word' id='word_1_248' title='bbox 248 1991 377 2024; x_wconf 81' lang='lat' dir='ltr'>deserti</span> <span class='ocrx_word' id='word_1_249' title='bbox 406 1998 489 2024; x_wconf 84' lang='lat' dir='ltr'>sunt</span> <span class='ocrx_word' id='word_1_250' title='bbox 519 2003 535 2022; x_wconf 81' lang='lat' dir='ltr'>a</span> <span class='ocrx_word' id='word_1_251' title='bbox 567 1989 659 2030; x_wconf 68' lang='lat' dir='ltr'>Deo,</span> <span class='ocrx_word' id='word_1_252' title='bbox 696 1990 829 2033; x_wconf 84' lang='lat' dir='ltr'>ingenti</span> <span class='ocrx_word' id='word_1_253' title='bbox 860 1990 951 2021; x_wconf 89' lang='lat' dir='ltr'>mole</span> <span class='ocrx_word' id='word_1_254' title='bbox 981 1988 1242 2022; x_wconf 61' lang='lat' dir='ltr'>aerumnarum&#39;</span> 
     </span>
    </p>
   </div>
   <div class='ocr_carea' id='block_1_4' title="bbox 246 2040 1228 2285">
    <p class='ocr_par' dir='ltr' id='par_1_5' title="bbox 246 2040 1228 2285">
     <span class='ocr_line' id='line_1_38' title="bbox 247 2040 1227 2085; baseline -0.002 -11"><span class='ocrx_word' id='word_1_255' title='bbox 247 2042 457 2085; x_wconf 82' lang='lat' dir='ltr'>opprimere.</span> <span class='ocrx_word' id='word_1_256' title='bbox 510 2040 585 2073; x_wconf 80' lang='lat' dir='ltr'>Etsi</span> <span class='ocrx_word' id='word_1_257' title='bbox 611 2053 782 2085; x_wconf 79' lang='lat' dir='ltr'>nusquam</span> <span class='ocrx_word' id='word_1_258' title='bbox 807 2042 933 2073; x_wconf 86' lang='lat' dir='ltr'>desunt</span> <span class='ocrx_word' id='word_1_259' title='bbox 959 2040 1113 2083; x_wconf 87' lang='lat' dir='ltr'>exempla</span> <span class='ocrx_word' id='word_1_260' title='bbox 1131 2041 1227 2073; x_wconf 88' lang='lat' dir='ltr'>suro-</span> 
     </span>
     <span class='ocr_line' id='line_1_39' title="bbox 247 2090 1228 2134; baseline -0.004 -9"><span class='ocrx_word' id='word_1_261' title='bbox 247 2105 325 2125; x_wconf 87' lang='lat' dir='ltr'>rum</span> <span class='ocrx_word' id='word_1_262' title='bbox 351 2092 625 2130; x_wconf 87' lang='lat' dir='ltr'>diabolicorum,</span> <span class='ocrx_word' id='word_1_263' title='bbox 661 2091 747 2124; x_wconf 90' lang='lat' dir='ltr'>sicut</span> <span class='ocrx_word' id='word_1_264' title='bbox 773 2103 885 2134; x_wconf 88' lang='lat' dir='ltr'>nuper</span> <span class='ocrx_word' id='word_1_265' title='bbox 909 2090 1033 2122; x_wconf 85' lang='lat' dir='ltr'>misera</span> <span class='ocrx_word' id='word_1_266' title='bbox 1058 2097 1169 2122; x_wconf 83' lang='lat' dir='ltr'>mater</span> <span class='ocrx_word' id='word_1_267' title='bbox 1192 2091 1228 2122; x_wconf 94' lang='lat' dir='ltr'>in</span> 
     </span>
     <span class='ocr_line' id='line_1_40' title="bbox 246 2140 1228 2183; baseline -0.002 -8"><span class='ocrx_word' id='word_1_268' title='bbox 246 2140 311 2175; x_wconf 86' lang='lat' dir='ltr'>hac</span> <span class='ocrx_word' id='word_1_269' title='bbox 325 2142 452 2175; x_wconf 83' lang='lat' dir='ltr'>vicinia</span> <span class='ocrx_word' id='word_1_270' title='bbox 473 2154 554 2175; x_wconf 89' lang='lat' dir='ltr'>suos</span> <span class='ocrx_word' id='word_1_271' title='bbox 571 2142 698 2174; x_wconf 80' lang='lat' dir='ltr'>liberos</span> <span class='ocrx_word' id='word_1_272' title='bbox 720 2141 909 2180; x_wconf 79' lang='lat' dir='ltr'>interfecit,</span> <span class='ocrx_word' id='word_1_273' title='bbox 937 2148 1054 2173; x_wconf 84' lang='lat' dir='ltr'>tamen</span> <span class='ocrx_word' id='word_1_274' title='bbox 1070 2141 1128 2183; x_wconf 89' lang='lat' dir='ltr'>qui</span> <span class='ocrx_word' id='word_1_275' title='bbox 1147 2148 1228 2174; x_wconf 88' lang='lat' dir='ltr'>sunt</span> 
     </span>
     <span class='ocr_line' id='line_1_41' title="bbox 248 2190 1228 2237; baseline 0 -13"><span class='ocrx_word' id='word_1_276' title='bbox 248 2193 283 2225; x_wconf 92' lang='lat' dir='ltr'>in</span> <span class='ocrx_word' id='word_1_277' title='bbox 308 2194 349 2225; x_wconf 90' lang='lat' dir='ltr'>iis</span> <span class='ocrx_word' id='word_1_278' title='bbox 366 2193 589 2237; x_wconf 82' lang='lat' dir='ltr'>regionibus,</span> <span class='ocrx_word' id='word_1_279' title='bbox 616 2193 675 2225; x_wconf 90' lang='lat' dir='ltr'>ubi</span> <span class='ocrx_word' id='word_1_280' title='bbox 695 2191 835 2224; x_wconf 84' lang='lat' dir='ltr'>Turcici</span> <span class='ocrx_word' id='word_1_281' title='bbox 854 2190 1023 2223; x_wconf 89' lang='lat' dir='ltr'>exercitus</span> <span class='ocrx_word' id='word_1_282' title='bbox 1040 2202 1135 2222; x_wconf 84' lang='lat' dir='ltr'>suam</span> <span class='ocrx_word' id='word_1_283' title='bbox 1155 2203 1228 2224; x_wconf 84' lang='lat' dir='ltr'>sae—</span> 
     </span>
     <span class='ocr_line' id='line_1_42' title="bbox 247 2241 1228 2285; baseline -0.002 -10"><span class='ocrx_word' id='word_1_284' title='bbox 247 2243 366 2276; x_wconf 60' lang='lat' dir='ltr'>sitiam</span> <span class='ocrx_word' id='word_1_285' title='bbox 385 2250 555 2282; x_wconf 78' lang='lat' dir='ltr'>exercent,</span> <span class='ocrx_word' id='word_1_286' title='bbox 584 2243 703 2276; x_wconf 86' lang='lat' dir='ltr'>vident</span> <span class='ocrx_word' id='word_1_287' title='bbox 721 2243 819 2285; x_wconf 88' lang='lat' dir='ltr'>plura</span> <span class='ocrx_word' id='word_1_288' title='bbox 837 2241 1030 2285; x_wconf 82' lang='lat' dir='ltr'>spectacula</span> <span class='ocrx_word' id='word_1_289' title='bbox 1044 2242 1228 2277; x_wconf 83' lang='lat' dir='ltr'>diabolica.</span> 
     </span>
    </p>
   </div>
   <div class='ocr_carea' id='block_1_5' title="bbox 242 2308 1227 2656">
    <p class='ocr_par' dir='ltr' id='par_1_6' title="bbox 242 2308 1227 2656">
     <span class='ocr_line' id='line_1_43' title="bbox 348 2308 1226 2349; baseline -0.003 -6"><span class='ocrx_word' id='word_1_290' title='bbox 348 2309 482 2344; x_wconf 89' lang='lat' dir='ltr'>Harum</span> <span class='ocrx_word' id='word_1_291' title='bbox 501 2317 677 2343; x_wconf 90' lang='lat' dir='ltr'>tantarum</span> <span class='ocrx_word' id='word_1_292' title='bbox 696 2309 915 2341; x_wconf 88' lang='lat' dir='ltr'>miseriarum</span> <span class='ocrx_word' id='word_1_293' title='bbox 928 2308 1138 2349; x_wconf 72' lang='lat' dir='ltr'>cogitatione</span> <span class='ocrx_word' id='word_1_294' title='bbox 1152 2321 1226 2341; x_wconf 88' lang='lat' dir='ltr'>mo-</span> 
     </span>
     <span class='ocr_line' id='line_1_44' title="bbox 247 2358 1226 2399; baseline -0.001 -7"><span class='ocrx_word' id='word_1_295' title='bbox 247 2372 406 2398; x_wconf 59' lang='lat' dir='ltr'>reamur,</span> <span class='ocrx_word' id='word_1_296' title='bbox 442 2373 485 2393; x_wconf 92' lang='lat' dir='ltr'>ne</span> <span class='ocrx_word' id='word_1_297' title='bbox 510 2362 618 2394; x_wconf 87' lang='lat' dir='ltr'>simus</span> <span class='ocrx_word' id='word_1_298' title='bbox 641 2360 773 2399; x_wconf 87' lang='lat' dir='ltr'>securi,</span> <span class='ocrx_word' id='word_1_299' title='bbox 799 2371 862 2391; x_wconf 90' lang='lat' dir='ltr'>nec</span> <span class='ocrx_word' id='word_1_300' title='bbox 886 2358 1137 2392; x_wconf 83' lang='lat' dir='ltr'>obliviscamur</span> <span class='ocrx_word' id='word_1_301' title='bbox 1160 2360 1226 2391; x_wconf 92' lang='lat' dir='ltr'>mi-</span> 
     </span>
     <span class='ocr_line' id='line_1_45' title="bbox 246 2407 1227 2452; baseline -0.001 -9"><span class='ocrx_word' id='word_1_302' title='bbox 246 2423 371 2443; x_wconf 86' lang='lat' dir='ltr'>narum</span> <span class='ocrx_word' id='word_1_303' title='bbox 396 2409 545 2450; x_wconf 83' lang='lat' dir='ltr'>Christi,</span> <span class='ocrx_word' id='word_1_304' title='bbox 580 2418 612 2444; x_wconf 89' lang='lat' dir='ltr'>et</span> <span class='ocrx_word' id='word_1_305' title='bbox 644 2411 678 2443; x_wconf 92' lang='lat' dir='ltr'>in</span> <span class='ocrx_word' id='word_1_306' title='bbox 707 2407 770 2443; x_wconf 83' lang='lat' dir='ltr'>hac</span> <span class='ocrx_word' id='word_1_307' title='bbox 791 2409 1001 2452; x_wconf 84' lang='lat' dir='ltr'>cogitatione</span> <span class='ocrx_word' id='word_1_308' title='bbox 1025 2410 1227 2443; x_wconf 75' lang='lat' dir='ltr'>invocemus</span> 
     </span>
     <span class='ocr_line' id='line_1_46' title="bbox 246 2461 1226 2505; baseline -0.001 -12"><span class='ocrx_word' id='word_1_309' title='bbox 246 2462 355 2493; x_wconf 83' lang='lat' dir='ltr'>lilium</span> <span class='ocrx_word' id='word_1_310' title='bbox 381 2462 465 2501; x_wconf 65' lang='lat' dir='ltr'>Dei,</span> <span class='ocrx_word' id='word_1_311' title='bbox 495 2461 553 2505; x_wconf 88' lang='lat' dir='ltr'>qui</span> <span class='ocrx_word' id='word_1_312' title='bbox 579 2462 681 2499; x_wconf 72' lang='lat' dir='ltr'>vicit,</span> <span class='ocrx_word' id='word_1_313' title='bbox 710 2468 746 2494; x_wconf 90' lang='lat' dir='ltr'>ut</span> <span class='ocrx_word' id='word_1_314' title='bbox 771 2473 835 2493; x_wconf 89' lang='lat' dir='ltr'>nos</span> <span class='ocrx_word' id='word_1_315' title='bbox 858 2461 1010 2499; x_wconf 88' lang='lat' dir='ltr'>iuvaret,</span> <span class='ocrx_word' id='word_1_316' title='bbox 1039 2472 1078 2493; x_wconf 87' lang='lat' dir='ltr'>ac</span> <span class='ocrx_word' id='word_1_317' title='bbox 1101 2461 1136 2492; x_wconf 94' lang='lat' dir='ltr'>in</span> <span class='ocrx_word' id='word_1_318' title='bbox 1160 2473 1226 2493; x_wconf 88' lang='lat' dir='ltr'>no-</span> 
     </span>
     <span class='ocr_line' id='line_1_47' title="bbox 245 2511 1224 2555; baseline 0 -12"><span class='ocrx_word' id='word_1_319' title='bbox 245 2512 326 2544; x_wconf 83' lang='lat' dir='ltr'>stris</span> <span class='ocrx_word' id='word_1_320' title='bbox 352 2511 513 2555; x_wconf 82' lang='lat' dir='ltr'>periculis</span> <span class='ocrx_word' id='word_1_321' title='bbox 537 2524 634 2554; x_wconf 84' lang='lat' dir='ltr'>opem</span> <span class='ocrx_word' id='word_1_322' title='bbox 660 2512 761 2544; x_wconf 86' lang='lat' dir='ltr'>nobis</span> <span class='ocrx_word' id='word_1_323' title='bbox 783 2513 907 2551; x_wconf 78' lang='lat' dir='ltr'>ferret,</span> <span class='ocrx_word' id='word_1_324' title='bbox 935 2518 967 2544; x_wconf 87' lang='lat' dir='ltr'>et</span> <span class='ocrx_word' id='word_1_325' title='bbox 987 2511 1088 2544; x_wconf 90' lang='lat' dir='ltr'>illum</span> <span class='ocrx_word' id='word_1_326' title='bbox 1107 2511 1224 2544; x_wconf 90' lang='lat' dir='ltr'>dirum</span> 
     </span>
     <span class='ocr_line' id='line_1_48' title="bbox 245 2560 1225 2601; baseline 0.001 -7"><span class='ocrx_word' id='word_1_327' title='bbox 245 2560 379 2595; x_wconf 87' lang='lat' dir='ltr'>hostem</span> <span class='ocrx_word' id='word_1_328' title='bbox 408 2562 578 2600; x_wconf 84' lang='lat' dir='ltr'>vinceret,</span> <span class='ocrx_word' id='word_1_329' title='bbox 615 2562 680 2594; x_wconf 80' lang='lat' dir='ltr'>side</span> <span class='ocrx_word' id='word_1_330' title='bbox 708 2569 740 2595; x_wconf 90' lang='lat' dir='ltr'>et</span> <span class='ocrx_word' id='word_1_331' title='bbox 767 2562 1008 2601; x_wconf 83' lang='lat' dir='ltr'>invocatione,</span> <span class='ocrx_word' id='word_1_332' title='bbox 1036 2562 1071 2594; x_wconf 92' lang='lat' dir='ltr'>in</span> <span class='ocrx_word' id='word_1_333' title='bbox 1095 2562 1225 2595; x_wconf 89' lang='lat' dir='ltr'>nostris</span> 
     </span>
     <span class='ocr_line' id='line_1_49' title="bbox 242 2611 1223 2656; baseline 0.002 -12"><span class='ocrx_word' id='word_1_334' title='bbox 242 2611 420 2645; x_wconf 84' lang='lat' dir='ltr'>aerumnis</span> <span class='ocrx_word' id='word_1_335' title='bbox 453 2612 696 2654; x_wconf 74' lang='lat' dir='ltr'>confugiamus</span> <span class='ocrx_word' id='word_1_336' title='bbox 725 2616 767 2644; x_wconf 86' lang='lat' dir='ltr'>ad</span> <span class='ocrx_word' id='word_1_337' title='bbox 797 2614 906 2645; x_wconf 78' lang='lat' dir='ltr'>tilium</span> <span class='ocrx_word' id='word_1_338' title='bbox 932 2611 996 2645; x_wconf 79' lang='lat' dir='ltr'>Dei</span> <span class='ocrx_word' id='word_1_339' title='bbox 1024 2625 1223 2656; x_wconf 83' lang='lat' dir='ltr'>propugna—</span> 
     </span>
    </p>
   </div>
   <div class='ocr_carea' id='block_1_6' title="bbox 240 2663 1250 2708">
    <p class='ocr_par' dir='ltr' id='par_1_7' title="bbox 240 2663 1250 2708">
     <span class='ocr_line' id='line_1_50' title="bbox 240 2663 1250 2708; baseline 0 -12"><span class='ocrx_word' id='word_1_340' title='bbox 240 2669 351 2696; x_wconf 86' lang='lat' dir='ltr'>torem</span> <span class='ocrx_word' id='word_1_341' title='bbox 383 2669 560 2703; x_wconf 85' lang='lat' dir='ltr'>nostrum,</span> <span class='ocrx_word' id='word_1_342' title='bbox 598 2664 692 2708; x_wconf 82' lang='lat' dir='ltr'>quod</span> <span class='ocrx_word' id='word_1_343' title='bbox 722 2663 750 2695; x_wconf 84' lang='lat' dir='ltr'>si</span> <span class='ocrx_word' id='word_1_344' title='bbox 783 2663 968 2704; x_wconf 80' lang='lat' dir='ltr'>faciemus,</span> <span class='ocrx_word' id='word_1_345' title='bbox 1005 2664 1250 2708; x_wconf 84' lang='lat' dir='ltr'>experiemur.</span> 
     </span>
    </p>
   </div>
   <div class='ocr_carea' id='block_1_7' title="bbox 828 99 1682 140">
    <p class='ocr_par' dir='ltr' id='par_1_8' title="bbox 828 99 1682 140">
     <span class='ocr_line' id='line_1_51' title="bbox 828 99 1682 140; baseline 0 -3"><span class='ocrx_word' id='word_1_346' title='bbox 828 103 953 140; x_wconf 76' lang='lat' dir='ltr'>1³111L.</span> <span class='ocrx_word' id='word_1_347' title='bbox 981 101 1098 139; x_wconf 78' lang='lat' dir='ltr'><strong>MEL.</strong></span> <span class='ocrx_word' id='word_1_348' title='bbox 1126 101 1335 137; x_wconf 75' lang='lat' dir='ltr'><strong>SCRIPTA</strong></span> <span class='ocrx_word' id='word_1_349' title='bbox 1364 99 1682 137; x_wconf 82' lang='lat' dir='ltr'><strong>EXEGETICA.·</strong></span> 
     </span>
    </p>
   </div>
   <div class='ocr_carea' id='block_1_8' title="bbox 2188 103 2263 140">
    <p class='ocr_par' dir='ltr' id='par_1_9' title="bbox 2188 103 2263 140">
     <span class='ocr_line' id='line_1_52' title="bbox 2188 103 2263 140; baseline -0.027 0"><span class='ocrx_word' id='word_1_350' title='bbox 2188 103 2263 140; x_wconf 74' lang='lat'>³60</span> 
     </span>
    </p>
   </div>
   <div class='ocr_carea' id='block_1_9' title="bbox 1281 186 2270 2095">
    <p class='ocr_par' dir='ltr' id='par_1_10' title="bbox 1281 186 2267 1080">
     <span class='ocr_line' id='line_1_53' title="bbox 1282 186 2262 232; baseline 0.003 -13"><span class='ocrx_word' id='word_1_351' title='bbox 1282 199 1345 221; x_wconf 90' lang='lat' dir='ltr'>nos</span> <span class='ocrx_word' id='word_1_352' title='bbox 1371 200 1450 221; x_wconf 83' lang='lat' dir='ltr'>vere</span> <span class='ocrx_word' id='word_1_353' title='bbox 1475 187 1609 228; x_wconf 85' lang='lat' dir='ltr'>iuvari,</span> <span class='ocrx_word' id='word_1_354' title='bbox 1634 199 1672 220; x_wconf 88' lang='lat' dir='ltr'>ac</span> <span class='ocrx_word' id='word_1_355' title='bbox 1694 188 1847 223; x_wconf 89' lang='lat' dir='ltr'>liberari.</span> <span class='ocrx_word' id='word_1_356' title='bbox 1900 186 1976 221; x_wconf 88' lang='lat' dir='ltr'>Nisi</span> <span class='ocrx_word' id='word_1_357' title='bbox 2004 188 2197 232; x_wconf 84' lang='lat' dir='ltr'>iudicatus,</span> <span class='ocrx_word' id='word_1_358' title='bbox 2225 188 2262 222; x_wconf 89' lang='lat' dir='ltr'>id</span> 
     </span>
     <span class='ocr_line' id='line_1_54' title="bbox 1282 238 2263 280; baseline 0.002 -10"><span class='ocrx_word' id='word_1_359' title='bbox 1282 247 1349 278; x_wconf 86' lang='lat' dir='ltr'>est,</span> <span class='ocrx_word' id='word_1_360' title='bbox 1379 240 1632 272; x_wconf 85' lang='lat' dir='ltr'>condemnatus</span> <span class='ocrx_word' id='word_1_361' title='bbox 1651 245 1738 272; x_wconf 89' lang='lat' dir='ltr'>esset</span> <span class='ocrx_word' id='word_1_362' title='bbox 1754 238 1934 277; x_wconf 87' lang='lat' dir='ltr'>diabolus,</span> <span class='ocrx_word' id='word_1_363' title='bbox 1954 240 1999 271; x_wconf 90' lang='lat' dir='ltr'>ita</span> <span class='ocrx_word' id='word_1_364' title='bbox 2018 239 2199 280; x_wconf 83' lang='lat' dir='ltr'>videlicet,</span> <span class='ocrx_word' id='word_1_365' title='bbox 2218 251 2263 272; x_wconf 89' lang='lat' dir='ltr'>ne</span> 
     </span>
     <span class='ocr_line' id='line_1_55' title="bbox 1283 288 2263 333; baseline -0.001 -10"><span class='ocrx_word' id='word_1_366' title='bbox 1283 291 1390 333; x_wconf 86' lang='lat' dir='ltr'>possit</span> <span class='ocrx_word' id='word_1_367' title='bbox 1413 289 1579 333; x_wconf 83' lang='lat' dir='ltr'>grassari,</span> <span class='ocrx_word' id='word_1_368' title='bbox 1608 295 1646 321; x_wconf 91' lang='lat' dir='ltr'>ut</span> <span class='ocrx_word' id='word_1_369' title='bbox 1668 289 1784 332; x_wconf 88' lang='lat' dir='ltr'>cupit,</span> <span class='ocrx_word' id='word_1_370' title='bbox 1810 290 1966 322; x_wconf 88' lang='lat' dir='ltr'>membra</span> <span class='ocrx_word' id='word_1_371' title='bbox 1988 288 2164 323; x_wconf 83' lang='lat' dir='ltr'>Ecclesiae</span> <span class='ocrx_word' id='word_1_372' title='bbox 2189 290 2263 323; x_wconf 91' lang='lat' dir='ltr'>sin-</span> 
     </span>
     <span class='ocr_line' id='line_1_56' title="bbox 1281 337 2264 383; baseline 0 -10"><span class='ocrx_word' id='word_1_373' title='bbox 1281 341 1359 383; x_wconf 83' lang='lat' dir='ltr'>gula</span> <span class='ocrx_word' id='word_1_374' title='bbox 1384 347 1453 373; x_wconf 88' lang='lat' dir='ltr'>tam</span> <span class='ocrx_word' id='word_1_375' title='bbox 1482 337 1667 372; x_wconf 83' lang='lat' dir='ltr'>horrendis</span> <span class='ocrx_word' id='word_1_376' title='bbox 1692 339 1792 371; x_wconf 88' lang='lat' dir='ltr'>malis</span> <span class='ocrx_word' id='word_1_377' title='bbox 1816 339 2097 383; x_wconf 82' lang='lat' dir='ltr'>implicarentur,</span> <span class='ocrx_word' id='word_1_378' title='bbox 2125 347 2162 373; x_wconf 89' lang='lat' dir='ltr'>ut</span> <span class='ocrx_word' id='word_1_379' title='bbox 2187 340 2264 373; x_wconf 87' lang='lat' dir='ltr'>etu-</span> 
     </span>
     <span class='ocr_line' id='line_1_57' title="bbox 1282 389 2264 434; baseline -0.001 -11"><span class='ocrx_word' id='word_1_380' title='bbox 1282 392 1367 425; x_wconf 88' lang='lat' dir='ltr'>ctari</span> <span class='ocrx_word' id='word_1_381' title='bbox 1392 403 1463 424; x_wconf 87' lang='lat' dir='ltr'>non</span> <span class='ocrx_word' id='word_1_382' title='bbox 1482 397 1639 433; x_wconf 87' lang='lat' dir='ltr'>possent,</span> <span class='ocrx_word' id='word_1_383' title='bbox 1665 390 1724 423; x_wconf 87' lang='lat' dir='ltr'>sed</span> <span class='ocrx_word' id='word_1_384' title='bbox 1745 390 1826 434; x_wconf 87' lang='lat' dir='ltr'>qnia</span> <span class='ocrx_word' id='word_1_385' title='bbox 1846 390 2050 433; x_wconf 85' lang='lat' dir='ltr'>reprimitur</span> <span class='ocrx_word' id='word_1_386' title='bbox 2065 403 2082 423; x_wconf 88' lang='lat' dir='ltr'>a</span> <span class='ocrx_word' id='word_1_387' title='bbox 2099 391 2169 423; x_wconf 80' lang='lat' dir='ltr'>silio</span> <span class='ocrx_word' id='word_1_388' title='bbox 2185 389 2264 429; x_wconf 83' lang='lat' dir='ltr'>Dei,</span> 
     </span>
     <span class='ocr_line' id='line_1_58' title="bbox 1282 439 2264 484; baseline 0.001 -10"><span class='ocrx_word' id='word_1_389' title='bbox 1282 442 1360 475; x_wconf 88' lang='lat' dir='ltr'>ideo</span> <span class='ocrx_word' id='word_1_390' title='bbox 1384 448 1585 483; x_wconf 79' lang='lat' dir='ltr'>emergunt,</span> <span class='ocrx_word' id='word_1_391' title='bbox 1612 446 1651 474; x_wconf 90' lang='lat' dir='ltr'>ut</span> <span class='ocrx_word' id='word_1_392' title='bbox 1666 439 1781 473; x_wconf 90' lang='lat' dir='ltr'>Adam</span> <span class='ocrx_word' id='word_1_393' title='bbox 1802 441 1919 484; x_wconf 89' lang='lat' dir='ltr'>lapsus</span> <span class='ocrx_word' id='word_1_394' title='bbox 1936 441 2115 473; x_wconf 87' lang='lat' dir='ltr'>restitutus</span> <span class='ocrx_word' id='word_1_395' title='bbox 2133 448 2201 480; x_wconf 86' lang='lat' dir='ltr'>est,</span> <span class='ocrx_word' id='word_1_396' title='bbox 2229 448 2264 475; x_wconf 86' lang='lat' dir='ltr'>et</span> 
     </span>
     <span class='ocr_line' id='line_1_59' title="bbox 1284 491 2264 536; baseline -0.001 -11"><span class='ocrx_word' id='word_1_397' title='bbox 1284 500 1398 536; x_wconf 83' lang='lat' dir='ltr'>postea</span> <span class='ocrx_word' id='word_1_398' title='bbox 1423 492 1459 524; x_wconf 94' lang='lat' dir='ltr'>in</span> <span class='ocrx_word' id='word_1_399' title='bbox 1485 491 1605 525; x_wconf 89' lang='lat' dir='ltr'>multis</span> <span class='ocrx_word' id='word_1_400' title='bbox 1631 491 1832 533; x_wconf 89' lang='lat' dir='ltr'>ingentibus</span> <span class='ocrx_word' id='word_1_401' title='bbox 1856 491 2038 523; x_wconf 87' lang='lat' dir='ltr'>doloribus</span> <span class='ocrx_word' id='word_1_402' title='bbox 2055 497 2203 524; x_wconf 86' lang='lat' dir='ltr'>erectus:</span> <span class='ocrx_word' id='word_1_403' title='bbox 2231 498 2264 524; x_wconf 87' lang='lat' dir='ltr'>et</span> 
     </span>
     <span class='ocr_line' id='line_1_60' title="bbox 1284 540 2266 586; baseline -0.001 -10"><span class='ocrx_word' id='word_1_404' title='bbox 1284 543 1398 577; x_wconf 82' lang='lat' dir='ltr'>David</span> <span class='ocrx_word' id='word_1_405' title='bbox 1425 555 1463 575; x_wconf 81' lang='lat' dir='ltr'>ex</span> <span class='ocrx_word' id='word_1_406' title='bbox 1486 549 1537 575; x_wconf 91' lang='lat' dir='ltr'>tot</span> <span class='ocrx_word' id='word_1_407' title='bbox 1559 541 1707 586; x_wconf 86' lang='lat' dir='ltr'>peccatis</span> <span class='ocrx_word' id='word_1_408' title='bbox 1733 548 1764 575; x_wconf 88' lang='lat' dir='ltr'>et</span> <span class='ocrx_word' id='word_1_409' title='bbox 1787 542 1960 574; x_wconf 87' lang='lat' dir='ltr'>scandalis</span> <span class='ocrx_word' id='word_1_410' title='bbox 1984 542 2102 574; x_wconf 88' lang='lat' dir='ltr'>evasit.</span> <span class='ocrx_word' id='word_1_411' title='bbox 2169 540 2266 575; x_wconf 83' lang='lat' dir='ltr'>Haec</span> 
     </span>
     <span class='ocr_line' id='line_1_61' title="bbox 1283 592 2266 637; baseline 0 -11"><span class='ocrx_word' id='word_1_412' title='bbox 1283 594 1438 637; x_wconf 83' lang='lat' dir='ltr'>exempla</span> <span class='ocrx_word' id='word_1_413' title='bbox 1465 593 1683 632; x_wconf 89' lang='lat' dir='ltr'>intueamur,</span> <span class='ocrx_word' id='word_1_414' title='bbox 1720 598 1753 625; x_wconf 87' lang='lat' dir='ltr'>et</span> <span class='ocrx_word' id='word_1_415' title='bbox 1775 592 1818 625; x_wconf 85' lang='lat' dir='ltr'>ad</span> <span class='ocrx_word' id='word_1_416' title='bbox 1843 604 1881 625; x_wconf 88' lang='lat' dir='ltr'>ea</span> <span class='ocrx_word' id='word_1_417' title='bbox 1905 593 2124 625; x_wconf 83' lang='lat' dir='ltr'>conferamus</span> <span class='ocrx_word' id='word_1_418' title='bbox 2146 599 2266 626; x_wconf 85' lang='lat' dir='ltr'>nostra</span> 
     </span>
     <span class='ocr_line' id='line_1_62' title="bbox 1283 640 2265 687; baseline 0 -11"><span class='ocrx_word' id='word_1_419' title='bbox 1283 644 1456 687; x_wconf 86' lang='lat' dir='ltr'>pericula,</span> <span class='ocrx_word' id='word_1_420' title='bbox 1485 651 1517 677; x_wconf 90' lang='lat' dir='ltr'>et</span> <span class='ocrx_word' id='word_1_421' title='bbox 1543 643 1699 676; x_wconf 81' lang='lat' dir='ltr'>miserias</span> <span class='ocrx_word' id='word_1_422' title='bbox 1718 642 1979 685; x_wconf 87' lang='lat' dir='ltr'>inexplicabiles</span> <span class='ocrx_word' id='word_1_423' title='bbox 1997 640 2160 675; x_wconf 89' lang='lat' dir='ltr'>humanis</span> <span class='ocrx_word' id='word_1_424' title='bbox 2178 654 2265 676; x_wconf 85' lang='lat' dir='ltr'>con-</span> 
     </span>
     <span class='ocr_line' id='line_1_63' title="bbox 1284 691 2267 736; baseline 0 -10"><span class='ocrx_word' id='word_1_425' title='bbox 1284 695 1390 735; x_wconf 84' lang='lat' dir='ltr'>siliis,</span> <span class='ocrx_word' id='word_1_426' title='bbox 1425 702 1458 728; x_wconf 88' lang='lat' dir='ltr'>et</span> <span class='ocrx_word' id='word_1_427' title='bbox 1480 691 1569 726; x_wconf 88' lang='lat' dir='ltr'>hanc</span> <span class='ocrx_word' id='word_1_428' title='bbox 1593 693 1867 727; x_wconf 86' lang='lat' dir='ltr'>consolationem</span> <span class='ocrx_word' id='word_1_429' title='bbox 1889 693 1992 725; x_wconf 85' lang='lat' dir='ltr'>nobis</span> <span class='ocrx_word' id='word_1_430' title='bbox 2016 704 2267 736; x_wconf 82' lang='lat' dir='ltr'>proponamus,</span> 
     </span>
     <span class='ocr_line' id='line_1_64' title="bbox 1285 743 2267 784; baseline 0 -7"><span class='ocrx_word' id='word_1_431' title='bbox 1285 745 1457 778; x_wconf 89' lang='lat' dir='ltr'>iudicatus</span> <span class='ocrx_word' id='word_1_432' title='bbox 1481 752 1513 778; x_wconf 89' lang='lat' dir='ltr'>et</span> <span class='ocrx_word' id='word_1_433' title='bbox 1535 745 1787 777; x_wconf 87' lang='lat' dir='ltr'>condemnatus</span> <span class='ocrx_word' id='word_1_434' title='bbox 1812 750 1860 777; x_wconf 92' lang='lat' dir='ltr'>est</span> <span class='ocrx_word' id='word_1_435' title='bbox 1881 744 2061 784; x_wconf 84' lang='lat' dir='ltr'>diabolus,</span> <span class='ocrx_word' id='word_1_436' title='bbox 2088 755 2131 776; x_wconf 91' lang='lat' dir='ltr'>ne</span> <span class='ocrx_word' id='word_1_437' title='bbox 2149 743 2267 777; x_wconf 87' lang='lat' dir='ltr'>vincat</span> 
     </span>
     <span class='ocr_line' id='line_1_65' title="bbox 1285 792 2267 838; baseline -0.001 -10"><span class='ocrx_word' id='word_1_438' title='bbox 1285 795 1393 828; x_wconf 81' lang='lat' dir='ltr'>filium</span> <span class='ocrx_word' id='word_1_439' title='bbox 1415 794 1500 838; x_wconf 87' lang='lat' dir='ltr'>Dei,</span> <span class='ocrx_word' id='word_1_440' title='bbox 1529 802 1560 827; x_wconf 89' lang='lat' dir='ltr'>et</span> <span class='ocrx_word' id='word_1_441' title='bbox 1585 794 1825 837; x_wconf 85' lang='lat' dir='ltr'>confugientes</span> <span class='ocrx_word' id='word_1_442' title='bbox 1847 795 1890 827; x_wconf 89' lang='lat' dir='ltr'>ad</span> <span class='ocrx_word' id='word_1_443' title='bbox 1915 806 2005 828; x_wconf 85' lang='lat' dir='ltr'>eum.</span> <span class='ocrx_word' id='word_1_444' title='bbox 2059 792 2267 827; x_wconf 84' lang='lat' dir='ltr'>Invocemus</span> 
     </span>
     <span class='ocr_line' id='line_1_66' title="bbox 1285 844 2267 887; baseline 0 -10"><span class='ocrx_word' id='word_1_445' title='bbox 1285 846 1389 887; x_wconf 83' lang='lat' dir='ltr'>igitur</span> <span class='ocrx_word' id='word_1_446' title='bbox 1412 846 1521 878; x_wconf 86' lang='lat' dir='ltr'>filium</span> <span class='ocrx_word' id='word_1_447' title='bbox 1539 844 1624 886; x_wconf 83' lang='lat' dir='ltr'>Dei,</span> <span class='ocrx_word' id='word_1_448' title='bbox 1653 852 1684 877; x_wconf 89' lang='lat' dir='ltr'>et</span> <span class='ocrx_word' id='word_1_449' title='bbox 1709 845 1946 878; x_wconf 87' lang='lat' dir='ltr'>defensionem</span> <span class='ocrx_word' id='word_1_450' title='bbox 1971 851 2003 878; x_wconf 90' lang='lat' dir='ltr'>et</span> <span class='ocrx_word' id='word_1_451' title='bbox 2022 844 2267 877; x_wconf 87' lang='lat' dir='ltr'>liberationem</span> 
     </span>
     <span class='ocr_line' id='line_1_67' title="bbox 1286 893 2267 939; baseline 0 -11"><span class='ocrx_word' id='word_1_452' title='bbox 1286 903 1458 939; x_wconf 85' lang='lat' dir='ltr'>petamus,</span> <span class='ocrx_word' id='word_1_453' title='bbox 1485 907 1548 928; x_wconf 91' lang='lat' dir='ltr'>nec</span> <span class='ocrx_word' id='word_1_454' title='bbox 1567 902 1727 938; x_wconf 89' lang='lat' dir='ltr'>putemus</span> <span class='ocrx_word' id='word_1_455' title='bbox 1746 893 1836 929; x_wconf 88' lang='lat' dir='ltr'>hanc</span> <span class='ocrx_word' id='word_1_456' title='bbox 1854 895 2112 928; x_wconf 76' lang='lat' dir='ltr'>invocationem</span> <span class='ocrx_word' id='word_1_457' title='bbox 2129 895 2267 928; x_wconf 88' lang='lat' dir='ltr'>irritam</span> 
     </span>
     <span class='ocr_line' id='line_1_68' title="bbox 1285 943 2267 989; baseline -0.002 -10"><span class='ocrx_word' id='word_1_458' title='bbox 1285 958 1376 986; x_wconf 86' lang='lat' dir='ltr'>esse,</span> <span class='ocrx_word' id='word_1_459' title='bbox 1403 947 1460 979; x_wconf 90' lang='lat' dir='ltr'>sed</span> <span class='ocrx_word' id='word_1_460' title='bbox 1485 947 1604 979; x_wconf 83' lang='lat' dir='ltr'>ardeat</span> <span class='ocrx_word' id='word_1_461' title='bbox 1626 946 1727 986; x_wconf 86' lang='lat' dir='ltr'>fides,</span> <span class='ocrx_word' id='word_1_462' title='bbox 1754 953 1787 979; x_wconf 87' lang='lat' dir='ltr'>et</span> <span class='ocrx_word' id='word_1_463' title='bbox 1805 952 1958 989; x_wconf 88' lang='lat' dir='ltr'>expectet</span> <span class='ocrx_word' id='word_1_464' title='bbox 1973 945 2142 978; x_wconf 89' lang='lat' dir='ltr'>auxilium</span> <span class='ocrx_word' id='word_1_465' title='bbox 2159 943 2267 978; x_wconf 88' lang='lat' dir='ltr'>Chri-</span> 
     </span>
     <span class='ocr_line' id='line_1_69' title="bbox 1285 995 2266 1041; baseline -0.002 -11"><span class='ocrx_word' id='word_1_466' title='bbox 1285 997 1345 1033; x_wconf 81' lang='lat' dir='ltr'>sti,</span> <span class='ocrx_word' id='word_1_467' title='bbox 1373 997 1466 1041; x_wconf 87' lang='lat' dir='ltr'>quod</span> <span class='ocrx_word' id='word_1_468' title='bbox 1490 1008 1569 1029; x_wconf 88' lang='lat' dir='ltr'>cum</span> <span class='ocrx_word' id='word_1_469' title='bbox 1587 996 1772 1037; x_wconf 85' lang='lat' dir='ltr'>faciemus,</span> <span class='ocrx_word' id='word_1_470' title='bbox 1798 1008 1918 1029; x_wconf 86' lang='lat' dir='ltr'>revera</span> <span class='ocrx_word' id='word_1_471' title='bbox 1937 996 2158 1040; x_wconf 87' lang='lat' dir='ltr'>experiemur</span> <span class='ocrx_word' id='word_1_472' title='bbox 2176 995 2266 1028; x_wconf 83' lang='lat' dir='ltr'>tibe—</span> 
     </span>
     <span class='ocr_line' id='line_1_70' title="bbox 1286 1055 1470 1080; baseline -0.011 0"><span class='ocrx_word' id='word_1_473' title='bbox 1286 1055 1470 1080; x_wconf 78' lang='lat' dir='ltr'>rationem.</span> 
     </span>
    </p>

    <p class='ocr_par' dir='ltr' id='par_1_11' title="bbox 1282 1095 2270 2095">
     <span class='ocr_line' id='line_1_71' title="bbox 1387 1095 2268 1136; baseline -0.002 -6"><span class='ocrx_word' id='word_1_474' title='bbox 1387 1097 1480 1130; x_wconf 84' lang='lat' dir='ltr'>Haec</span> <span class='ocrx_word' id='word_1_475' title='bbox 1506 1095 1666 1129; x_wconf 86' lang='lat' dir='ltr'>exercitia</span> <span class='ocrx_word' id='word_1_476' title='bbox 1694 1095 1775 1128; x_wconf 86' lang='lat' dir='ltr'>fidei</span> <span class='ocrx_word' id='word_1_477' title='bbox 1798 1106 1864 1128; x_wconf 89' lang='lat' dir='ltr'>usu</span> <span class='ocrx_word' id='word_1_478' title='bbox 1887 1095 2051 1129; x_wconf 90' lang='lat' dir='ltr'>discenda</span> <span class='ocrx_word' id='word_1_479' title='bbox 2075 1102 2174 1136; x_wconf 87' lang='lat' dir='ltr'>sunt,</span> <span class='ocrx_word' id='word_1_480' title='bbox 2207 1095 2268 1128; x_wconf 88' lang='lat' dir='ltr'>sed</span> 
     </span>
     <span class='ocr_line' id='line_1_72' title="bbox 1286 1143 2269 1192; baseline -0.002 -12"><span class='ocrx_word' id='word_1_481' title='bbox 1286 1148 1482 1192; x_wconf 90' lang='lat' dir='ltr'>plerunque</span> <span class='ocrx_word' id='word_1_482' title='bbox 1513 1144 1674 1179; x_wconf 88' lang='lat' dir='ltr'>homines</span> <span class='ocrx_word' id='word_1_483' title='bbox 1698 1145 1861 1189; x_wconf 89' lang='lat' dir='ltr'>impliciti</span> <span class='ocrx_word' id='word_1_484' title='bbox 1884 1146 2067 1189; x_wconf 89' lang='lat' dir='ltr'>periculis,</span> <span class='ocrx_word' id='word_1_485' title='bbox 2097 1158 2177 1179; x_wconf 91' lang='lat' dir='ltr'>cum</span> <span class='ocrx_word' id='word_1_486' title='bbox 2200 1143 2269 1178; x_wconf 86' lang='lat' dir='ltr'>hu-</span> 
     </span>
     <span class='ocr_line' id='line_1_73' title="bbox 1287 1196 2268 1234; baseline -0.001 -4"><span class='ocrx_word' id='word_1_487' title='bbox 1287 1199 1398 1231; x_wconf 81' lang='lat' dir='ltr'>manis</span> <span class='ocrx_word' id='word_1_488' title='bbox 1429 1197 1585 1231; x_wconf 89' lang='lat' dir='ltr'>consiliis</span> <span class='ocrx_word' id='word_1_489' title='bbox 1615 1196 1877 1234; x_wconf 89' lang='lat' dir='ltr'>destituuntur,</span> <span class='ocrx_word' id='word_1_490' title='bbox 1908 1202 1941 1229; x_wconf 90' lang='lat' dir='ltr'>et</span> <span class='ocrx_word' id='word_1_491' title='bbox 1973 1196 2093 1230; x_wconf 89' lang='lat' dir='ltr'>vident</span> <span class='ocrx_word' id='word_1_492' title='bbox 2125 1207 2160 1229; x_wconf 92' lang='lat' dir='ltr'>se</span> <span class='ocrx_word' id='word_1_493' title='bbox 2194 1207 2268 1229; x_wconf 86' lang='lat' dir='ltr'>non</span> 
     </span>
     <span class='ocr_line' id='line_1_74' title="bbox 1286 1243 2270 1291; baseline -0.002 -9"><span class='ocrx_word' id='word_1_494' title='bbox 1286 1249 1400 1282; x_wconf 82' lang='lat' dir='ltr'>iuvari</span> <span class='ocrx_word' id='word_1_495' title='bbox 1417 1248 1528 1282; x_wconf 84' lang='lat' dir='ltr'>causis</span> <span class='ocrx_word' id='word_1_496' title='bbox 1547 1247 1721 1287; x_wconf 90' lang='lat' dir='ltr'>secundis,</span> <span class='ocrx_word' id='word_1_497' title='bbox 1750 1253 1783 1279; x_wconf 90' lang='lat' dir='ltr'>et</span> <span class='ocrx_word' id='word_1_498' title='bbox 1799 1246 1842 1278; x_wconf 91' lang='lat' dir='ltr'>iis</span> <span class='ocrx_word' id='word_1_499' title='bbox 1857 1245 1983 1286; x_wconf 87' lang='lat' dir='ltr'>modis,</span> <span class='ocrx_word' id='word_1_500' title='bbox 2009 1257 2097 1291; x_wconf 92' lang='lat' dir='ltr'>quos</span> <span class='ocrx_word' id='word_1_501' title='bbox 2113 1243 2270 1280; x_wconf 81' lang='lat' dir='ltr'>humana</span> 
     </span>
     <span class='ocr_line' id='line_1_75' title="bbox 1286 1296 2270 1343; baseline -0.005 -10"><span class='ocrx_word' id='word_1_502' title='bbox 1286 1300 1375 1333; x_wconf 85' lang='lat' dir='ltr'>ratio</span> <span class='ocrx_word' id='word_1_503' title='bbox 1390 1299 1588 1343; x_wconf 89' lang='lat' dir='ltr'>prospicere</span> <span class='ocrx_word' id='word_1_504' title='bbox 1604 1304 1726 1342; x_wconf 87' lang='lat' dir='ltr'>potest,</span> <span class='ocrx_word' id='word_1_505' title='bbox 1753 1296 1961 1337; x_wconf 73' lang='lat' dir='ltr'>languefacti</span> <span class='ocrx_word' id='word_1_506' title='bbox 1979 1296 2145 1330; x_wconf 89' lang='lat' dir='ltr'>amittunt</span> <span class='ocrx_word' id='word_1_507' title='bbox 2155 1296 2270 1336; x_wconf 91' lang='lat' dir='ltr'>fidem,</span> 
     </span>
     <span class='ocr_line' id='line_1_76' title="bbox 1286 1347 2269 1387; baseline -0.004 -3"><span class='ocrx_word' id='word_1_508' title='bbox 1286 1358 1319 1384; x_wconf 89' lang='lat' dir='ltr'>et</span> <span class='ocrx_word' id='word_1_509' title='bbox 1348 1351 1482 1383; x_wconf 91' lang='lat' dir='ltr'>ducunt</span> <span class='ocrx_word' id='word_1_510' title='bbox 1513 1348 1769 1381; x_wconf 87' lang='lat' dir='ltr'>invocationem</span> <span class='ocrx_word' id='word_1_511' title='bbox 1796 1347 1903 1379; x_wconf 88' lang='lat' dir='ltr'>inane</span> <span class='ocrx_word' id='word_1_512' title='bbox 1927 1358 2088 1380; x_wconf 84' lang='lat' dir='ltr'>murmur</span> <span class='ocrx_word' id='word_1_513' title='bbox 2112 1358 2200 1387; x_wconf 89' lang='lat' dir='ltr'>esse,</span> <span class='ocrx_word' id='word_1_514' title='bbox 2235 1353 2269 1381; x_wconf 80' lang='lat' dir='ltr'>et</span> 
     </span>
     <span class='ocr_line' id='line_1_77' title="bbox 1287 1396 2268 1440; baseline -0.004 -7"><span class='ocrx_word' id='word_1_515' title='bbox 1287 1402 1447 1439; x_wconf 86' lang='lat' dir='ltr'>tandem,</span> <span class='ocrx_word' id='word_1_516' title='bbox 1488 1399 1543 1430; x_wconf 86' lang='lat' dir='ltr'>vel</span> <span class='ocrx_word' id='word_1_517' title='bbox 1568 1399 1604 1430; x_wconf 91' lang='lat' dir='ltr'>in</span> <span class='ocrx_word' id='word_1_518' title='bbox 1628 1398 1764 1430; x_wconf 90' lang='lat' dir='ltr'>furores</span> <span class='ocrx_word' id='word_1_519' title='bbox 1787 1397 1967 1440; x_wconf 85' lang='lat' dir='ltr'>epicureos</span> <span class='ocrx_word' id='word_1_520' title='bbox 1994 1397 2173 1438; x_wconf 85' lang='lat' dir='ltr'>incidunt,</span> <span class='ocrx_word' id='word_1_521' title='bbox 2212 1396 2268 1429; x_wconf 83' lang='lat' dir='ltr'>vel</span> 
     </span>
     <span class='ocr_line' id='line_1_78' title="bbox 1286 1446 2269 1493; baseline -0.005 -9"><span class='ocrx_word' id='word_1_522' title='bbox 1286 1451 1408 1483; x_wconf 89' lang='lat' dir='ltr'>dolore</span> <span class='ocrx_word' id='word_1_523' title='bbox 1425 1449 1579 1493; x_wconf 86' lang='lat' dir='ltr'>oppressi</span> <span class='ocrx_word' id='word_1_524' title='bbox 1598 1454 1756 1491; x_wconf 90' lang='lat' dir='ltr'>pereunt,</span> <span class='ocrx_word' id='word_1_525' title='bbox 1783 1447 1871 1481; x_wconf 87' lang='lat' dir='ltr'>sicut</span> <span class='ocrx_word' id='word_1_526' title='bbox 1883 1446 1967 1481; x_wconf 87' lang='lat' dir='ltr'>Saul</span> <span class='ocrx_word' id='word_1_527' title='bbox 1984 1455 2015 1480; x_wconf 87' lang='lat' dir='ltr'>et</span> <span class='ocrx_word' id='word_1_528' title='bbox 2026 1446 2141 1482; x_wconf 86' lang='lat' dir='ltr'>Iudas.</span> <span class='ocrx_word' id='word_1_529' title='bbox 2191 1446 2269 1480; x_wconf 83' lang='lat' dir='ltr'>Ad-</span> 
     </span>
     <span class='ocr_line' id='line_1_79' title="bbox 1287 1497 2268 1533; baseline -0.003 0"><span class='ocrx_word' id='word_1_530' title='bbox 1287 1513 1405 1533; x_wconf 81' lang='lat' dir='ltr'>versus</span> <span class='ocrx_word' id='word_1_531' title='bbox 1433 1498 1494 1532; x_wconf 87' lang='lat' dir='ltr'>has</span> <span class='ocrx_word' id='word_1_532' title='bbox 1520 1499 1734 1532; x_wconf 82' lang='lat' dir='ltr'>tristissimas</span> <span class='ocrx_word' id='word_1_533' title='bbox 1757 1497 1968 1531; x_wconf 86' lang='lat' dir='ltr'>tentationes</span> <span class='ocrx_word' id='word_1_534' title='bbox 1986 1498 2187 1531; x_wconf 88' lang='lat' dir='ltr'>consolatur</span> <span class='ocrx_word' id='word_1_535' title='bbox 2203 1508 2268 1530; x_wconf 88' lang='lat' dir='ltr'>nos</span> 
     </span>
     <span class='ocr_line' id='line_1_80' title="bbox 1286 1546 2268 1591; baseline -0.005 -6"><span class='ocrx_word' id='word_1_536' title='bbox 1286 1550 1428 1586; x_wconf 84' lang='lat' dir='ltr'>Chrisus</span> <span class='ocrx_word' id='word_1_537' title='bbox 1452 1551 1489 1582; x_wconf 92' lang='lat' dir='ltr'>in</span> <span class='ocrx_word' id='word_1_538' title='bbox 1514 1547 1580 1583; x_wconf 90' lang='lat' dir='ltr'>hoc</span> <span class='ocrx_word' id='word_1_539' title='bbox 1604 1555 1711 1583; x_wconf 84' lang='lat' dir='ltr'>textu.</span> <span class='ocrx_word' id='word_1_540' title='bbox 1764 1547 1882 1591; x_wconf 87' lang='lat' dir='ltr'>Quare</span> <span class='ocrx_word' id='word_1_541' title='bbox 1904 1546 1971 1581; x_wconf 92' lang='lat' dir='ltr'>hoc</span> <span class='ocrx_word' id='word_1_542' title='bbox 1994 1549 2126 1581; x_wconf 90' lang='lat' dir='ltr'>dictum</span> <span class='ocrx_word' id='word_1_543' title='bbox 2143 1548 2268 1591; x_wconf 83' lang='lat' dir='ltr'>infiga-</span> 
     </span>
     <span class='ocr_line' id='line_1_81' title="bbox 1287 1597 2268 1641; baseline -0.004 -7"><span class='ocrx_word' id='word_1_544' title='bbox 1287 1615 1362 1635; x_wconf 87' lang='lat' dir='ltr'>mus</span> <span class='ocrx_word' id='word_1_545' title='bbox 1387 1601 1532 1640; x_wconf 88' lang='lat' dir='ltr'>auimis‚</span> <span class='ocrx_word' id='word_1_546' title='bbox 1559 1606 1591 1633; x_wconf 86' lang='lat' dir='ltr'>et</span> <span class='ocrx_word' id='word_1_547' title='bbox 1614 1599 1752 1632; x_wconf 89' lang='lat' dir='ltr'>assidue</span> <span class='ocrx_word' id='word_1_548' title='bbox 1783 1599 1983 1641; x_wconf 79' lang='lat' dir='ltr'>cogitemus,</span> <span class='ocrx_word' id='word_1_549' title='bbox 2036 1597 2131 1632; x_wconf 89' lang='lat' dir='ltr'>Haec</span> <span class='ocrx_word' id='word_1_550' title='bbox 2154 1598 2268 1631; x_wconf 89' lang='lat' dir='ltr'>medi-</span> 
     </span>
     <span class='ocr_line' id='line_1_82' title="bbox 1285 1646 2268 1690; baseline -0.003 -5"><span class='ocrx_word' id='word_1_551' title='bbox 1285 1653 1369 1686; x_wconf 88' lang='lat' dir='ltr'>tatio</span> <span class='ocrx_word' id='word_1_552' title='bbox 1409 1650 1599 1683; x_wconf 83' lang='lat' dir='ltr'>illustrabit</span> <span class='ocrx_word' id='word_1_553' title='bbox 1633 1647 1724 1681; x_wconf 83' lang='lat' dir='ltr'>hanc</span> <span class='ocrx_word' id='word_1_554' title='bbox 1757 1646 1889 1682; x_wconf 87' lang='lat' dir='ltr'>Christi</span> <span class='ocrx_word' id='word_1_555' title='bbox 1921 1648 2126 1681; x_wconf 84' lang='lat' dir='ltr'>concionem</span> <span class='ocrx_word' id='word_1_556' title='bbox 2157 1648 2268 1690; x_wconf 77' lang='lat' dir='ltr'>magis</span> 
     </span>
     <span class='ocr_line' id='line_1_83' title="bbox 1285 1696 2268 1747; baseline -0.004 -12"><span class='ocrx_word' id='word_1_557' title='bbox 1285 1715 1388 1747; x_wconf 87' lang='lat' dir='ltr'>quam</span> <span class='ocrx_word' id='word_1_558' title='bbox 1414 1702 1505 1734; x_wconf 89' lang='lat' dir='ltr'>ullae</span> <span class='ocrx_word' id='word_1_559' title='bbox 1530 1700 1685 1744; x_wconf 90' lang='lat' dir='ltr'>prolixae</span> <span class='ocrx_word' id='word_1_560' title='bbox 1702 1699 1951 1732; x_wconf 81' lang='lat' dir='ltr'>enarrationes.</span> <span class='ocrx_word' id='word_1_561' title='bbox 2003 1697 2078 1732; x_wconf 89' lang='lat' dir='ltr'>Etsi</span> <span class='ocrx_word' id='word_1_562' title='bbox 2095 1696 2161 1732; x_wconf 90' lang='lat' dir='ltr'>hoc</span> <span class='ocrx_word' id='word_1_563' title='bbox 2178 1711 2268 1744; x_wconf 85' lang='lat' dir='ltr'>quo-</span> 
     </span>
     <span class='ocr_line' id='line_1_84' title="bbox 1285 1749 2266 1798; baseline -0.002 -13"><span class='ocrx_word' id='word_1_564' title='bbox 1285 1765 1350 1798; x_wconf 89' lang='lat' dir='ltr'>que</span> <span class='ocrx_word' id='word_1_565' title='bbox 1375 1753 1516 1796; x_wconf 85' lang='lat' dir='ltr'>prodest</span> <span class='ocrx_word' id='word_1_566' title='bbox 1541 1749 1803 1783; x_wconf 89' lang='lat' dir='ltr'>commonefieri</span> <span class='ocrx_word' id='word_1_567' title='bbox 1827 1750 2043 1789; x_wconf 88' lang='lat' dir='ltr'>auditorem,</span> <span class='ocrx_word' id='word_1_568' title='bbox 2078 1756 2117 1782; x_wconf 91' lang='lat' dir='ltr'>ut</span> <span class='ocrx_word' id='word_1_569' title='bbox 2137 1750 2179 1782; x_wconf 88' lang='lat' dir='ltr'>ad</span> <span class='ocrx_word' id='word_1_570' title='bbox 2205 1761 2266 1783; x_wconf 84' lang='lat' dir='ltr'>sna</span> 
     </span>
     <span class='ocr_line' id='line_1_85' title="bbox 1286 1799 2266 1847; baseline -0.004 -11"><span class='ocrx_word' id='word_1_571' title='bbox 1286 1803 1438 1847; x_wconf 83' lang='lat' dir='ltr'>pericula</span> <span class='ocrx_word' id='word_1_572' title='bbox 1462 1802 1617 1834; x_wconf 86' lang='lat' dir='ltr'>conferat</span> <span class='ocrx_word' id='word_1_573' title='bbox 1642 1799 1935 1840; x_wconf 86' lang='lat' dir='ltr'>consolationem,</span> <span class='ocrx_word' id='word_1_574' title='bbox 1961 1807 1993 1833; x_wconf 89' lang='lat' dir='ltr'>et</span> <span class='ocrx_word' id='word_1_575' title='bbox 2015 1807 2169 1843; x_wconf 87' lang='lat' dir='ltr'>opponat</span> <span class='ocrx_word' id='word_1_576' title='bbox 2191 1812 2266 1832; x_wconf 88' lang='lat' dir='ltr'>eam</span> 
     </span>
     <span class='ocr_line' id='line_1_86' title="bbox 1285 1848 2267 1894; baseline -0.005 -7"><span class='ocrx_word' id='word_1_577' title='bbox 1285 1854 1418 1886; x_wconf 88' lang='lat' dir='ltr'>diaboli</span> <span class='ocrx_word' id='word_1_578' title='bbox 1449 1852 1525 1885; x_wconf 92' lang='lat' dir='ltr'>telis</span> <span class='ocrx_word' id='word_1_579' title='bbox 1554 1851 1692 1894; x_wconf 80' lang='lat' dir='ltr'>ignitis,</span> <span class='ocrx_word' id='word_1_580' title='bbox 1726 1850 1787 1894; x_wconf 89' lang='lat' dir='ltr'>qui</span> <span class='ocrx_word' id='word_1_581' title='bbox 1815 1848 1881 1883; x_wconf 89' lang='lat' dir='ltr'>hoc</span> <span class='ocrx_word' id='word_1_582' title='bbox 1905 1850 2089 1893; x_wconf 84' lang='lat' dir='ltr'>praecipue</span> <span class='ocrx_word' id='word_1_583' title='bbox 2112 1850 2267 1891; x_wconf 90' lang='lat' dir='ltr'>molitur,</span> 
     </span>
     <span class='ocr_line' id='line_1_87' title="bbox 1285 1900 2266 1948; baseline -0.005 -11"><span class='ocrx_word' id='word_1_584' title='bbox 1285 1912 1321 1938; x_wconf 90' lang='lat' dir='ltr'>ut</span> <span class='ocrx_word' id='word_1_585' title='bbox 1346 1903 1501 1948; x_wconf 83' lang='lat' dir='ltr'>impellat</span> <span class='ocrx_word' id='word_1_586' title='bbox 1518 1902 1754 1945; x_wconf 74' lang='lat' dir='ltr'>langue-factos</span> <span class='ocrx_word' id='word_1_587' title='bbox 1770 1900 1905 1932; x_wconf 91' lang='lat' dir='ltr'>animos</span> <span class='ocrx_word' id='word_1_588' title='bbox 1917 1927 1925 1939; x_wconf 93' lang='lat'>‚</span> <span class='ocrx_word' id='word_1_589' title='bbox 1952 1907 1990 1933; x_wconf 90' lang='lat' dir='ltr'>ut</span> <span class='ocrx_word' id='word_1_590' title='bbox 2007 1907 2110 1933; x_wconf 81' lang='lat' dir='ltr'>ruant</span> <span class='ocrx_word' id='word_1_591' title='bbox 2127 1900 2163 1932; x_wconf 92' lang='lat' dir='ltr'>in</span> <span class='ocrx_word' id='word_1_592' title='bbox 2182 1912 2266 1933; x_wconf 85' lang='lat' dir='ltr'>con-</span> 
     </span>
     <span class='ocr_line' id='line_1_88' title="bbox 1284 1950 2266 1992; baseline -0.004 -5"><span class='ocrx_word' id='word_1_593' title='bbox 1284 1962 1429 1987; x_wconf 89' lang='lat' dir='ltr'>temtum</span> <span class='ocrx_word' id='word_1_594' title='bbox 1454 1952 1539 1990; x_wconf 90' lang='lat' dir='ltr'>Dei‚</span> <span class='ocrx_word' id='word_1_595' title='bbox 1581 1959 1640 1984; x_wconf 84' lang='lat' dir='ltr'>aut</span> <span class='ocrx_word' id='word_1_596' title='bbox 1667 1951 1702 1983; x_wconf 90' lang='lat' dir='ltr'>in</span> <span class='ocrx_word' id='word_1_597' title='bbox 1728 1950 2018 1992; x_wconf 81' lang='lat' dir='ltr'>desperationem.</span> <span class='ocrx_word' id='word_1_598' title='bbox 2085 1950 2266 1983; x_wconf 87' lang='lat' dir='ltr'>Adversus</span> 
     </span>
     <span class='ocr_line' id='line_1_89' title="bbox 1284 2000 2267 2043; baseline -0.005 -6"><span class='ocrx_word' id='word_1_599' title='bbox 1284 2003 1367 2037; x_wconf 87' lang='lat' dir='ltr'>haec</span> <span class='ocrx_word' id='word_1_600' title='bbox 1390 2010 1541 2036; x_wconf 80' lang='lat' dir='ltr'>extrema</span> <span class='ocrx_word' id='word_1_601' title='bbox 1565 2002 1653 2033; x_wconf 84' lang='lat' dir='ltr'>mala</span> <span class='ocrx_word' id='word_1_602' title='bbox 1683 2000 1790 2033; x_wconf 92' lang='lat' dir='ltr'>simus</span> <span class='ocrx_word' id='word_1_603' title='bbox 1815 2000 1961 2040; x_wconf 85' lang='lat' dir='ltr'>intenti,</span> <span class='ocrx_word' id='word_1_604' title='bbox 1986 2007 2018 2033; x_wconf 90' lang='lat' dir='ltr'>et</span> <span class='ocrx_word' id='word_1_605' title='bbox 2043 2001 2267 2043; x_wconf 82' lang='lat' dir='ltr'>praemunia-</span> 
     </span>
     <span class='ocr_line' id='line_1_90' title="bbox 1282 2050 2265 2095; baseline -0.002 -8"><span class='ocrx_word' id='word_1_606' title='bbox 1282 2067 1360 2089; x_wconf 87' lang='lat' dir='ltr'>mus</span> <span class='ocrx_word' id='word_1_607' title='bbox 1378 2066 1442 2087; x_wconf 90' lang='lat' dir='ltr'>nos</span> <span class='ocrx_word' id='word_1_608' title='bbox 1461 2051 1514 2086; x_wconf 86' lang='lat' dir='ltr'>his</span> <span class='ocrx_word' id='word_1_609' title='bbox 1526 2050 1659 2086; x_wconf 87' lang='lat' dir='ltr'>Christi</span> <span class='ocrx_word' id='word_1_610' title='bbox 1676 2051 1968 2094; x_wconf 86' lang='lat' dir='ltr'>promissionibus</span> <span class='ocrx_word' id='word_1_611' title='bbox 1985 2051 2084 2084; x_wconf 86' lang='lat' dir='ltr'>toties</span> <span class='ocrx_word' id='word_1_612' title='bbox 2101 2051 2265 2095; x_wconf 87' lang='lat' dir='ltr'>repetitis.</span> 
     </span>
    </p>
   </div>
   <div class='ocr_carea' id='block_1_10' title="bbox 1428 2118 2115 2170">
    <p class='ocr_par' dir='ltr' id='par_1_12' title="bbox 1428 2118 2115 2170">
     <span class='ocr_line' id='line_1_91' title="bbox 1428 2118 2115 2170; baseline -0.001 1"><span class='ocrx_word' id='word_1_613' title='bbox 1428 2133 1558 2170; x_wconf 75' lang='lat' dir='ltr'>Adhuc</span> <span class='ocrx_word' id='word_1_614' title='bbox 1583 2118 1701 2169; x_wconf 75' lang='lat' dir='ltr'>mulla</span> <span class='ocrx_word' id='word_1_615' title='bbox 1725 2132 1843 2168; x_wconf 78' lang='lat' dir='ltr'>habeo</span> <span class='ocrx_word' id='word_1_616' title='bbox 1868 2132 1980 2168; x_wconf 81' lang='lat' dir='ltr'>dicere</span> <span class='ocrx_word' id='word_1_617' title='bbox 2004 2132 2115 2170; x_wconf 76' lang='lat' dir='ltr'>vobis.</span> 
     </span>
    </p>
   </div>
   <div class='ocr_carea' id='block_1_11' title="bbox 1277 2202 2265 2696">
    <p class='ocr_par' dir='ltr' id='par_1_13' title="bbox 1277 2202 2265 2696">
     <span class='ocr_line' id='line_1_92' title="bbox 1386 2202 2265 2247; baseline -0.001 -10"><span class='ocrx_word' id='word_1_618' title='bbox 1386 2205 1565 2247; x_wconf 80' lang='lat' dir='ltr'>ingressus</span> <span class='ocrx_word' id='word_1_619' title='bbox 1598 2205 1635 2236; x_wconf 92' lang='lat' dir='ltr'>in</span> <span class='ocrx_word' id='word_1_620' title='bbox 1667 2203 1897 2235; x_wconf 85' lang='lat' dir='ltr'>maximarum</span> <span class='ocrx_word' id='word_1_621' title='bbox 1931 2214 2047 2236; x_wconf 91' lang='lat' dir='ltr'>rerum</span> <span class='ocrx_word' id='word_1_622' title='bbox 2083 2202 2265 2246; x_wconf 82' lang='lat' dir='ltr'>cogitatio-</span> 
     </span>
     <span class='ocr_line' id='line_1_93' title="bbox 1282 2254 2263 2298; baseline -0.002 -9"><span class='ocrx_word' id='word_1_623' title='bbox 1282 2269 1361 2289; x_wconf 91' lang='lat' dir='ltr'>nem</span> <span class='ocrx_word' id='word_1_624' title='bbox 1379 2254 1556 2295; x_wconf 86' lang='lat' dir='ltr'>Christus,</span> <span class='ocrx_word' id='word_1_625' title='bbox 1585 2267 1672 2298; x_wconf 85' lang='lat' dir='ltr'>quae</span> <span class='ocrx_word' id='word_1_626' title='bbox 1699 2261 1779 2287; x_wconf 86' lang='lat' dir='ltr'>sunt</span> <span class='ocrx_word' id='word_1_627' title='bbox 1801 2254 2010 2293; x_wconf 89' lang='lat' dir='ltr'>immensae,</span> <span class='ocrx_word' id='word_1_628' title='bbox 2038 2264 2101 2285; x_wconf 90' lang='lat' dir='ltr'>nec</span> <span class='ocrx_word' id='word_1_629' title='bbox 2117 2261 2263 2296; x_wconf 87' lang='lat' dir='ltr'>possunt</span> 
     </span>
     <span class='ocr_line' id='line_1_94' title="bbox 1283 2301 2263 2351; baseline -0.003 -11"><span class='ocrx_word' id='word_1_630' title='bbox 1283 2319 1425 2351; x_wconf 86' lang='lat' dir='ltr'>prorsus</span> <span class='ocrx_word' id='word_1_631' title='bbox 1448 2304 1699 2350; x_wconf 85' lang='lat' dir='ltr'>comprehendi</span> <span class='ocrx_word' id='word_1_632' title='bbox 1725 2305 1769 2337; x_wconf 87' lang='lat' dir='ltr'>ab</span> <span class='ocrx_word' id='word_1_633' title='bbox 1786 2301 1939 2336; x_wconf 81' lang='lat' dir='ltr'>humana</span> <span class='ocrx_word' id='word_1_634' title='bbox 1956 2309 2102 2341; x_wconf 57' lang='lat' dir='ltr'>mente,</span> <span class='ocrx_word' id='word_1_635' title='bbox 2119 2304 2263 2337; x_wconf 84' lang='lat' dir='ltr'>abrum-</span> 
     </span>
     <span class='ocr_line' id='line_1_95' title="bbox 1282 2353 2264 2402; baseline -0.002 -12"><span class='ocrx_word' id='word_1_636' title='bbox 1282 2359 1332 2402; x_wconf 91' lang='lat' dir='ltr'>pit</span> <span class='ocrx_word' id='word_1_637' title='bbox 1363 2370 1578 2396; x_wconf 86' lang='lat' dir='ltr'>sermonem,</span> <span class='ocrx_word' id='word_1_638' title='bbox 1615 2355 1836 2388; x_wconf 91' lang='lat' dir='ltr'>miseratione</span> <span class='ocrx_word' id='word_1_639' title='bbox 1867 2360 2006 2387; x_wconf 90' lang='lat' dir='ltr'>nostrae</span> <span class='ocrx_word' id='word_1_640' title='bbox 2038 2353 2264 2396; x_wconf 88' lang='lat' dir='ltr'>infirmitatis,</span> 
     </span>
     <span class='ocr_line' id='line_1_96' title="bbox 1281 2404 2261 2454; baseline -0.001 -13"><span class='ocrx_word' id='word_1_641' title='bbox 1281 2421 1384 2454; x_wconf 89' lang='lat' dir='ltr'>quam</span> <span class='ocrx_word' id='word_1_642' title='bbox 1410 2409 1551 2452; x_wconf 87' lang='lat' dir='ltr'>quidem</span> <span class='ocrx_word' id='word_1_643' title='bbox 1577 2415 1694 2450; x_wconf 81' lang='lat' dir='ltr'>aperte</span> <span class='ocrx_word' id='word_1_644' title='bbox 1717 2405 1893 2448; x_wconf 86' lang='lat' dir='ltr'>deplorat,</span> <span class='ocrx_word' id='word_1_645' title='bbox 1920 2412 1953 2438; x_wconf 93' lang='lat' dir='ltr'>et</span> <span class='ocrx_word' id='word_1_646' title='bbox 1977 2404 2093 2437; x_wconf 81' lang='lat' dir='ltr'>statim</span> <span class='ocrx_word' id='word_1_647' title='bbox 2119 2405 2261 2440; x_wconf 89' lang='lat' dir='ltr'>subiicit</span> 
     </span>
     <span class='ocr_line' id='line_1_97' title="bbox 1280 2455 2259 2497; baseline -0.003 -5"><span class='ocrx_word' id='word_1_648' title='bbox 1280 2459 1574 2497; x_wconf 84' lang='lat' dir='ltr'>consolationem,</span> <span class='ocrx_word' id='word_1_649' title='bbox 1611 2457 1658 2490; x_wconf 84' lang='lat' dir='ltr'>ait</span> <span class='ocrx_word' id='word_1_650' title='bbox 1686 2468 1721 2489; x_wconf 90' lang='lat' dir='ltr'>se</span> <span class='ocrx_word' id='word_1_651' title='bbox 1752 2455 1939 2488; x_wconf 87' lang='lat' dir='ltr'>missurum</span> <span class='ocrx_word' id='word_1_652' title='bbox 1970 2466 2062 2492; x_wconf 84' lang='lat' dir='ltr'>esse,</span> <span class='ocrx_word' id='word_1_653' title='bbox 2097 2462 2129 2488; x_wconf 90' lang='lat' dir='ltr'>et</span> <span class='ocrx_word' id='word_1_654' title='bbox 2151 2455 2259 2489; x_wconf 89' lang='lat' dir='ltr'>alium</span> 
     </span>
     <span class='ocr_line' id='line_1_98' title="bbox 1279 2504 2260 2552; baseline -0.004 -9"><span class='ocrx_word' id='word_1_655' title='bbox 1279 2512 1456 2543; x_wconf 90' lang='lat' dir='ltr'>doctorem</span> <span class='ocrx_word' id='word_1_656' title='bbox 1487 2508 1659 2552; x_wconf 85' lang='lat' dir='ltr'>Spiritum</span> <span class='ocrx_word' id='word_1_657' title='bbox 1692 2512 1860 2539; x_wconf 86' lang='lat' dir='ltr'>sanctum.</span> <span class='ocrx_word' id='word_1_658' title='bbox 1920 2504 1991 2538; x_wconf 88' lang='lat' dir='ltr'>Nec</span> <span class='ocrx_word' id='word_1_659' title='bbox 2022 2505 2104 2538; x_wconf 79' lang='lat' dir='ltr'>volo</span> <span class='ocrx_word' id='word_1_660' title='bbox 2137 2505 2174 2538; x_wconf 92' lang='lat' dir='ltr'>in</span> <span class='ocrx_word' id='word_1_661' title='bbox 2206 2504 2260 2540; x_wconf 87' lang='lat' dir='ltr'>his</span> 
     </span>
     <span class='ocr_line' id='line_1_99' title="bbox 1278 2555 2259 2603; baseline -0.004 -10"><span class='ocrx_word' id='word_1_662' title='bbox 1278 2560 1490 2603; x_wconf 75' lang='lat' dir='ltr'>gravissimis</span> <span class='ocrx_word' id='word_1_663' title='bbox 1520 2557 1701 2598; x_wconf 86' lang='lat' dir='ltr'>sententiis</span> <span class='ocrx_word' id='word_1_664' title='bbox 1732 2556 1867 2603; x_wconf 84' lang='lat' dir='ltr'>prolixe</span> <span class='ocrx_word' id='word_1_665' title='bbox 1890 2556 2041 2589; x_wconf 81' lang='lat' dir='ltr'>refutare</span> <span class='ocrx_word' id='word_1_666' title='bbox 2067 2555 2259 2590; x_wconf 86' lang='lat' dir='ltr'>insulsissi-</span> 
     </span>
     <span class='ocr_line' id='line_1_100' title="bbox 1280 2606 2259 2655; baseline -0.004 -11"><span class='ocrx_word' id='word_1_667' title='bbox 1280 2623 1350 2644; x_wconf 89' lang='lat' dir='ltr'>mas</span> <span class='ocrx_word' id='word_1_668' title='bbox 1377 2611 1516 2644; x_wconf 81' lang='lat' dir='ltr'>naenias</span> <span class='ocrx_word' id='word_1_669' title='bbox 1544 2607 1826 2655; x_wconf 86' lang='lat' dir='ltr'>hypocritarum,</span> <span class='ocrx_word' id='word_1_670' title='bbox 1858 2607 1918 2651; x_wconf 90' lang='lat' dir='ltr'>qui</span> <span class='ocrx_word' id='word_1_671' title='bbox 1941 2606 2033 2639; x_wconf 87' lang='lat' dir='ltr'>hisce</span> <span class='ocrx_word' id='word_1_672' title='bbox 2054 2607 2171 2640; x_wconf 90' lang='lat' dir='ltr'>verbis</span> <span class='ocrx_word' id='word_1_673' title='bbox 2197 2608 2259 2640; x_wconf 90' lang='lat' dir='ltr'>de-</span> 
     </span>
     <span class='ocr_line' id='line_1_101' title="bbox 1277 2656 2256 2696; baseline -0.005 -1"><span class='ocrx_word' id='word_1_674' title='bbox 1277 2663 1427 2696; x_wconf 78' lang='lat' dir='ltr'>fendunt</span> <span class='ocrx_word' id='word_1_675' title='bbox 1451 2659 1623 2694; x_wconf 86' lang='lat' dir='ltr'>humanas</span> <span class='ocrx_word' id='word_1_676' title='bbox 1645 2658 1864 2693; x_wconf 85' lang='lat' dir='ltr'>traditiones:</span> <span class='ocrx_word' id='word_1_677' title='bbox 1892 2656 2040 2692; x_wconf 82' lang='lat' dir='ltr'>Restant</span> <span class='ocrx_word' id='word_1_678' title='bbox 2066 2658 2176 2691; x_wconf 88' lang='lat' dir='ltr'>multa</span> <span class='ocrx_word' id='word_1_679' title='bbox 2201 2658 2256 2690; x_wconf 90' lang='lat' dir='ltr'>di—</span> 
     </span>
    </p>
   </div>
   <div class='ocr_carea' id='block_1_12' title="bbox 2361 0 2403 1207">
    <p class='ocr_par' dir='ltr' id='par_1_14' title="bbox 2361 0 2403 1207">
     <span class='ocr_line' id='line_1_102' title="bbox 2361 0 2403 1207; baseline 0 0"><span class='ocrx_word' id='word_1_680' title='bbox 2361 0 2403 1207; x_wconf 95' lang='lat' dir='ltr'> </span> 
     </span>
    </p>
   </div>
  </div>
 </body>
</html>
