2415 2942
1 66 9 100 8

92 82 168 119 409

0 173 8 236 ἶ
40 166 48 206 i
94 170 254 207 tudinem
272 167 398 203 harum
417 181 535 203 rerum
553 183 626 204 non
651 182 750 215 posse
770 170 879 204 ullius
904 171 1077 211 oratione,

36 242 44 262 ‘l

34 286 42 305 ι’

95 229 154 256 aut
170 221 251 254 ullis
269 221 510 254 voluminibus
527 223 674 265 exponi,
692 222 749 254 sed
769 221 905 254 assidue
922 221 959 253 in
978 221 1076 253 omni

95 273 166 307 vita
185 273 410 315 repetendam
432 284 503 305 esse
523 273 767 315 cogitationem
793 270 898 305 huius
921 271 1076 304 mirandi

96 323 235 357 consilii
252 323 340 362 Dei,
364 330 396 356 et
411 324 568 356 sacrificii
585 321 735 363 Christi,
753 329 786 356 et
802 322 978 362 beneficii,
995 333 1076 365 pro-

95 382 174 419 pter
200 374 293 418 quod
318 373 409 406 filius
431 373 497 406 Dei
518 374 657 407 victima
679 374 788 406 sactus
815 380 884 413 est,
921 372 1077 406 breviter

92 432 208 461 tamen
227 424 379 457 recitabo
397 425 528 469 aliquas
546 431 670 468 partes.

198 475 338 508 Primus
359 476 454 508 locus
473 482 538 508 est:
568 474 700 507 Pilatus
718 480 893 514 metuens,
922 486 966 506 ne
984 474 1076 517 apud

96 528 278 563 Caesarem
302 531 539 566 accusaretur,
575 531 696 558 contra
719 524 968 558 conscientiam
994 537 1078 557 con-

95 580 238 613 demnat
253 574 444 615 Christum,
460 588 537 608 cum
558 576 700 621 quidem
719 576 816 620 prius
834 576 953 609 multis
970 576 1078 617 signis

95 630 255 663 ostendat
274 638 307 659 se
325 624 415 659 hanc
431 627 538 670 ipsam
553 627 881 659 condemnationem
898 626 1076 670 improba-

95 693 143 720 re,
159 681 205 713 ait
221 692 254 712 se
273 675 368 710 hunc
385 676 495 710 Iesum
514 677 741 710 dimissurum
759 689 843 716 esse,
863 685 899 711 ut
918 678 1077 710 solebant

93 731 236 764 infesto
261 728 412 772 aliquem
438 727 613 771 captivum
642 728 836 766 dimittere,
864 727 932 762 Sed
957 728 1077 761 ludaei

94 782 292 815 anteferunt
316 780 507 818 latronem,
533 786 564 813 et
581 779 763 812 seditionis
786 787 962 819 autorem,
983 779 1077 812 lavat

95 839 130 866 et
146 843 289 872 manu5‚
308 837 340 863 et
357 830 405 863 ait
421 841 455 862 se
471 829 695 863 innocentem
712 841 801 869 esse,
825 831 919 875 quod
938 830 1076 872 signum

94 889 169 916 erat
183 883 293 915 laesae
312 880 555 921 conscientiae,
573 892 654 913 narn
673 893 792 914 revera
810 881 940 914 sciebat
956 893 989 914 se
1005 892 1077 913 non

94 945 167 967 esse
185 933 424 965 innocentem:
452 930 598 964 Faciens
617 933 710 965 euim
727 932 857 972 scelus,
875 939 906 964 et
925 943 1077 964 consen-

92 984 201 1024 tiens,
236 984 378 1016 eandem
402 993 551 1026 poenam
578 989 769 1018 merentur.
829 982 882 1016 De
911 980 975 1015 hoc
1000 983 1076 1015 loco

94 1046 166 1067 non
183 1034 295 1067 dicam
313 1034 412 1077 plura
425 1060 432 1072 ‚
459 1034 517 1065 sed
538 1031 594 1066 hic
613 1034 809 1067 caecitatem
829 1045 901 1066 esse
920 1034 1074 1066 furorem

92 1084 229 1128 Regum
242 1109 251 1123 ,
277 1083 503 1127 Principum,
531 1091 562 1117 et
581 1091 763 1128 potentum
779 1084 937 1117 omnium
956 1084 1076 1128 deplo-

94 1147 211 1169 remus
223 1163 231 1176 ,
246 1135 306 1180 qui
325 1134 430 1167 simili
450 1135 554 1167 modo
572 1136 731 1168 saeviunt
748 1136 784 1167 in
800 1133 1004 1173 Ecclesiam,
1020 1135 1074 1166 in-

93 1187 189 1220 citati
205 1187 247 1218 ab
264 1185 381 1229 impiis
391 1186 640 1219 sacerdotibus.
675 1184 721 1219 Et
735 1197 936 1230 quanquam
952 1186 1076 1218 volunt

94 1237 254 1270 derivare
277 1236 415 1279 culpam
433 1235 467 1267 iu
487 1237 699 1277 sacerdotes,
725 1237 847 1269 dicunt
861 1248 897 1268 se
914 1244 1075 1279 oportere

94 1287 192 1331 sequi
209 1287 429 1319 autoritatem
448 1284 642 1329 Ecclesiae,
671 1294 786 1320 tamen
806 1299 925 1319 revera
944 1293 1025 1319 snut
1044 1294 1074 1319 et

94 1344 197 1371 erunt
215 1338 264 1369 rei
283 1348 399 1369 coram
417 1335 512 1377 Deo,
547 1338 625 1381 quia
645 1350 715 1371 non
735 1338 817 1369 solis
835 1338 1073 1370 sacerdotibus

92 1389 296 1422 mandatum
315 1393 381 1426 est,
408 1395 446 1420 ut
462 1387 571 1420 sciant
589 1387 820 1431 Evangelium
833 1414 840 1428 ,
868 1389 927 1420 sed
956 1388 1072 1421 omni-

90 1440 157 1473 bus
182 1436 387 1472 hominibus
409 1437 539 1472 dictum
565 1446 614 1472 est
633 1440 674 1471 de
696 1437 853 1472 Christo:
882 1437 987 1472 Hunc
1011 1451 1071 1471 au-

92 1490 181 1528 dite,
210 1496 242 1523 ct
266 1489 477 1522 nominatim
503 1491 642 1532 regibus
660 1490 790 1522 dictum
811 1497 877 1523 est:
914 1488 959 1523 Et
979 1502 1072 1523 nunc

93 1552 189 1584 reges
208 1540 409 1582 intelligite⁷
431 1541 619 1572 erudimini
637 1541 698 1585 qui
715 1541 876 1573 iudicatis
894 1547 1034 1576 terram.

193 1590 329 1624 Nomen
341 1588 527 1625 Gabbatha
541 1591 709 1634 significat
728 1591 841 1624 locum
860 1592 1070 1624 eminentem

92 1655 111 1676 a
129 1641 299 1675 vocabulo
319 1641 437 1681 Gaba,
463 1642 556 1685 quod
584 1649 633 1674 est
656 1642 826 1681 altitudo,
856 1650 886 1675 et
907 1643 1071 1684 allegoria

94 1698 215 1726 monet
246 1691 433 1724 eminentia
468 1699 499 1724 et
528 1704 662 1724 summa
694 1692 839 1735 imperia
872 1693 1070 1735 belligerari

95 1755 174 1778 cum
193 1741 286 1782 Deo,
320 1749 353 1775 et
384 1742 419 1774 in
448 1740 624 1776 Christum
651 1749 684 1776 et
709 1741 900 1775 Ecclesiam
928 1745 1071 1782 saevire,

94 1795 182 1827 sicut
199 1793 394 1837 plerunque
411 1791 535 1826 sactum
557 1805 628 1825 esse
646 1790 866 1826 horribiliter
880 1800 951 1827 tota
969 1807 1072 1826 mun-

92 1845 130 1878 di
149 1842 292 1877 historia
311 1844 475 1876 ostendit.

483 83 566 123 XII.
593 81 891 121 ENARRATIO
924 82 974 120 IN
1007 81 1191 122 EVANG.
1225 82 1443 123 IOANNIS.

1511 82 1615 120 CAP.
1642 83 1742 118 XIX.
2053 86 2126 119 410

1131 171 1161 203 ei
1186 170 1365 205 Simonem
1391 170 1630 217 Cyrenaeum,
1678 171 1769 203 sorte
1797 169 1834 203 in
1864 169 1920 203 via
1945 170 2114 211 oblatum,

1131 234 1233 266 quem
1252 229 1380 265 cogunt
1396 230 1434 256 ut
1452 223 1594 255 adiuvet
1611 219 1809 265 Christum,
1839 227 1956 265 postea
1974 222 2113 253 addun-

1131 279 1188 305 tur
1205 280 1237 306 et
1253 274 1324 305 duo
1342 274 1494 306 latrones
1510 285 1580 306 una
1597 272 1832 315 crucifigendi.
1867 272 2005 306 Nomen
2024 271 2114 304 Gol-

1131 320 1234 364 gatha
1260 323 1431 364 significat
1455 324 1509 355 vel
1528 335 1712 363 acervum,
1738 323 1771 355 id
1794 330 1861 363 est,
1889 323 2003 356 locum
2023 323 2113 355 exci-

1132 378 1261 411 tatum,
1289 385 1348 406 seu
1372 373 1570 416 lapidibus,
1604 385 1665 405 seu
1688 374 1892 416 cespitibus:
1921 374 1976 405 vel
2004 373 2113 416 ipsam

1131 423 1262 456 calvam
1283 424 1410 464 cranii,
1437 435 1498 456 seu
1515 423 1637 466 capitis
1657 421 1822 464 humani,
1852 425 1946 468 quod
1965 424 2050 456 alibi
2076 424 2114 456 in

1132 479 1226 507 textu
1255 472 1418 507 Hebraeo
1450 474 1616 507 scribitur
1641 472 1826 516 Golgatba,
1879 473 1967 507 Cum
1999 482 2114 507 autem

1131 525 1249 557 omnia
1268 525 1424 557 membra
1442 525 1580 567 longius
1597 536 1759 556 enarrare
1777 536 1848 556 non
1867 526 2008 567 possim,
2021 537 2115 558 nunc

1131 582 1267 608 tantum
1285 576 1327 608 de
1346 575 1502 609 Simonis
1521 574 1693 620 Cyrenaei
1712 575 1875 617 allegoria
1893 576 2018 616 dicam,
2036 588 2113 608 cum

1132 626 1167 658 id
1185 626 1401 670 exemplum,
1429 627 1522 670 quod
1544 626 1684 658 videtur
1703 626 1861 668 exiguam
1886 625 2115 659 circumstan-

1132 677 1216 710 tiam
1237 678 1435 717 continere,
1458 684 1527 710 tam
1546 676 1732 719 diligenter
1750 676 1930 709 recitatum
1949 676 2004 711 sit.
2059 676 2115 709 Si-

1131 728 1271 770 gnificat
1289 735 1404 761 autem
1423 726 1479 760 hic
1497 727 1621 761 Simon
1645 738 1780 770 semper
1804 728 1840 759 in
1864 727 2116 759 afflictionibus

1132 778 1308 811 Ecclesiae
1327 779 1465 823 aliquos
1482 790 1574 819 esse,
1594 790 1671 811 cum
1690 778 1884 821 principes,
1904 784 1976 810 tum
1995 780 2116 811 docto-

1132 841 1203 869 res,
1237 837 1311 863 tum
1336 830 1422 863 alios
1445 827 1606 862 homines
1630 829 1725 872 pios,
1758 829 1819 872 qui
1846 835 1977 871 partem
2005 829 2116 861 crucis

1131 887 1284 923 gestant,
1312 887 1350 914 ut
1369 893 1484 919 nunc,
1510 892 1587 912 cum
1608 891 1703 922 reges
1719 879 1797 912 irati
1824 880 1939 911 delere
1956 877 2117 922 Evange-

1131 933 1231 972 lium,
1249 938 1281 964 et
1299 932 1493 965 interficere
1511 932 1670 963 doctores
1688 936 1871 971 conantur,
1890 930 1998 974 aliqui
2018 931 2116 973 prin-

1131 983 1223 1026 cipes
1242 989 1272 1015 ct
1291 984 1552 1025 gubernatores,
1568 981 1603 1013 in
1620 981 1708 1013 aulis
1726 987 1757 1013 et
1774 980 1975 1014 civitatibus
1991 992 2117 1022 magna

1132 1033 1284 1077 pericula
1305 1040 1338 1066 et
1353 1044 1537 1066 aerumnas
1558 1032 1747 1071 sustinent,
1775 1031 1812 1063 in
1829 1031 2030 1064 defensione
2048 1031 2116 1063 Ec—

1130 1084 1314 1117 clesiarum
1338 1091 1370 1117 et
1394 1084 1613 1116 docentium:
1650 1083 1721 1115 imo
1749 1082 1853 1114 etiam
1883 1089 2002 1115 noster
2029 1083 2116 1115 ordo

1130 1133 1357 1168 scholasticus
1380 1146 1460 1166 vere
1485 1141 1616 1176 partem
1641 1132 1753 1165 crucis
1776 1139 1901 1174 gestat,
1930 1139 1961 1165 et
1981 1139 2117 1165 constat

1131 1186 1275 1218 nomine
1302 1185 1448 1219 Simeon
1477 1183 1665 1227 significari
1696 1183 1903 1216 auditorem.
1959 1182 2115 1217 Studiosi

1129 1237 1301 1268 discentes
1318 1235 1549 1278 Evangelium
1569 1234 1673 1267 simul
1693 1234 1920 1277 implIcantur
1940 1234 2116 1276 periculis,

1129 1287 1232 1318 multi
1252 1298 1345 1319 nunc
1371 1286 1418 1330 pii
1440 1283 1637 1319 scholastici
1663 1296 1806 1327 magnas
1832 1285 1988 1317 miserias
2011 1284 2116 1317 susti-

1128 1345 1212 1370 nent
1243 1344 1385 1380 propter
1416 1334 1671 1378 Evangelimn,
1713 1336 1770 1367 sed
1794 1334 1890 1367 Deus
1915 1336 2037 1368 reddet
2068 1335 2116 1367 eis

1129 1388 1300 1429 praemia,
1341 1387 1431 1420 sicut
1454 1393 1486 1419 et
1511 1385 1593 1420 huic
1618 1386 1777 1419 Simeoni
1805 1386 1972 1420 reddidit.
2026 1385 2115 1418 Nam

1127 1439 1217 1471 tilios
1236 1439 1309 1471 eius
1329 1436 1570 1472 Alexandrum
1589 1444 1620 1471 et
1640 1436 1774 1471 Rufum
1792 1444 1910 1481 postea
1927 1438 1969 1470 ad
1987 1448 2116 1470 munus

1126 1488 1311 1532 Evangelii
1337 1489 1485 1524 vocavit.

1229 1540 1373 1572 Tertius
1392 1540 1487 1572 locus
1507 1546 1557 1572 est
1578 1539 1700 1572 concio
1716 1536 1847 1571 Christi
1872 1540 1913 1571 ad
1941 1539 2116 1579 mulieres,

1127 1603 1215 1636 quae
1252 1592 1422 1624 eiulantes
1457 1591 1670 1623 comitantur
1705 1587 1886 1622 Christum
1923 1597 2113 1631 gestantem

1127 1654 1276 1674 crucem.
1305 1642 1383 1674 Non
1402 1641 1494 1673 enim
1513 1648 1649 1673 tautum
1668 1641 1831 1673 atrocitas
1851 1641 2014 1686 supplicii
2029 1652 2114 1673 con-

1127 1693 1312 1725 sideranda
1331 1699 1391 1732 est,
1408 1693 1465 1724 sed
1486 1692 1587 1724 etiam
1606 1703 1744 1730 causae,
1763 1697 1792 1723 et
1812 1702 1989 1724 sermones
2009 1688 2114 1725 Chri-

1126 1744 1167 1776 sti
1186 1744 1325 1776 interim
1341 1741 1463 1783 habiti,
1476 1743 1535 1787 qui
1548 1742 1798 1785 atriplissimam
1815 1741 2011 1774 doctrinam
2028 1754 2114 1774 con-

1126 1794 1251 1829 tinent.
1302 1793 1364 1827 Est
1389 1796 1502 1827 autem
1529 1793 1651 1825 concio
1675 1792 1931 1835 poenitentiae,
1957 1793 2111 1836 primum

529 1843 596 1876 Hic
615 1844 967 1888 quoquetristissima
992 1858 1074 1878 voce
1099 1844 1103 1882 ξ
1127 1842 1387 1888 reprehendens
1404 1845 1566 1877 mulieres
1590 1845 1747 1876 nondum
1768 1843 2021 1884 intelligentes,
2051 1855 2113 1875 cur

90 1894 212 1929 Iudaei
231 1894 360 1937 seipsos
384 1895 640 1934 condemnant,
664 1895 834 1928 dicentes:
865 1895 910 1929 Se
934 1896 1072 1928 nullum
1100 1884 1102 1954 μ
1127 1893 1288 1928 Christus
1306 1894 1399 1928 hunc
1419 1907 1565 1937 agonem
1585 1895 1764 1934 sustineat,
1780 1894 1907 1926 deinde
1923 1892 2112 1927 horribiles

90 1944 221 1979 habere
231 1943 362 1987 Regem
383 1945 449 1977 nisi
469 1943 672 1985 Caesarem,
701 1946 813 1988 palam
832 1953 961 1989 negant
978 1946 1073 1979 Mes-
1099 1955 1102 1994 f
1126 1958 1257 1990 poenas
1274 1947 1493 1989 praedicens,
1511 1957 1599 1990 quae
1615 1953 1646 1978 et
1664 1943 1758 1979 hunc
1778 1945 1946 1988 populum
1977 1951 2007 1977 et
2035 1956 2112 1976 om-

90 1997 196 2036 siam,
224 2002 257 2029 et
280 1995 517 2028 vaticinantur
541 2008 576 2028 se
604 1994 784 2029 habituros
809 1995 1008 2037 Caesarem,
1037 1998 1071 2030 id

89 2054 158 2088 est,
187 2059 258 2079 non
282 2045 447 2079 Messiam
472 2047 697 2087 salvatorem,
723 2048 780 2079 sed
802 2048 985 2082 Caesarem
1008 2048 1072 2080 Ti-

89 2106 163 2133 tum
177 2125 186 2138 ,
212 2097 272 2142 qui
294 2097 474 2141 aliquanto
495 2105 571 2140 post
588 2105 696 2131 totam
715 2097 890 2131 Iudaicam
912 2101 1069 2144 politiam

87 2160 212 2192 magna
230 2149 435 2182 crudelitate
451 2148 628 2181 deleturus
646 2155 706 2182 est.
759 2148 939 2192 Significat
955 2158 1069 2184 autem

88 2199 216 2234 Caesar
240 2200 331 2232 idem
357 2200 450 2244 quod
478 2200 646 2239 crudelis,
682 2200 793 2244 palam
820 2201 924 2234 etiam
949 2203 1070 2235 clami-

89 2257 181 2284 tant:
209 2249 262 2284 Sit
279 2251 418 2293 sanguis
440 2250 513 2283 eius
533 2262 638 2294 super
655 2262 718 2282 nos
746 2252 896 2290 et7filios
920 2260 1069 2288 nostros,

90 2299 342 2335 Cohorrescere
361 2313 481 2334 omnes
499 2302 574 2345 pios
594 2313 730 2335 necesse
747 2308 814 2342 est,
840 2300 930 2336 hanc
949 2316 1069 2337 vocem

90 2353 287 2393 audientes,
323 2360 381 2386 aut
401 2352 610 2396 cogitantes:
648 2365 726 2385 cum
744 2359 861 2386 autem
879 2351 974 2388 hunc
992 2361 1069 2388 tan-

91 2409 165 2436 tum
188 2403 341 2436 furorem
360 2401 464 2437 huius
484 2405 604 2447 populi
623 2403 904 2446 consideramus,
942 2405 1070 2439 excite-

91 2464 190 2493 mur,
217 2460 252 2486 ut
277 2454 366 2487 veris
390 2461 422 2488 et
444 2455 649 2489 ardentibus
676 2454 766 2487 votis
791 2461 966 2498 petamus,
993 2463 1030 2490 ut
1051 2468 1068 2490 a
1092 2491 1093 2494 ,

90 2501 166 2536 Deo
188 2504 440 2550 gubernemur,
468 2518 512 2538 ne
532 2506 568 2539 iu
587 2505 738 2540 similem
756 2506 945 2540 amentiam
963 2514 995 2541 et
1013 2508 1069 2541 fu-

89 2565 205 2586 rorem
225 2566 377 2591 ruamus,

165 2603 346 2640 Secundus
370 2607 467 2640 locus
493 2613 554 2642 est.
611 2606 749 2641 Milites
779 2608 932 2643 educunt
964 2606 1068 2644 Chri-

86 2661 197 2696 stum,
224 2662 257 2691 et
272 2656 458 2701 imponunt
474 2658 506 2692 ei
519 2669 669 2694 crucem.

719 2658 930 2703 Adiungunt
953 2668 1070 2695 autem
1093 2682 1098 2691 ι

1126 2008 1187 2029 nes
1212 1997 1338 2041 impios
1363 2009 1591 2040 oppressurae
1618 2003 1719 2029 sunt:
1756 1996 1859 2028 tertio
1887 1996 2110 2028 collationem

1124 2048 1254 2080 faciens
1275 2049 1507 2081 afflictionum
1534 2046 1708 2080 Ecclesiae
1732 2053 1764 2080 et
1789 2046 1990 2090 impiorum.
2058 2046 2110 2079 Ac

1125 2099 1194 2131 duo
1214 2099 1330 2143 priora
1349 2099 1505 2131 membra
1525 2099 1604 2131 satis
1625 2098 1802 2141 perspicua
1819 2103 1919 2134 sunt,
1947 2096 2110 2130 mulieres

1123 2150 1303 2182 communi
1328 2150 1558 2182 mediocrium
1585 2146 1768 2181 hominum
1786 2149 1924 2194 στοργῇ
1946 2147 2109 2191 deplora-

1124 2198 1353 2234 bantChristi
1370 2199 1602 2233 calamitatem
1622 2207 1763 2243 propter
1781 2199 1907 2241 ipsum.
1944 2197 2024 2231 Non
2043 2210 2108 2230 no-

1123 2258 1202 2284 rant
1219 2263 1349 2291 causas,
1367 2251 1528 2283 videlicet
1547 2251 1615 2293 pati
1633 2249 1810 2283 Christum
1831 2255 1972 2292 propter
1987 2256 2107 2282 nostra

1124 2309 1273 2345 peccata.
1327 2301 1473 2335 Necesse
1497 2308 1545 2334 est
1569 2308 1686 2333 autem
1711 2301 1877 2332 omnibus
1903 2298 2107 2332 hominibus

1123 2350 1213 2386 hanc
1229 2353 1425 2386 doctrinam
1443 2352 1533 2384 tradi
1551 2359 1582 2384 et
1601 2351 1787 2389 inculcari,
1812 2351 1940 2384 nostris
1958 2351 2106 2393 peccatis

1120 2403 1235 2438 Deum
1255 2416 1335 2437 vere
1354 2403 1469 2443 irasci,
1496 2409 1639 2446 propter
1657 2408 1774 2435 nostra
1794 2408 1929 2445 peccata
1947 2409 2106 2434 metuen-

1122 2455 1183 2488 das
1200 2467 1271 2488 esse
1287 2465 1434 2498 poenas,
1451 2460 1569 2486 nostra
1587 2453 1676 2485 mala
1695 2453 1913 2495 agnoscenda
1932 2458 1964 2484 et
1981 2452 2105 2499 deplo-

1122 2507 1231 2539 randa
1252 2518 1335 2541 esse.
1376 2503 1515 2538 Rursus
1533 2510 1646 2536 autem
1664 2504 1847 2536 sciendum
1862 2531 1870 2544 ‚
1889 2502 1966 2536 toll-i
1985 2509 2105 2535 nostra

1121 2558 1210 2589 mala
1230 2569 1289 2599 per
1305 2554 1495 2590 Christum.
1549 2553 1707 2588 Stultitia
1728 2561 1776 2587 est
1794 2561 1927 2594 autem,
1954 2560 1993 2586 ut
2014 2554 2102 2586 dici-

1122 2614 1195 2645 tur,
1214 2608 1297 2640 soris
1314 2617 1450 2649 sapere,
1465 2605 1500 2637 id
1518 2612 1584 2645 est,
1604 2605 1822 2649 ignorantem
1842 2604 1982 2648 propria
2002 2605 2103 2643 mala,

1121 2659 1304 2703 deplorare
1321 2657 1453 2696 aliena,
1471 2663 1511 2691 ut
1527 2655 1660 2690 Priami·
1676 2655 1924 2696 autHectoris,
1940 2661 1971 2688 et
1988 2661 2105 2687 tamen
