2415 2942
293 91 388 127 1107

291 176 364 210 nite
382 175 469 208 mah
493 173 622 211 facere,
654 176 687 203 et
712 168 833 202 discite
855 168 945 200 bene
961 167 1083 201 facere.
1136 166 1175 201 Si
1192 167 1268 199 fue—

290 227 362 260 rint
387 230 522 268 peccata
537 229 648 254 vestra
669 220 757 252 sicut
779 219 979 256 coccinum,
1006 219 1102 251 eritis
1127 216 1269 250 candidi

292 277 379 309 sicut
399 274 469 308 nix.
521 271 596 305 llos
614 271 720 313 igitur
740 269 888 313 protegit
905 267 1019 308 Deus,
1048 267 1111 301 hos
1132 275 1269 301 susten-

291 332 340 359 tat
357 325 451 357 velut
468 323 619 356 subiecta
640 331 762 357 manu,
789 327 827 352 ut
843 325 1005 352 nutantes
1029 326 1087 352 aut
1114 319 1269 351 labentes

291 388 363 408 non
382 381 485 407 ruant
503 374 538 405 iu
557 371 714 405 exitium.
756 367 802 402 Et
820 370 855 401 in
873 366 997 401 horum
1017 369 1270 402 tentationibus

292 426 378 468 regit
396 431 558 462 eventuS,
586 430 618 456 et
635 422 691 454 dat
709 421 862 464 placidos
878 420 1009 460 exitus,
1036 421 1122 452 sicut
1141 417 1198 451 hic
1216 418 1270 450 di-

291 476 397 509 citur:
433 473 501 507 Dat
528 485 604 506 cum
629 471 821 505 tentatione
850 470 980 503 exitum
1006 482 1066 503 seu
1090 469 1269 503 liberatio-

292 538 392 563 nem,
419 532 456 557 ut
476 525 612 556 vincere
634 522 777 566 possint.

390 575 459 609 Sed
488 575 530 607 de
559 573 687 607 securis
705 599 713 612 ‚
754 572 814 616 qui
847 583 918 604 non
950 569 1079 604 habent
1111 569 1271 603 exercitia

290 625 548 669 poenitentiae,
581 623 711 656 dicitur
734 621 900 654 Proverl).
925 621 1056 665 primo:
1093 619 1186 662 Quia
1210 632 1271 652 vo-

291 677 366 709 cavi
384 683 415 709 et
432 675 607 712 renuistis,
633 680 664 706 et
683 672 938 716 increpationes
957 683 1048 704 meas
1064 670 1273 713 neglexistis,

293 738 355 770 ego
373 738 510 771 quoque
529 726 564 757 in
583 724 686 756 exitio
704 729 819 755 vestro
839 723 973 755 ridebo.

392 777 466 810 Hac
482 774 707 808 distinctione
723 774 940 805 considerata
959 771 1178 805 securitatem
1197 782 1274 803 cor—

291 828 466 870 rigamus,
495 833 526 859 et
550 824 807 858 invocationem
838 823 1078 856 exuscitemus.
1132 820 1182 854 Ita
1208 833 1275 853 no-

291 879 345 910 bis
365 877 602 910 dulcissimam
627 874 901 907 consolationem
925 874 961 905 in
986 871 1041 906 his
1057 872 1158 905 dictis
1174 871 1275 904 Pauli

293 929 509 972 propositam
529 937 600 959 esse
619 926 777 958 sciamus.

464 1007 625 1058 Φεῦγετε
643 1007 714 1043 ἀπὸ
734 1010 795 1053 τῆς
811 1005 1101 1053 εἰδωλολατρίας.

393 1079 501 1113 Redit
520 1079 560 1111 ad
580 1077 744 1119 speciales
762 1076 1039 1115 admonitiones,
1066 1087 1103 1107 ac
1121 1074 1273 1118 primum
1300 1093 1301 1098 =

294 1131 502 1174 generaliter
528 1126 708 1170 prohihet,
746 1138 790 1158 ne
816 1127 1021 1169 poll-tantur
1046 1125 1128 1157 ullis
1154 1131 1275 1157 conta-
1300 1149 1301 1152 ,

293 1183 358 1225 giis
380 1181 493 1213 cultus
519 1179 712 1217 idolorum,
741 1178 774 1209 id
803 1184 869 1215 est,
897 1189 939 1208 ue
966 1178 1128 1208 accedant
1151 1176 1192 1207 ad
1219 1186 1274 1206 sa-

294 1232 421 1264 crificia
443 1228 598 1266 ethnica,
628 1229 708 1260 item
729 1239 770 1259 ne
789 1227 934 1259 scientes
962 1227 1102 1258 veniant
1129 1226 1165 1258 in
1190 1237 1273 1257 con-
1301 1238 1303 1259 ;

295 1283 407 1321 vivia,
436 1282 472 1313 in
497 1281 624 1324 quihus
652 1279 817 1311 usitatum
843 1285 933 1314 erat,
962 1277 1050 1307 vesci
1080 1284 1174 1319 parte
1200 1287 1275 1308 car-

296 1334 394 1365 nium
415 1337 622 1363 consecrata.
678 1328 862 1359 llahehaut
879 1328 970 1358 enini
989 1333 1100 1359 certae
1122 1326 1275 1358 familiae

296 1396 355 1415 sua
373 1383 542 1426 queadam
561 1379 748 1417 sacrificia,
776 1385 808 1410 et
832 1378 903 1409 dies
927 1378 1049 1416 festos,
1086 1377 1123 1408 in
1149 1377 1276 1421 quibus

298 1433 433 1476 cognati
454 1438 615 1472 cognatos
636 1429 816 1460 vorabant.

399 1481 484 1514 Erat
501 1488 615 1514 autem
636 1479 738 1521 impia
764 1485 794 1510 et
817 1485 900 1510 tetra
918 1476 1094 1515 confusio,
1123 1477 1276 1519 profiteri

298 1533 512 1576 agnitionem
545 1530 615 1562 veri
644 1528 726 1568 Dei,
763 1536 792 1561 et
827 1528 880 1560 vel
910 1527 1076 1560 interesse
1103 1527 1278 1559 sacrificiis

297 1584 499 1622 idolorum,
539 1581 595 1613 vel
631 1579 824 1616 conviviis,
864 1578 923 1610 uhi
965 1588 1042 1619 pars
1078 1585 1277 1610 consecrata

298 1634 395 1680 quasi
417 1633 585 1675 religione
603 1631 750 1674 quadam
771 1628 1043 1672 proponebatur.

399 1683 500 1716 Hanc
524 1681 765 1715 confusionem
784 1680 857 1711 fieri
878 1677 1058 1721 prohihet,
1079 1679 1168 1711 sicut
1185 1690 1279 1711 nunc
1304 1676 1306 1686 ¹

299 1746 438 1780 quoque
465 1740 550 1766 tetra
574 1731 735 1764 confusio
759 1737 827 1771 est,
862 1730 1027 1761 interesse
1051 1741 1215 1773 pompae,
1241 1729 1279 1760 in
1304 1733 1306 1738 '

299 1798 367 1831 qua
387 1784 486 1829 panis
513 1785 698 1821 adoratur,
725 1787 758 1813 et
784 1780 997 1821 intelligere,
1025 1784 1158 1821 panem‘
1174 1780 1211 1811 in
1242 1791 1279 1811 ea

299 1847 427 1880 pompa
450 1845 522 1867 esse
546 1833 693 1866 idolum.
768 1830 1046 1864 Considerentur
1075 1828 1132 1863 hic
1157 1836 1188 1862 et
1213 1829 1280 1862 alia

300 1886 428 1922 similia
449 1884 616 1927 exempla.

402 1935 492 1969 Cum
517 1943 631 1967 autem
657 1933 713 1965 fiat
739 1932 872 1964 mentio
897 1931 1160 1968 conviviorum,
1189 1929 1282 1962 Pau-

301 1989 358 2022 lus
375 1983 565 2020 antithesin
594 1984 675 2016 facit
693 1982 830 2016 Coenae
850 1981 1017 2020 Domini,
1046 1988 1079 2014 et
1096 1980 1282 2012 sacrificio-

301 2050 381 2072 rum
399 2049 438 2070 ac
460 2035 703 2069 conviviorum
721 2031 961 2071 ethnicorum,
989 2038 1022 2064 et
1045 2042 1201 2075 expresse
1226 2031 1282 2063 in-

302 2089 405 2135 quit,
447 2098 520 2119 non
557 2085 751 2118 faciendam
789 2094 861 2115 esse
900 2082 1004 2114 talem
1040 2081 1281 2114 confusionem

302 2150 442 2172 mensae
462 2135 594 2170 Christi
620 2141 651 2167 et
677 2145 816 2166 mensae
840 2133 1062 2165 daemonum.
1115 2131 1210 2164 Haec
1234 2139 1283 2164 est

304 2201 440 2222 summa
473 2185 578 2220 huius
611 2185 694 2218 loci.
759 2183 862 2216 Nunc
894 2184 997 2215 verba
1025 2181 1127 2214 Pauli
1158 2183 1283 2215 ordine

303 2239 572 2273 consideremus.

309 2320 358 2357 Τὸ
373 2318 548 2367 ποτήριον
564 2322 628 2365 τῆς
643 2316 827 2366 εὐλογίας,
857 2316 876 2352 ὃ
894 2316 1129 2364 εὐλογοῦμεν.
1165 2312 1285 2350 Calix

407 2369 682 2411 benedictionis,
710 2380 813 2416 quem
830 2366 1090 2405 benedicimus,
1113 2371 1174 2402 etc.

406 2437 636 2470 Blanifestum
659 2443 708 2469 est
728 2435 824 2480 loqui
842 2435 992 2468 Paulum
1009 2435 1052 2467 de
1070 2432 1188 2467 Coena
1207 2434 1281 2466 Do-

306 2488 406 2522 mini.
460 2486 522 2521 Est
540 2488 646 2530 igitur
662 2485 760 2519 Calix
780 2485 1055 2524 benedictionis,
1082 2484 1186 2523 calix,
1213 2496 1282 2528 quo

307 2539 458 2574 sumitur
475 2538 614 2579 sanguis
632 2534 776 2577 Christi,
803 2537 892 2569 sicut
907 2542 1031 2568 sonant
1049 2535 1152 2567 verba
1170 2535 1212 2566 de
1228 2536 1283 2566 in-

308 2589 488 2624 stitutione
505 2586 640 2621 Coenae
656 2588 746 2629 apud
766 2584 1002 2626 Matthaeum,
1020 2585 1195 2623 Marcum,
1213 2584 1278 2617 Lu-

309 2653 404 2681 cam,
427 2646 460 2673 et
482 2638 572 2671 infra
594 2649 665 2681 cap.
685 2637 742 2670 11.

877 82 1004 118 PHtL.
1030 80 1146 117 MEL.
1171 77 1380 117 SCRIPTA
1405 75 1707 116 EXEGEthA.

2198 79 2294 113 1108

1417 161 1587 197 Nominat
1615 169 1731 197 autem
1763 162 1916 199 Calicem
1946 164 2222 206 benedictionis,
2261 170 2297 198 et

1319 212 1435 247 addit:
1463 213 1578 256 Quem
1595 214 1856 254 benedicimus,
1883 223 1923 250 ut
1937 217 2112 250 discernat
2129 214 2223 249 hunc
2237 227 2295 249 ca-

1319 263 1420 296 licem
1443 276 1462 297 a
1487 264 1636 308 profano
1662 272 1764 307 potu,
1797 266 1857 310 qui
1885 263 2046 299 hauritur
2075 267 2151 300 sitis
2181 277 2294 306 causa,

1320 325 1398 346 cum
1429 311 1487 347 hic
1518 321 1621 358 potus
1651 312 1836 349 hauriatur
1866 327 1939 349 non
1968 322 2110 359 propter
2137 316 2296 360 corporis

1322 365 1431 397 nostri
1454 365 1680 408 rigationem,
1714 367 1774 398 sed
1804 374 1843 400 ut
1867 367 1913 399 sit
1941 367 2228 400 commonefactio
2253 368 2296 400 de

1321 416 1488 457 sauguine
1507 413 1639 450 Christi
1657 428 1720 459 pro
1737 416 1840 449 nobis
1857 416 1976 449 effuso.

1423 480 1518 515 Haec
1542 489 1580 516 ut
1605 483 1744 525 planius
1767 483 2024 525 intelligantur,
2057 483 2300 516 consideretur

1320 543 1403 564 usus
1420 533 1580 566 vocabuli
1598 534 1821 573 benedicere,
1848 534 1942 578 quod
1960 540 2021 567 aut
2035 533 2206 575 significat
2221 544 2300 576 gra-

1321 583 1387 615 tias
1405 594 1525 623 agere,
1551 590 1589 616 ut
1613 596 1690 616 curn
1711 584 1856 622 dicitur,
1887 583 2024 617 Psalmo
2043 584 2118 617 33:
2146 582 2301 617 Benedi-

1322 644 1395 665 cam
1407 632 1560 666 Domino
1572 635 1669 666 omni
1685 643 1852 676 tempore.
1881 633 2050 667 EtDavid
2064 636 2094 668 1.
2129 632 2300 677 Reg.25.:

1322 681 1532 716 Benedictus
1557 684 1734 717 Dominus
1761 683 1855 717 Deus
1886 683 2010 725 lsrael,
2050 684 2112 729 qui
2142 685 2237 718 misit
2266 691 2301 718 te

1324 730 1429 767 hodie
1449 734 1485 766 in
1504 746 1686 767 occursum
1705 732 1804 770 mihi.

1426 798 1497 832 Aut
1520 800 1691 842 significat
1715 802 1805 835 bona
1835 801 1983 845 precari:
2019 806 2078 834 aut
2102 812 2182 834 cum
2205 799 2300 835 Deus

1324 850 1518 890 benedicit,
1560 851 1729 893 siguificat
1761 853 1979 895 benefacere,
2022 852 2101 896 quia
2123 851 2218 886 Deus
2247 852 2303 885 di-

1298 907 1302 934 !
1325 901 1435 932 cendo
1461 900 1586 940 efficit,
1614 909 1651 934 ut
1669 902 1816 935 Genesis
1834 902 1892 937 48.
1909 903 2075 946 scriptum
2095 908 2161 935 est:
2187 901 2302 935 Bene-

1325 951 1411 983 ‹lixit
1432 950 1534 983 lacob
1560 951 1659 991 filiis,
1694 953 1726 984 id
1755 960 1822 996 est,
1852 954 1938 985 bene
1962 958 2120 995 precatus
2141 959 2202 986 est.
2255 951 2302 985 Et

1326 1008 1441 1044 postea
1462 1002 1496 1033 in
1515 1002 1635 1034 eodem
1657 1003 1749 1035 loco:
1770 1002 1957 1035 Benedicat
1973 1001 2068 1035 Deus
2085 1003 2202 1046 pueris
2217 1002 2305 1043 istis,

1299 1023 1302 1089 l
1325 1052 1360 1083 id
1378 1059 1444 1092 est,
1471 1053 1620 1085 dicendo
1636 1053 1829 1086 benefaciat
1846 1054 1905 1093 eis,
1929 1053 1987 1086 det
2004 1053 2052 1085 eis
2069 1053 2169 1088 bona.
2199 1051 2304 1086 Item:

1300 1130 1302 1135 ,
1324 1100 1529 1135 Benedictio
1547 1101 1690 1135 Domini
1710 1105 1834 1136 ‹li-‚vites
1849 1104 1941 1141 facit,
1967 1103 2000 1135 id
2019 1110 2079 1143 est,
2103 1101 2196 1137 Deus
2211 1104 2305 1137 bona

1299 1165 1303 1219 τι
1325 1152 1474 1185 dicendo
1497 1160 1614 1196 auget,
1643 1161 1674 1186 ct
1692 1155 1843 1187 custodit
1862 1153 2054 1189 facultates.

1301 1222 1303 1224 '
1428 1218 1503 1252 Hae
1520 1227 1600 1253 sunt
1616 1222 1821 1264 praecipuae
1837 1221 2106 1264 significationes
2123 1221 2221 1254 verbi
2236 1219 2305 1253 Be-

1327 1271 1514 1310 nedicere,
1554 1284 1703 1315 quorun]
1738 1273 1892 1315 exempla
1921 1272 2053 1315 ubique
2078 1271 2184 1304 obvia
2213 1277 2307 1311 sunt,

1328 1330 1359 1353 et
1385 1322 1419 1353 in
1446 1321 1593 1353 lectione
1614 1324 1803 1364 prudenter
1822 1322 2049 1355 iudicandum
2067 1328 2134 1362 est,
2160 1333 2249 1366 quae
2265 1321 2310 1355 sit

1327 1371 1473 1414 simplex
1491 1378 1523 1404 et
1542 1372 1659 1405 nativa
1678 1372 1896 1415 significatio.

1432 1437 1632 1470 Promiscue
1654 1447 1767 1471 ruteni
1787 1445 1951 1481 usurpata
1970 1444 2051 1471 sunt
2074 1438 2110 1470 in
2127 1435 2309 1471 Maubaeo

1330 1495 1359 1521 et
1381 1487 1500 1520 Marco
1525 1489 1568 1520 de
1594 1487 1711 1521 Coena
1741 1488 1885 1521 Domini
1921 1489 2025 1520 verba
2051 1484 2251 1535 εὐλογήσας
2275 1495 2309 1522 et

1330 1534 1605 1582 εὐχαριστήσας.
1664 1537 1710 1571 Et
1737 1540 1881 1571 verbum
1908 1535 2171 1583 εὐχαριστήσας
2192 1545 2309 1571 osten·

1303 1611 1306 1632 t
1331 1589 1392 1624 dit,
1414 1589 1605 1620 Dominum
1623 1588 1711 1620 velle
1728 1589 1764 1620 in
1780 1600 1887 1621 coena
1906 1589 1979 1620 fieri
1998 1588 2187 1630 gratiarum
2203 1590 2311 1621 actio-

1304 1634 1306 1673 }
1331 1650 1421 1670 nem.
1474 1638 1593 1682 ltaque
1615 1639 1871 1682 simplicissima
1893 1639 1959 1671 erit
1980 1640 2172 1672 enarratio:
2208 1637 2306 1672 Calix

1304 1705 1306 1729 j
1333 1689 1612 1727 benedictionis,
1653 1690 1687 1721 id
1713 1696 1781 1729 est,
1822 1690 1909 1722 calix
1939 1689 2128 1732 gratiarum
2153 1689 2313 1730 actionis,

1332 1752 1370 1772 ex
1397 1752 1465 1783 quo
1491 1739 1650 1772 bibentes
1675 1750 1816 1782 agamus
1838 1740 1965 1782 gratias
1979 1738 2073 1779 Deo,
2100 1746 2133 1772 et
2153 1738 2310 1772 Domino

1332 1797 1451 1822 nostro
1481 1789 1557 1822 Iesu
1581 1788 1746 1830 Christo,
1787 1792 1881 1835 quod
1909 1789 2076 1833 sanguine
2096 1786 2228 1822 Christi
2258 1801 2314 1822 re-

1331 1841 1441 1874 demti
1463 1840 1590 1880 simus,
1630 1841 1664 1873 id
1689 1847 1757 1881 est,
1795 1851 2020 1883 agnoscamus
2046 1846 2078 1873 et
2098 1840 2312 1873 celebremus

1333 1889 1398 1924 hoe
1422 1891 1649 1931 beneficium,
1682 1897 1715 1924 et
1742 1903 1821 1924 vera
1843 1889 1912 1924 fide
1933 1897 2139 1930 statuamus,
2172 1901 2237 1923 nos
2259 1902 2314 1924 re-

1333 1941 1413 1985 cipi,
1434 1949 1465 1974 et
1483 1953 1545 1984 pro
1561 1943 1729 1974 immensa
1746 1941 1982 1975 misericordia
2001 1948 2032 1973 et
2052 1941 2213 1973 mirando
2230 1953 2315 1973 con-—

1333 1992 1412 2025 silio
1438 1992 1666 2025 redemtionis
1684 1999 1881 2025 reverenter
1896 2002 2035 2035 agamus
2050 1992 2195 2034 gratias,
2223 1998 2255 2025 et
2272 1991 2317 2024 sit

1334 2054 1413 2075 vera
1438 2043 1631 2086 gratitudo,
1665 2055 1732 2087 qua
1761 2044 1863 2075 corda
1889 2054 1923 2076 se
1949 2042 2020 2075 Deo
2042 2041 2248 2082 subiiciant,
2282 2047 2316 2075 et

1334 2105 1414 2126 vere
1449 2106 1528 2126 eum
1563 2094 1736 2126 invocent.
1815 2092 1976 2126 Caeteras
2012 2092 2316 2136 interpretationes

1334 2151 1470 2179 omitto,

1437 2210 1487 2244 Ita
1514 2213 1607 2256 quod
1630 2212 1804 2256 sequitur:
1839 2210 1952 2253 Quem
1984 2208 2242 2249 benedicimus,
2278 2209 2313 2242 id

1336 2268 1406 2302 est,
1432 2263 1523 2305 apud
1549 2275 1651 2306 quein
1674 2262 1822 2294 dicimus
1848 2262 1951 2294 verba
1972 2260 2095 2294 tradita
2115 2271 2132 2291 a
2149 2260 2312 2300 Domino,

1337 2313 1418 2344 item
1450 2313 1639 2354 gratiarum
1672 2313 1843 2345 actionem
1873 2318 1907 2345 et
1930 2310 2182 2354 precationem,
2224 2322 2313 2354 quae

1337 2362 1454 2395 omnia
1473 2364 1580 2396 simul
1597 2370 1679 2397 sunt
1696 2363 1783 2395 ritus
1799 2363 1998 2395 discernens
2018 2358 2107 2392 hanc
2131 2372 2273 2392 coenam
2293 2372 2312 2393 a

1339 2414 1482 2455 profana
1501 2426 1624 2458 coena,
1649 2426 1736 2458 quae
1753 2413 1860 2456 pascit
1876 2422 2000 2454 corpus
2016 2417 2186 2443 nostruin.
2221 2409 2311 2443 Nam

1339 2462 1420 2496 haec
1439 2476 1544 2497 coena
1567 2477 1637 2497 non
1656 2471 1705 2498 est
1721 2465 1764 2496 ad
1781 2461 1874 2496 hunc
1893 2459 2075 2506 physicum
2094 2473 2192 2494 usum
2210 2461 2312 2493 insti-

1339 2521 1429 2555 tuta,
1457 2516 1515 2560 sed
1532 2512 1637 2548 habet
1652 2515 1758 2547 alium
1778 2513 1890 2545 finem.

1438 2580 1570 2615 Usitata
1594 2589 1643 2614 est
1669 2581 1747 2613 aliis
1771 2578 2013 2619 interpretatio
2032 2604 2041 2618 ,
2076 2589 2179 2622 quem
2206 2579 2314 2611 bene-

1340 2632 1508 2671 dicimus,
1535 2632 1569 2665 id
1591 2639 1660 2672 est,
1685 2642 1787 2676 quem
1805 2640 2058 2664 consecramus.
