2415 2942
95 114 170 150 213
504 113 586 150 XII.

96 201 196 235 novit
211 212 266 234 me
280 200 392 234 filium
409 199 486 244 Dei,
510 206 541 233 et
558 206 794 233 assumturum
811 195 1002 231 humanam
1021 209 1086 231 na-

96 259 211 286 turam
236 264 275 285 ex
294 252 404 295 ipsius
422 252 575 291 semine,
603 250 704 284 scivit
728 262 781 282 me
803 249 962 281 futurum
983 249 1082 281 victi-

96 315 209 344 mam,
244 303 333 336 vidit
358 303 433 336 tolli
465 309 656 345 peccatum,
691 307 723 334 et
747 299 877 344 placari
905 299 994 332 iram
1017 299 1083 331 Dei

95 366 159 402 per
176 366 249 394 me,
278 361 310 387 et
332 354 470 387 restitui
487 354 593 386 vitam
616 359 803 385 aeternam.
857 348 932 382 Hac
958 350 1025 382 fide
1049 361 1083 382 se

95 412 314 445 sustentans,
350 405 459 438 sensit
492 403 633 437 accendi
666 403 703 434 in
738 413 772 433 se
803 412 929 433 novam
957 400 1081 438 lucem,

94 456 311 498 agnitionem
342 454 407 488 Dei
442 461 475 488 et
511 454 618 487 vitam
649 459 835 486 aeternam.
907 450 964 484 Sic
993 451 1082 484 vidit

96 507 189 539 diem
214 519 348 547 meum,
376 506 411 538 id
437 512 505 545 est,
531 516 605 545 me,
633 509 665 537 et
686 503 785 546 regni
816 501 887 535 mei
913 502 1080 536 beneficia

95 557 133 590 in
153 558 284 602 seipso,
311 564 344 590 et
361 557 506 590 laetatus
524 561 585 591 est.

156 639 443 689 Quinquaginta
467 651 586 673 annos·
609 636 771 673 nondum
790 634 925 679 habes,
953 641 1015 673 etc.

195 710 262 744 Sed
287 707 371 742 haec
397 721 488 741 nova
514 708 636 741 concio
661 707 771 750 magis
794 707 908 741 irritat
924 706 1080 739 furentes

92 760 256 799 Iudaeos,
285 761 481 803 ignorantes
498 759 577 804 quis
602 759 644 792 sit
662 758 830 798 Messias,
858 764 889 790 et
908 758 1011 802 quale
1036 758 1080 790 sit

90 824 256 855 regnum,
285 819 316 844 et
333 823 420 855 quae
437 811 506 843 sint
523 809 700 844 beneficia.
753 807 990 852 Expostulant
1012 808 1079 851 igi-

90 869 148 895 tur
171 864 213 895 de
238 862 469 901 absurditate,
505 873 589 893 num
624 860 752 893 viderit
778 857 979 900 Abraham,
1017 860 1077 904 qui

89 915 161 946 fere
193 920 272 945 ante
304 914 373 945 duo
406 912 518 945 millia
552 924 727 945 annorum
761 920 921 944 mortuus
953 911 1078 945 suerat.

88 963 164 997 Hac
187 965 260 1007 ipsa
285 963 482 996 obiectione
507 964 699 996 ostendunt
725 973 760 994 se
785 974 856 994 non
881 962 1078 1004 intelligere

89 1015 175 1060 quid
196 1014 342 1047 Messias
368 1014 539 1058 profuerit
561 1014 736 1058 patribus,
763 1019 797 1046 et
813 1014 977 1046 omnibus
997 1020 1077 1045 ante

88 1078 235 1109 regnum
256 1066 343 1098 illud
361 1065 469 1105 natis,
494 1066 588 1110 quod
609 1064 843 1098 somniabant.
881 1063 992 1097 Addit
1011 1063 1075 1106 igi-

90 1124 147 1150 tur
180 1114 339 1150 Christus
371 1128 498 1148 novam
530 1115 837 1148 asseverationem:
875 1113 1074 1159 Antequam

89 1174 291 1201 nasceretur
309 1164 509 1207 Abraham,
537 1178 598 1208 ego
618 1178 711 1206 sum,
739 1166 929 1210 etquidem
948 1166 1001 1198 bis
1020 1166 1074 1197 iu-

87 1226 157 1252 rat:
185 1219 318 1257 Amen,
344 1229 458 1251 amen.
514 1216 630 1250 Verba
648 1217 750 1260 plana
769 1223 862 1256 sunt,
890 1223 920 1248 et
939 1227 1075 1260 semper

88 1270 125 1302 in
145 1267 300 1302 Ecclesia
321 1269 367 1301 sic
386 1268 573 1305 intellecta,
602 1268 637 1299 in
658 1265 799 1300 Christo
817 1268 902 1299 duas
923 1278 993 1299 csse
1010 1279 1073 1299 na-

87 1328 194 1360 turas,
218 1331 366 1363 quarum
383 1319 502 1356 altera,
530 1318 660 1351 scilicet
677 1314 794 1365 λόγος,
822 1324 871 1350 est
889 1325 1071 1351 coaeterna

84 1370 160 1402 Deo
185 1370 292 1414 patri,
318 1376 356 1402 ut
381 1380 484 1413 supra
511 1369 548 1401 in
575 1370 604 1402 1.
624 1381 696 1412 cap.
708 1369 854 1419 ⁸dictum
873 1376 934 1402 est.
988 1367 1070 1400 Ideo

84 1418 246 1454 Christus
272 1420 408 1465 iuquit,
437 1431 470 1451 se
494 1420 600 1452 fuisse
623 1426 702 1452 ante
729 1426 850 1452 natum
876 1416 1070 1454 Abraham.

84 1469 217 1516 Estque
233 1469 299 1503 hoc
316 1470 556 1503 testimonium
576 1471 668 1504 inter
684 1482 739 1510 ea,
766 1481 854 1514 quae
872 1471 914 1502 de
931 1470 1070 1502 duabus

82 1522 220 1556 naturis
241 1523 278 1554 in
294 1519 436 1555 Christo
455 1521 721 1561 concionantur,
743 1521 930 1563 diligenter
947 1521 1068 1553 obser-

82 1575 250 1611 vandum,
271 1579 310 1605 ut
326 1572 420 1605 sitin
438 1570 625 1616 conspectu
643 1572 735 1605 inter
750 1578 895 1611 caetera,
922 1572 964 1605 ad
983 1583 1068 1605 con-

82 1625 291 1656 firmandam
310 1623 411 1655 fidem
433 1623 534 1656 nobis
551 1630 583 1656 et
601 1623 697 1663 aliis,
727 1624 762 1655 in
784 1624 987 1666 dogmatum
1007 1623 1068 1655 de·-

81 1674 98 1706 f
118 1675 239 1707 usione
257 1681 288 1706 et
307 1673 540 1707 invocatione.

183 1724 256 1757 Etsi
275 1731 388 1756 autem
409 1724 548 1756 videtur
565 1724 731 1766 argutius,
754 1724 931 1757 subtiliter
946 1725 1066 1769 dispu-

83 1782 155 1808 ure
180 1776 222 1808 de
247 1776 352 1807 modo
378 1774 566 1819 loquendi,
603 1776 695 1819 quod
719 1775 784 1814 ait,
819 1786 911 1807 suin:
948 1782 1065 1808 tamen

84 1827 212 1868 opinor
229 1838 301 1858 non
318 1826 392 1857 sine
409 1837 508 1858 causa
528 1825 576 1858 sic
594 1825 675 1865 dici,
697 1832 729 1858 et
747 1825 858 1858 alludi
874 1826 915 1857 ad
932 1826 1064 1859 dictum

80 1877 117 1909 iu
138 1875 247 1911 Exod.
272 1889 344 1920 cap.
361 1876 393 1909 3.
407 1903 414 1915 ,
449 1876 511 1908 ubi
530 1875 623 1908 Mosi
642 1876 684 1909 de
704 1877 848 1909 nornine
863 1874 930 1908 Dei
955 1877 1063 1910 inter-

79 1928 228 1970 roganti,
254 1928 504 1971 respondetur:
534 1926 620 1960 Sum
641 1927 702 1971 qui
721 1939 809 1967 sum,
836 1927 896 1971 qui
914 1934 974 1968 est,
997 1927 1064 1960 mi-

79 1979 122 2011 sit
143 1991 195 2010 me
211 1979 251 2010 ad
271 1990 349 2018 vos,
377 1985 409 2011 et
432 1977 593 2011 additur:
621 1976 717 2011 Deus
741 1985 839 2021 pater
857 1985 1064 2018 vestrorum,

80 2028 174 2063 Deus
193 2027 392 2066 Abrabam,
420 2027 516 2061 Deus
536 2027 648 2069 Isaac,
677 2035 709 2061 et
725 2027 820 2061 Deus
840 2028 944 2062 Iacob
968 2029 1063 2063 misit

80 2092 136 2112 me
157 2081 197 2112 ad
220 2091 301 2119 VOS,
329 2077 396 2111 ¹noc
416 2086 483 2119 est,
510 2091 639 2112 nomen
667 2091 783 2112 meum
809 2079 845 2112 in
870 2087 1063 2121 aeteruum,

79 2137 112 2163 et
129 2130 330 2162 memoriale
347 2142 462 2162 meum
479 2130 516 2162 in
532 2130 792 2173 generationem
811 2138 841 2163 et
867 2131 1063 2173 generatio-

80 2193 172 2216 nem.
224 2180 297 2214 Cur
320 2180 456 2224 quaerit
478 2180 594 2214 Moses
620 2182 662 2213 de
688 2181 856 2215 nomine‘?
883 2188 921 2215 ut
941 2182 1062 2216 afferat

78 2232 319 2266 testimonium
338 2231 482 2276 aliquod
501 2243 580 2264 suae
597 2232 834 2266 revelationis.
890 2232 1062 2266 Traditur

39 2320 45 2322 ,
78 2294 159 2326 ergo
185 2282 344 2315 doctrina
372 2283 521 2315 maxime
544 2282 705 2315 salutaris
730 2295 769 2316 eo
794 2284 889 2323 loco,
917 2291 1063 2317 testatur

77 2334 138 2367 ille
157 2332 266 2373 Deus,
293 2333 353 2378 qui
373 2345 450 2366 cum
472 2332 573 2366 Mose
591 2333 768 2378 loquitur,
795 2346 830 2367 se
847 2346 927 2367 vere
947 2333 1060 2367 Deum

78 2396 162 2419 esse.
215 2384 287 2427 Qui
305 2391 372 2425 est,
400 2384 436 2417 id
455 2391 523 2425 est,
552 2385 580 2417 is
598 2385 659 2428 qui
678 2396 771 2417 unus
790 2393 838 2418 est
857 2397 935 2418 vere
952 2384 1059 2425 Deus,

78 2436 203 2470 caeteri
221 2447 293 2468 non
311 2442 390 2468 sunt
409 2435 476 2473 dii,
505 2442 537 2469 et
557 2432 611 2468 hic
626 2433 722 2468 Deus
741 2448 823 2468 vere
841 2443 890 2469 est
912 2439 1060 2470 essentia

77 2493 234 2527 aeterna,
259 2487 494 2529 omnipotens,
520 2498 594 2519 non
613 2487 764 2519 obnoxia
779 2487 845 2520 ulli
862 2488 1061 2531 corruptio-

78 2537 135 2581 ni,
159 2549 197 2570 ac
221 2538 395 2570 conditrix
425 2550 562 2577 rerum,
590 2549 678 2582 quae
703 2549 825 2570 omnes
851 2544 974 2571 natura
999 2550 1058 2572 sua

58 2589 362 2623 ,suntimhecilles
384 2595 417 2622 et:
433 2588 638 2632 languidae,
665 2601 729 2621 nec
753 2595 896 2632 possent
920 2590 1057 2630 durare,

76 2639 145 2672 nisi
167 2651 184 2672 a
204 2637 278 2672 Deo
305 2647 607 2673 conservarentur.
658 2638 798 2673 Deinde
821 2641 940 2680 docet,
969 2653 1058 2685 quo-

637 109 933 149 ENARRATIO
961 110 1012 146 IN
1039 105 1223 146 EVANG.
1248 105 1460 145 IOANNIS.
1513 108 1616 146 CAP.
1644 110 1743 146 VIII.

2052 119 2129 154 214

1137 194 1198 239 qui
1220 195 1315 229 solus
1334 202 1401 236 est,
1429 195 1679 230 discernendus
1707 205 1756 232 est
1780 210 1797 232 a
1817 199 1951 234 ficticiis
1977 201 2064 242 diis,
2093 210 2126 237 et

1136 242 1202 278 hoc
1228 247 1331 280 titulo
1356 248 1628 289 discernendus,
1656 251 1748 293 quod
1774 251 1817 283 sit
1840 250 1935 284 Deus
1951 252 2125 295 Abrahae,

1134 293 1249 336 Isaac,
1278 297 1382 331 Iacob
1411 306 1486 338 etc„
1513 300 1547 331 id
1567 307 1628 339 est,
1656 301 1715 332 ille
1735 299 1840 342 Deus,
1870 304 1930 347 qui
1949 304 2032 347 ipsis
2047 317 2124 337 ver-

1133 345 1218 378 bum
1238 359 1340 380 suum
1359 349 1526 390 tradidit,
1556 362 1626 394 quo
1644 353 1785 394 agnosci
1805 354 1880 387 vult
1907 361 1942 388 et
1971 356 2123 388 discerni

1131 407 1150 428 a
1166 396 1301 430 ficticiis
1318 398 1397 433 diis.

1234 472 1319 507 Ideo
1343 485 1443 518 saepe
1468 475 1644 508 monenda
1668 483 1717 510 est
1739 475 1913 521 Ecclesia,
1949 488 1986 515 ut
2011 482 2121 518 discat

1131 524 1330 558 discernere
1347 537 1446 559 suam
1465 525 1725 559 invocationem
1743 529 1786 561 ab
1802 527 1970 571 Etbnica,
1999 533 2120 567 Iudai-

1131 588 1179 616 ca,
1195 583 1228 609 et
1245 574 1495 610 Mabometica,
1522 575 1611 609 Nam
1629 589 1751 611 omncs
1767 580 1941 623 sapientes
1959 585 2119 618 omnium

1130 634 1301 660 sectarum
1323 627 1464 668 dicunt,
1485 639 1521 660 se
1534 627 1697 661 invocare
1715 641 1820 662 unam
1838 631 1991 676 aliquam
2009 643 2119 668 aeter-

1129 689 1210 710 nam
1227 685 1379 711 mentem
1392 703 1400 716 ,
1429 678 1657 712 conditricem
1675 691 1805 721 rerum,
1836 683 1893 714 sed
1913 690 2118 719 tamennon

1129 740 1208 761 vere
1224 729 1402 765 invocant,
1453 728 1585 762 Errant
1611 730 1704 762 enim
1723 732 1928 775 dupliciter:
1956 734 2117 769 Primum

1131 780 1173 812 de
1192 780 1359 820 essentia,
1391 787 1510 824 postea
1534 781 1575 812 de
1598 782 1833 817 exauditione.
1890 783 1942 817 De
1969 788 2117 820 essentIa

1128 838 1266 868 errant,
1295 831 1376 875 quia
1401 832 1528 864 nolunt
1551 843 1757 874 agnoscere,
1795 835 1934 868 credere
1959 843 1992 869 et
2015 837 2117 871 fateri

1126 881 1222 914 hunc
1241 893 1311 914 esse
1331 894 1410 915 vere
1429 881 1562 922 Deum,
1586 883 1646 927 qui
1672 895 1707 916 se
1729 885 1890 927 patefecit
1917 899 1978 930 per
2003 888 2115 921 filium

1128 931 1240 965 Iesum
1257 931 1457 974 Christum,
1486 934 1543 965 sed
1564 933 1699 975 fingunt
1717 935 1784 967 sibi
1805 935 1915 969 Deum
1944 938 2116 981 ignotum,

1126 983 1252 1016 reiecto
1277 981 1342 1016 hoc
1366 996 1450 1016 vero
1478 982 1572 1022 Deo,
1598 985 1658 1029 qui
1687 997 1766 1017 vere
1792 994 1854 1022 est.
1907 987 2046 1023 Deinde
2072 992 2115 1023 de

1126 1035 1347 1068 exauditione
1365 1035 1540 1075 dubitant,
1571 1047 1643 1067 non
1660 1044 1805 1079 possunt
1824 1038 2006 1081 invocare,
2034 1053 2113 1074 cum

1126 1097 1268 1129 prorsus
1285 1093 1449 1119 maneant
1464 1087 1499 1118 in
1520 1086 1762 1125 dubitatione,
1792 1100 1855 1121 nec
1877 1091 2021 1124 credant
2045 1092 2113 1125 sibi

1124 1136 1274 1179 ignosci,
1304 1144 1362 1170 aut
1379 1149 1413 1169 se
1434 1137 1606 1169 exaudiri.
1658 1136 1731 1169 Nos
1748 1138 1854 1180 igitur
1873 1140 2113 1176 discernamus

1124 1194 1277 1220 nostram
1295 1187 1573 1226 invocationem,
1602 1193 1634 1220 et
1650 1187 1842 1231 dirigamus
1859 1202 1934 1223 eain
1951 1192 1993 1224 ad
2018 1190 2112 1226 hunc

1122 1237 1247 1275 Deum,
1277 1238 1355 1282 qui,
1385 1244 1421 1270 ut
1440 1235 1660 1271 hicdicitur:
1691 1238 1780 1271 Vere
1798 1247 1857 1281 est,
1885 1241 1918 1273 id
1937 1249 1997 1283 est,
2025 1244 2111 1276 scia-

1122 1300 1197 1321 mus
1223 1289 1373 1320 aliarum
1401 1296 1572 1322 sectarum
1591 1287 1683 1322 Deos
1707 1288 1798 1322 nihil
1820 1303 1909 1332 esse,
1936 1295 1992 1325 sed
2017 1292 2111 1328 bunc

1122 1351 1200 1371 vere
1219 1351 1290 1371 esse
1308 1338 1440 1379 Deum,
1467 1340 1686 1372 conditorem
1705 1342 1863 1374 omnium
1881 1355 2018 1383 rerum,
2048 1346 2110 1389 qui

1119 1401 1153 1422 se
1171 1390 1332 1433 patefecit
1351 1402 1413 1434 per
1436 1388 1502 1423 hoc
1520 1391 1687 1431 verbum,
1716 1394 1809 1436 quod
1837 1393 1939 1427 initio
1964 1396 2110 1430 tradidit

1121 1442 1279 1483 patribus
1306 1448 1337 1474 ct
1364 1439 1569 1485 ProphetiS‚
1598 1449 1629 1474 et
1649 1454 1709 1485 per
1733 1443 1845 1476 fllium
1870 1456 1972 1478 suum
1994 1445 2108 1480 Iesum

1118 1489 1308 1524 Christum.
1362 1491 1461 1525 Sicut
1486 1490 1542 1525 bic
1566 1493 1744 1526 luculenta
1767 1501 1799 1528 et
1821 1494 1950 1538 insigni
1977 1498 2108 1530 descri-

1119 1543 1238 1585 ptione
1257 1543 1390 1576 dictum
1411 1550 1479 1583 est,
1507 1541 1602 1576 hunc
1621 1544 1774 1585 titulum,
1802 1544 1896 1579 Deus
1913 1546 2105 1590 Abraham,

1118 1593 1210 1627 Deus
1228 1593 1345 1633 Iacob,
1366 1592 1461 1627 Deus
1483 1594 1585 1634 Isaac,
1610 1595 1683 1627 fore
1699 1596 1953 1640 sempiternum
1973 1610 2107 1633 memo-

1118 1645 1212 1677 riale.
1267 1644 1419 1688 Insignis
1439 1646 1606 1678 revelatio
1633 1652 1665 1678 et
1692 1647 1875 1688 promissio
1903 1649 2106 1683 continetur

1116 1694 1224 1728 iuliis
1242 1697 1373 1728 verbis:
1403 1696 1497 1729 Deus
1522 1702 1668 1729 testatur
1693 1708 1727 1729 se
1751 1704 1919 1742 perpetuo
1945 1708 2105 1734 servatu-

1115 1759 1192 1779 rum
1213 1759 1284 1780 esse
1305 1745 1370 1780 lioc
1387 1760 1498 1780 unum
1519 1754 1550 1780 et
1568 1748 1660 1779 idem
1681 1749 1845 1789 verbum,
1880 1751 1973 1794 quod
1994 1752 2104 1794 patri-,-

1115 1798 1178 1831 bus
1203 1799 1366 1838 tradidit,
1396 1810 1533 1843 semper
1555 1809 1635 1841 ergo
1659 1805 1800 1843 patrum
1818 1798 1976 1835 Ecclesia
2002 1814 2103 1836 man-

1114 1861 1193 1882 sura
1215 1856 1276 1884 est.

1216 1926 1353 1960 Deinde
1369 1932 1403 1959 et
1421 1923 1484 1959 hac
1502 1933 1597 1970 parte
1614 1927 1862 1969 discernamus,
1890 1928 2026 1974 quoties
2045 1930 2102 1963 iu-

1114 1989 1296 2017 vocamus,
1343 1977 1535 2019 cogitemus
1578 1990 1641 2010 cur
1682 1980 1927 2020 exaudiamur,
1968 1980 2101 2014 scilicet

1113 2035 1255 2072 propter
1273 2028 1396 2068 filium,
1424 2040 1531 2073 quare
1547 2029 1626 2061 talis
1641 2029 1758 2073 aliqua
1774 2030 1886 2063 forma
1903 2031 2100 2064 invocatio-

1113 2080 1166 2111 nis
1184 2080 1365 2121 cogitetur.
1421 2079 1550 2112 lnvoco
1571 2086 1603 2112 te
1620 2080 1861 2123 omnipotens,
1898 2088 2038 2114 aeterne
2066 2089 2099 2116 et

1112 2131 1189 2163 vive
1207 2131 1316 2169 Deus,
1343 2137 1483 2163 aeterne
1502 2137 1598 2173 pater
1615 2131 1752 2164 domini
1770 2132 1880 2164 nostri
1896 2130 1973 2165 Iesu
1991 2130 2098 2166 Chri-

1111 2182 1167 2221 sti,
1196 2181 1304 2226 quite
1322 2181 1489 2214 immensa
1510 2181 1666 2214 bonitate
1684 2182 1886 2226 patefecisti,
1916 2189 1948 2216 et
1967 2183 2098 2217 clama-

1111 2235 1153 2266 sti
1170 2234 1212 2265 de
1232 2233 1303 2265 filio
1328 2239 1388 2265 tuo
1408 2232 1552 2265 domino
1579 2240 1698 2265 nostro
1718 2232 1794 2265 Iesu
1815 2230 1972 2267 Christo:
2010 2246 2096 2267 con-

1111 2284 1205 2316 ditor
1223 2283 1382 2315 omnium
1400 2295 1516 2316 rerum
1533 2290 1564 2316 et
1584 2289 1818 2323 conservator,
1846 2295 1924 2316 cum
1942 2284 2014 2317 filio
2033 2292 2095 2319 tuo

1111 2342 1294 2368 coaeterno
1319 2334 1465 2366 domino
1485 2341 1606 2366 nostro
1630 2333 1705 2366 Iesu
1731 2331 1872 2368 Christo
1899 2341 1932 2368 et
1958 2335 2096 2380 Spiritu

1110 2385 1144 2420 S.
1168 2393 1247 2425 tuo,
1275 2385 1385 2418 effuso
1414 2385 1450 2417 in
1471 2385 1676 2427 Apostolos,
1704 2385 1859 2428 sapiens,
1888 2386 1998 2427 bone,
2026 2387 2094 2419 mi·-

1110 2437 1275 2476 sericors,
1302 2436 1426 2478 index,
1454 2436 1572 2474 fortis,
1600 2435 1764 2468 miserere
1785 2437 1852 2468 mei
1879 2443 2022 2480 propter
2037 2436 2093 2471 le·-

1109 2500 1184 2521 sum
1203 2485 1380 2522 Christum
1398 2486 1509 2519 filium
1526 2493 1637 2526 tuum,
1663 2498 1767 2531 quem
1786 2487 1928 2520 voluisti
1946 2500 2009 2531 pro
2028 2500 2093 2521 no-

1107 2539 1162 2572 bis
1187 2551 1260 2572 esse
1286 2537 1483 2577 victimam,
1509 2537 1758 2578 mediatorem,
1791 2537 2091 2582 interpellatorem

1108 2597 1140 2623 et
1158 2590 1417 2633 deprecatorem
1435 2593 1595 2620 nostrum
1607 2614 1615 2630 ,
1646 2594 1678 2621 ct
1694 2587 1871 2622 sanctifica
1887 2601 1926 2622 ac
1941 2601 2019 2632 rege
2036 2601 2092 2622 me

1107 2640 1245 2684 Spiritu
1269 2640 1398 2673 Sancto
1416 2644 1495 2680 tuo,
1522 2650 1601 2682 rege
1620 2636 1815 2673 Ecclesiam
1841 2646 1937 2674 tuam
1965 2646 1999 2674 et
2026 2652 2093 2685 po-

75 2691 183 2725 modo
206 2688 262 2723 hic
285 2702 387 2724 verus
403 2691 502 2726 Deus
526 2691 611 2725 velit
628 2691 788 2735 agnosci,
816 2688 873 2724 hic
899 2691 1058 2736 inquam,
1106 2692 1199 2726 litias
1217 2698 1279 2726 etc.

1391 2735 1473 2774 14*
