2415 2942
79 97 155 134 697
267 93 368 130 XIII.

79 180 205 217 mundi
221 178 351 214 iudicia
369 179 589 220 consolatur,
617 186 650 214 et
673 179 775 213 docet
795 190 859 211 nos
874 174 1063 221 Propheta,

80 241 119 268 ut
135 231 383 272 ministerium,
399 230 534 264 etiamsi
545 238 699 275 spretum
711 229 903 264 etinvisum
913 229 1060 268 mundo,

79 292 197 319 tamen
213 292 390 324 amemus,
417 288 451 315 et
466 281 617 315 sciamus
635 281 752 314 efficax
769 291 859 319 esse,
887 285 918 312 et
936 278 1061 311 afferre

79 335 225 368 salutem
242 332 477 368 credentibus,
513 332 610 366 Sicut
627 338 660 365 et
675 330 807 364 Paulus
824 329 956 374 inquit:
976 329 1059 362 Non

79 387 187 430 pudet
204 396 259 417 me
276 382 472 427 Evangelii.
526 381 578 417 Ita
594 381 840 416 confirmemus
858 391 922 413 nos
940 387 1060 413 contra

78 437 185 480 impia
217 434 346 468 iudicia
368 434 513 475 mundi,
549 440 582 466 et
606 432 867 466 consideremus
889 438 1060 475 quantum

79 488 190 521 scelus
209 486 269 527 sit,
302 496 459 519 exercere
480 483 722 519 crudelitatem
749 489 871 517 contra
894 482 970 526 pios
993 482 1060 515 mi-

79 539 208 572 nistros
225 535 422 580 Evangelii.

438 651 574 704 Caput
610 651 689 692 xl.

177 737 318 780 Mitigat
340 734 556 780 superiorem
581 734 761 779 querelam
786 734 830 767 de
854 734 1061 773 defectione,

80 797 113 824 et
131 796 275 823 testatur
301 786 570 832 promissionem
595 782 712 819 adhuc
735 785 911 829 pertinere
933 786 975 819 ad
998 798 1062 829 po-

79 841 222 885 pulum,
252 845 284 872 et
302 838 430 871 multos
447 849 522 870 eam
543 843 793 870 consecuturos
817 847 908 877 esse,
935 837 1061 869 videli-

78 898 148 931 cet,
176 890 236 935 qui
254 890 415 922 credunt.
469 888 521 920 Ac
538 887 692 931 primum
710 899 727 921 a
744 899 807 921 suo
828 887 985 932 exemplo
1004 899 1060 920 ar-

77 947 317 985 gumentatur:
352 938 427 982 Ego
450 950 527 972 sum
547 938 724 977 Israelita,
758 945 791 972 et
812 939 959 983 adeptus
985 950 1059 971 sum

78 992 367 1037 promissionem,
394 988 487 1033 Ergo
504 988 680 1023 Israelitae
705 996 851 1032 possunt
878 1001 953 1022 eam
977 1001 1060 1022 con-

79 1043 190 1088 sequi.
242 1040 362 1074 Altera
380 1041 469 1074 ratio
487 1047 598 1073 sumta
615 1046 664 1072 est
680 1041 725 1073 ab
741 1040 900 1083 exemplo
925 1047 1060 1084 tempo-

78 1106 157 1127 rum
182 1092 320 1126 Heliae.
380 1090 430 1125 Ita
460 1097 580 1124 monet
611 1102 747 1134 semper
771 1090 962 1124 Ecclesiam
990 1091 1061 1124 exi—

77 1156 180 1188 guam
207 1155 296 1182 esse,
331 1149 365 1175 et
388 1142 500 1176 multo
524 1142 692 1175 maiorem
717 1153 904 1175 numerum
932 1154 971 1176 ac
996 1155 1059 1186 po-

76 1195 221 1230 tentiam
237 1194 440 1237 impiorum.

177 1243 224 1278 Et
247 1245 345 1277 addit
369 1243 587 1283 doctrinam,
620 1243 714 1288 quod
741 1240 897 1277 Ecclesia
923 1255 995 1277 non
1016 1243 1058 1277 sit

77 1298 183 1330 electa
203 1302 345 1339 propter
367 1294 497 1337 legem,
531 1300 675 1337 propter
697 1294 876 1337 politiam,
911 1296 969 1327 sed
996 1306 1058 1338 po-

76 1348 199 1392 pulum
217 1345 284 1379 Dei
302 1356 373 1378 esse
397 1345 542 1384 electos,
574 1344 635 1388 qui
652 1342 884 1387 Evangelium
909 1344 976 1378 fide
996 1357 1057 1389 ap-

76 1395 313 1442 prehendunt.
368 1394 450 1428 Ideo
467 1395 565 1428 addit
582 1395 858 1428 misericordiam
878 1406 951 1428 esse
976 1408 1057 1430 cau—

76 1460 148 1481 sam
167 1446 365 1485 electionis,
400 1457 472 1478 non
489 1446 618 1488 legem,
654 1458 726 1478 non
753 1446 934 1489 politiam,
968 1447 1057 1480 sicut

76 1510 179 1543 supra
210 1499 252 1530 de
283 1497 486 1530 discrimine
511 1498 662 1530 duorum
688 1497 900 1540 populorum
925 1498 1055 1531 dictum

75 1557 136 1585 est.
188 1547 369 1594 Synagoga
389 1545 493 1580 habet
508 1548 649 1581 titulum
667 1548 789 1591 populi
805 1547 890 1588 Dei,
928 1555 961 1582 et
982 1549 1055 1581 bel-

76 1601 244 1643 ligeratur
267 1611 345 1631 cum
374 1610 454 1630 vero
477 1598 607 1641 populo
632 1604 665 1630 et
689 1610 767 1631 cum
792 1610 872 1631 vera
888 1597 1055 1634 Ecclesia.

76 1650 254 1684 Adversus
270 1646 337 1681 hoc
355 1648 556 1681 scandalum
577 1655 714 1691 oportet
741 1660 806 1681 nos
830 1660 901 1682 esse
924 1650 1055 1683 instru-

74 1709 166 1741 ct05,
211 1707 242 1733 et
265 1698 522 1743 praemunitos,
564 1705 602 1731 ut
627 1699 864 1741 intelligamus
887 1712 959 1733 non
985 1712 1056 1734 esse

74 1752 263 1786 Ecclesiam
292 1750 392 1783 illum
418 1756 574 1787 coetum,
609 1750 669 1793 qui
693 1750 915 1794 persequitur
936 1750 1056 1785 Evan-

74 1803 202 1846 gelium
215 1829 223 1843 ‚
249 1800 385 1835 etiamsi
403 1798 533 1834 habent
552 1800 664 1834 cultus
683 1807 742 1834 aut
758 1801 930 1845 politiam.

217 1881 339 1919 Dedit
356 1882 526 1930 spiritum
544 1883 828 1929 compunctionis
845 1888 906 1921 etc.

174 1952 326 1996 Spiritus
349 1952 648 1994 compunctionis,
675 1952 710 1984 id
727 1959 800 1992 est,
827 1953 966 1987 animus
986 1954 1053 1986 ira-

75 2014 150 2047 tus,
192 2011 296 2048 atque
326 2003 548 2036 exacerbatus
577 2004 659 2036 odio
692 2002 756 2036 Dei
795 2011 827 2038 et
859 2002 1054 2047 Evangelii.

74 2055 135 2089 Est
154 2055 247 2087 enim
265 2052 445 2086 horribilis
462 2054 632 2096 quaedam
659 2054 731 2087 odii
749 2055 918 2088 acerbitas
936 2056 971 2088 in
990 2054 1053 2089 ho-

74 2107 185 2140 stibus
200 2103 398 2147 Evangelii,
425 2104 538 2149 qualis
553 2105 763 2139 describitur
781 2106 817 2138 in
832 2105 933 2146 Cain,
961 2105 1053 2140 Pha-

72 2170 198 2195 raone,
225 2163 258 2189 et
274 2155 458 2189 similibus.
511 2153 689 2197 Primum,
713 2156 793 2202 quia
812 2158 974 2191 diabolus
996 2159 1051 2190 in-

72 2209 227 2241 flammat
251 2206 331 2239 illos
354 2206 515 2249 impetuS.
568 2205 751 2246 Secundo,
778 2208 860 2253 quia
886 2208 959 2252 ipsa
986 2207 1051 2242 hu-

71 2271 173 2292 mana
204 2258 292 2291 ratio
328 2254 554 2290 vehementer
591 2257 784 2292 offenditur
822 2259 1051 2304 dissipatione

71 2310 229 2343 cultuum
259 2315 291 2342 et
314 2308 450 2352 reipub.
503 2307 720 2351 Imaginatur
752 2310 948 2343 doctrinam
980 2323 1049 2344 esse

71 2358 308 2404 blasphemam
327 2365 358 2392 et
375 2358 594 2392 seditiosam:
611 2366 735 2404 putant
753 2361 847 2394 euim
863 2361 955 2394 laedi
975 2363 1048 2405 glo-

72 2411 160 2443 riam
183 2409 247 2443 Dei
275 2410 468 2444 mutatione
494 2410 664 2444 cultuum.
718 2410 765 2445 Ut
792 2424 870 2445 cum
887 2411 1048 2456 Apostoli

71 2461 277 2504 abrogarent
307 2460 522 2495 ceremonias
547 2461 744 2501 Leviticas,
783 2469 815 2496 et
844 2474 939 2496 nunc
970 2476 1047 2496 cum

69 2509 377 2555 reprehenduntur
402 2512 515 2545 cultus
539 2509 713 2552 humani,
756 2513 884 2547 abusus
908 2513 1048 2551 Missae.

68 2563 227 2603 Deinde,
270 2563 415 2597 mutatio
441 2563 600 2597 cultuum
626 2571 738 2598 mutat
763 2565 866 2599 etiam
899 2565 1048 2609 politias,

69 2621 107 2647 ut
138 2625 232 2646 nunc
259 2621 348 2647 certe
377 2612 540 2648 distrahit
566 2613 772 2651 Ecclesiam.
848 2614 1046 2662 Utrumque

65 2671 180 2698 autem
213 2665 304 2709 parit
334 2665 456 2709 ingens
487 2666 633 2708 odium,
670 2667 852 2710 videlicet,
889 2668 984 2714 quod
1014 2675 1045 2703 et

420 96 456 130 2.
484 91 848 129 COMMENTARII
875 91 925 127 IN
952 90 1104 127 EPIST.
1133 89 1281 126 PAULI
1307 88 1376 125 AD
1402 86 1662 126 ROMANOS.
1715 86 1819 126 CAP.
1846 88 1908 125 XI.

2021 88 2094 122 698

1113 175 1224 220 gloria
1240 175 1311 209 Dei
1330 176 1421 209 laedi
1438 182 1596 220 putatur,
1623 182 1656 209 et
1672 175 1733 208 alii
1751 174 1871 208 dolent
1892 173 2095 208 labefactari

1114 227 1355 268 autoritatem,
1382 227 1544 272 dissipari
1563 227 1723 260 ordinem
1741 225 1916 260 Ecclesiae
1935 232 1999 261 etc.

1185 308 1240 344 Et
1257 309 1392 344 David
1411 309 1514 345 dicit.-
1541 308 1634 345 Fiat
1650 322 1776 345 mensa
1797 323 1936 354 eorum,
1963 315 2025 345 εἰσ.

1215 377 1408 412 Coacervat
1424 379 1552 412 multas
1569 379 1769 420 sententias,
1785 392 1874 424 quae
1892 379 2099 413 describunt

1115 440 1245 473 poenas
1267 429 1467 472 impietatis.
1527 428 1752 463 Contemtum
1781 430 1963 474 Evangelii
1989 430 2100 464 comi-

1116 487 1209 514 tatur
1238 481 1385 514 coecitas
1415 487 1448 514 et
1481 479 1661 514 induratio
1681 508 1689 521 ‚
1733 493 1820 525 qnae
1850 482 1894 514 ita
1927 488 2099 526 occupant

1115 531 1269 570 animos,
1295 538 1334 565 ut
1359 543 1431 564 non
1455 531 1588 575 possint
1612 531 1825 575 resipiscere.
1877 532 2014 565 Deinde
2038 532 2100 565 illa

1116 582 1188 627 ipsa
1216 582 1364 615 coecitas
1394 583 1549 615 cumulat
1578 594 1730 623 errores,
1770 583 1912 616 accersit
1933 583 2101 623 furorem,

1114 633 1295 673 scandala,
1322 639 1356 667 et
1373 630 1560 666 horribilia
1578 634 1668 666 mala
1686 633 1882 677 corporalia
1900 640 1932 666 et
1948 641 2100 667 aeterna.

1115 683 1173 718 Sic
1190 685 1232 717 de
1247 683 1412 718 coecitate
1427 683 1561 728 inquit:
1589 682 1778 718 Excoecati
1794 691 1876 718 sunt
1893 691 1955 719 etc.

1217 735 1270 769 De
1303 735 1381 768 aliis
1412 735 1560 778 poenis:
1601 734 1726 768 Mensa
1757 735 1816 768 fiat
1851 735 1888 767 in
1924 735 2101 780 laqueum,

1115 786 1317 819 scandalum
1336 792 1399 819 etc.
1445 785 1626 829 Significat
1642 786 1737 818 enim
1753 797 1871 819 mensa
1890 784 1957 819 hoc
1975 787 2104 831 ipsum,

1117 837 1151 869 in
1169 849 1239 882 quo
1261 837 1446 881 praecipue
1471 836 1697 881 acquiescunt
1721 834 1901 876 homines,
1928 837 2024 882 quod
2049 837 2103 868 vi-

1115 888 1218 922 detur
1231 888 1356 921 afferre
1374 888 1669 929 consolationem,
1697 888 1886 928 auxilium,
1911 889 2102 921 recreatio-

1116 951 1213 980 nem,
1250 939 1415 983 quietem.
1476 938 1575 972 Sicut
1607 950 1727 972 mensa
1750 938 1911 983 Pompeii
1942 939 2011 972 fuit
2042 950 2102 971 rex

1116 989 1288 1036 Aegypti,
1323 989 1478 1033 illeipse
1496 991 1539 1023 ad
1557 1001 1659 1034 quem
1679 990 1853 1033 confugit,
1882 989 1981 1024 cuius
2000 1001 2102 1034 prae-

1115 1041 1203 1074 sidio
1229 1041 1389 1085 sperabat
1411 1052 1445 1073 se
1467 1042 1541 1074 sore
1564 1047 1699 1082 tutum,
1731 1041 1798 1075 fuit
1832 1041 1863 1074 ei
1890 1041 2015 1074 exitio:
2052 1041 2101 1073 ita

1115 1092 1252 1125 Iudaeis
1274 1092 1329 1125 lex
1345 1098 1377 1125 et
1396 1103 1558 1135 praesens
1576 1092 1716 1135 politia,
1744 1098 1778 1125 et
1803 1091 1863 1125 ille
1887 1091 2101 1135 gloriosissi-

1114 1155 1190 1176 mus
1207 1143 1330 1177 titulus
1346 1143 1467 1186 populi
1485 1142 1571 1180 Dei,
1595 1149 1668 1176 erat
1683 1154 1813 1175 mensa.
1850 1142 1924 1176 Has
1940 1154 1995 1175 res
2013 1142 2100 1175 scie-

1114 1195 1198 1227 bant
1223 1194 1393 1227 divinitus
1417 1194 1582 1234 traditas,
1610 1200 1642 1227 et
1666 1200 1736 1226 tam
1762 1194 1824 1226 diu
1845 1194 2002 1226 defensas
2019 1205 2102 1233 esse,

1113 1252 1145 1277 et
1164 1244 1410 1277 existimabant
1427 1256 1498 1277 nou
1518 1255 1617 1287 posse
1637 1244 1777 1279 mutari.
1820 1244 1939 1287 Quare
1954 1245 2103 1277 damua-

1113 1295 1197 1328 bant
1224 1295 1420 1328 doctrinam
1439 1320 1448 1335 ‚
1491 1306 1579 1339 quae
1614 1295 1801 1328 videbatur
1830 1296 2028 1336 adversari,
2068 1302 2103 1329 et

1112 1346 1299 1389 sperabant
1335 1358 1370 1379 se
1401 1346 1477 1378 sore
1514 1346 1684 1387 victores,
1727 1346 1815 1379 sicut
1849 1352 1950 1379 antea
1985 1353 2100 1390 patres

1112 1393 1429 1441 triumphaverant.
1498 1397 1577 1430 Hae
1610 1409 1663 1430 res
1693 1397 1837 1430 suerunt
1861 1397 2028 1443 laqueus,
2063 1397 2100 1430 id

1111 1454 1180 1488 est,
1206 1448 1297 1480 mala
1325 1447 1550 1491 persuasione
1576 1448 1935 1481 tenueruntirretitos
1952 1449 2100 1488 animos,

1111 1505 1143 1531 et
1166 1505 1282 1542 postea
1308 1500 1539 1542 perdiderunt
1563 1506 1626 1534 etc.
1688 1498 1738 1531 Ita
1763 1511 1859 1532 nunc
1880 1499 2003 1533 titulus
2030 1500 2101 1533 Ec-

1110 1549 1251 1589 clesiae,
1289 1555 1338 1581 est
1364 1561 1482 1581 mensa
1519 1550 1802 1582 adversariorum
1833 1547 2026 1591 Ecclesiae,
2067 1558 2100 1585 et

1110 1600 1275 1643 illaqueat
1311 1599 1448 1632 animos
1481 1600 1566 1633 salsa
1602 1601 1844 1644 persuasione,
1880 1609 1914 1636 et
1949 1602 2015 1635 erit
2050 1601 2099 1635 eis

1109 1650 1267 1686 exitium.

1230 1733 1284 1768 Et
1302 1732 1450 1769 dorsum
1468 1747 1587 1769 eorum
1603 1747 1741 1784 semper
1757 1737 1907 1772 incurva
1927 1742 1987 1773 etc.

1211 1803 1251 1835 Id
1272 1810 1340 1844 est,
1362 1803 1472 1847 magis
1492 1805 1672 1850 magisque
1689 1818 1796 1839 onera
1822 1818 1880 1839 eos
1905 1806 2097 1847 erroribus,

1109 1854 1299 1895 scandalis,
1336 1855 1501 1897 peccatis,
1543 1855 1817 1890 calamitatibus:
1854 1857 2007 1902 denique
2031 1869 2097 1901 op-

1110 1905 1220 1948 prime
1245 1912 1384 1938 aeterna
1410 1907 1595 1948 servitute,
1631 1919 1675 1940 ne
1702 1909 1945 1950 reflorescant,
1974 1921 2017 1941 ne
2042 1921 2096 1942 re·

1108 1963 1275 2000 cuperent
1293 1956 1515 1990 autoritatem
1535 1965 1567 1991 et
1587 1969 1745 2001 regnum.

1207 2006 1347 2041 Illustre
1382 2008 1581 2052 exemplum
1625 2011 1796 2053 praebent
1829 2010 2094 2054 Anabaptistae‚

1107 2057 1257 2090 subinde
1281 2070 1392 2091 novos
1417 2070 1551 2092 errores
1577 2061 1787 2104 pariebant,
1824 2069 1860 2095 ut
1884 2061 1951 2094 iam
1978 2062 2094 2093 mani-

1106 2109 1212 2142 festus
1237 2109 1334 2143 fieret
1356 2109 1473 2147 furor,
1516 2112 1726 2145 accedebant
1759 2113 1959 2145 foedissima
1993 2125 2093 2145 scan-

1106 2160 1203 2198 dala,
1232 2160 1438 2200 seditiones,
1470 2160 1659 2203 libidines,
1695 2160 1951 2206 blasphemiae,
1980 2164 2092 2196 donec

1104 2211 1244 2243 tandem
1268 2223 1410 2255 prorsus
1435 2211 1540 2244 deleti
1568 2220 1660 2248 suut.
1727 2213 1864 2247 Similia
1889 2215 2092 2248 acciderunt

1106 2260 1243 2293 ludaeis
1275 2269 1353 2305 post
1384 2263 1662 2306 persecutionem
1693 2262 1891 2307 Evangelii.
1952 2265 2090 2298 Harum

1103 2309 1329 2345 horribilium
1353 2325 1546 2357 poenarum
1572 2315 1799 2348 comminatio
1823 2327 1886 2348 nos
1913 2317 2092 2357 admonet,

1104 2375 1147 2395 ne
1174 2370 1441 2397 contemnamus
1470 2362 1705 2409 Evangelium
1723 2392 1732 2407 ,
1775 2377 1819 2398 ne
1845 2367 1931 2400 tales
1959 2379 2089 2411 poenas

1102 2414 1203 2448 nobis
1223 2426 1446 2450 accersamus,

1191 2496 1293 2533 LVam
1312 2498 1364 2532 ila
1384 2499 1626 2546 impegerant,
1656 2504 1692 2532 ut
1710 2497 1904 2534 caderent?
1929 2506 1991 2538 etc.

1202 2565 1402 2610 Propositio
1435 2578 1538 2610 supra
1570 2567 1729 2601 instituta
1763 2569 1942 2612 repetitur.
2003 2569 2084 2602 Non

1100 2618 1146 2651 ita
1163 2616 1384 2661 impegerunt
1401 2616 1540 2659 Iudaei,
1556 2624 1594 2652 ut
1609 2625 1680 2652 tota
1696 2630 1780 2662 gens
1799 2620 1941 2664 periret.
1975 2619 2082 2654 Ratio

1100 2676 1150 2703 est
1171 2675 1293 2712 argute
1315 2668 1482 2712 cogitata,
1516 2675 1549 2704 et
1570 2666 1677 2704 habet
1699 2670 1836 2704 facilem
1861 2670 2081 2706 sententiam.
