2415 2942
404 100 508 135 XIII.
558 99 592 137 3.
624 97 922 136 ENARRATIO
945 98 1100 135 EPIST.
1127 96 1275 134 PAULI
1303 96 1369 133 AD
1396 96 1660 136 ROMANOS.
1714 100 1819 137 CAP.
1848 101 1889 136 V.
2090 107 2163 142 918

124 189 222 221 Deus
240 185 323 220 haec
351 193 492 220 externa
519 199 626 232 opera
652 198 725 221 esse
752 185 912 220 exercitia
932 185 1111 220 interioris
1137 196 1141 226 t
1166 187 1241 229 lege
1269 185 1350 219 Dei.
1413 185 1485 218 lam
1511 186 1621 228 cogita
1650 194 1680 219 et
1707 188 1748 220 de
1772 188 1889 232 lapsus
1916 190 2159 233 magnitudine

125 240 279 273 iusticiae
298 239 332 271 in
354 239 531 272 cordibus.
936 237 943 245 ⁴
1165 245 1197 270 et
1220 238 1262 269 de
1285 237 1421 269 miseria
1453 244 1589 270 nostrae
1618 245 1773 274 naturae.

123 103 196 138 917

1841 239 1880 272 ln
1914 243 2025 284 primo
2059 242 2155 287 lapsu

414 329 521 378 Quid
545 337 594 366 est
616 327 827 378 peccalum?

223 399 348 433 Brevis
375 407 407 433 et
433 401 605 433 concinna
626 399 783 434 definitio
803 405 852 431 est
870 397 998 442 peccati
1017 397 1107 440 apud

124 450 330 486 Iohannem.
406 450 591 484 Peccatum
623 459 672 484 est
703 462 774 484 non
807 460 1000 492 congruere
1031 460 1109 479 cnm

124 503 197 546 lege
225 501 303 535 Dei.
359 499 539 547 Ἀμαρτία
562 499 660 536 ἐστὶν
684 497 835 545 ἀνομία.

121 602 210 637 banc
227 601 388 647 ἇνολιιίαν
406 601 511 636 homo
531 603 575 636 sit
594 615 672 635 reus
690 603 760 635 irae
779 601 856 635 Dei.

222 662 332 697 Recte
366 669 481 695 autem
516 662 703 695 constituta
737 668 784 694 est
821 658 907 693 hacc
938 659 1108 698 definitio,

122 714 183 759 qni
210 714 426 761 privationes
457 714 502 746 ita
535 712 802 755 intelliguntur,
843 724 921 745 cum
950 711 991 742 ad
1024 722 1106 742 nor-

122 776 214 797 mam
241 765 481 797 conseruntur.
544 761 721 796 lohannes
749 763 856 807 igitur
884 761 1019 794 erudite
1047 762 1106 793 de-

119 815 243 848 scribit
271 822 449 857 peccatum
473 814 661 848 collatione
687 815 791 858 legis,
820 820 852 846 et
878 812 1019 845 deducit
1042 823 1106 844 nos

117 867 160 898 ad
183 877 353 898 normam.

221 921 285 957 Est
307 929 424 956 autem
450 923 649 957 communis
676 921 759 955 haec
786 921 946 956 definitio
973 922 1103 965 peccati

116 974 278 1017 originali
302 981 335 1007 et
359 974 502 1008 actuali:
538 975 596 1007 sed
624 974 706 1019 quia
744 971 906 1007 homines
930 970 1102 1016 prophani

117 1026 374 1059 contenderunt
398 1022 489 1057 nihil
515 1037 587 1058 esse
609 1031 789 1068 peccatum
816 1024 1006 1067 originale,
1041 1035 1103 1056 ne-

117 1087 208 1109 cesse
231 1077 299 1109 fuit
323 1076 481 1120 proprias
510 1076 763 1120 appellationes
790 1082 822 1109 et
849 1075 1102 1119 descriptiones

116 1127 340 1160 constituere.

219 1185 405 1220 Peccatum
421 1185 569 1228 originis
587 1192 636 1219 est
659 1192 773 1218 reatus
799 1192 940 1229 propter
965 1185 1099 1229 lapsum

114 1238 309 1281 primorum
329 1243 512 1280 parentum
531 1243 564 1270 et
584 1237 788 1280 pravitatem
802 1237 1098 1278 secutamlapsum

115 1289 310 1331 primorum
344 1294 528 1331 parentum
559 1287 595 1319 in
629 1288 796 1320 omnihus
823 1287 1022 1331 propagatis
1046 1298 1098 1318 se-

116 1339 271 1372 cundum
305 1344 486 1376 naturam,
527 1349 616 1381 quae
648 1338 799 1381 pravitas
832 1344 883 1370 est
914 1337 1098 1380 multiplex

114 1390 225 1431 caligo
247 1389 284 1421 in
309 1395 424 1421 mente
458 1389 500 1421 de
526 1386 622 1428 Deo,
665 1395 696 1421 et
726 1387 1005 1431 concupiscentia
1038 1399 1097 1420 re—

112 1450 274 1484 pugnans
292 1439 356 1482 legi
374 1438 460 1479 Dei,
487 1446 519 1472 et
541 1445 722 1482 propterea
742 1451 813 1471 non
831 1445 966 1472 tantum
985 1449 1096 1481 poena

114 1497 182 1530 est,
209 1491 266 1523 sed
288 1501 366 1522 vere
387 1496 584 1532 peccatum,
612 1495 755 1533 propter
770 1490 864 1533 quod
884 1496 914 1522 et
940 1489 990 1521 rei
1016 1495 1096 1522 sunt

113 1548 274 1575 aeternae
291 1540 362 1572 irae
378 1538 541 1573 homines
561 1547 757 1578 nascentes,
785 1540 854 1573 nisi
871 1547 1098 1573 renascantur

113 1603 174 1635 per
192 1592 303 1624 filium
324 1590 400 1623 Dei.

218 1649 368 1692 Vulgata
386 1647 544 1682 Anselmi
563 1649 720 1682 definitio
743 1661 885 1692 prorsus
900 1650 991 1682 idem
1014 1651 1096 1683 dicit

116 1701 211 1746 quod
230 1706 367 1740 nostra,
392 1700 479 1732 sicut
498 1706 531 1732 et
551 1699 623 1742 ipse
647 1712 720 1731 eam
746 1701 885 1742 copiose
909 1702 1096 1734 enarravit.

115 1752 300 1785 Peccatum
320 1750 466 1792 originis
484 1760 529 1783 est
551 1750 701 1783 carentia
726 1750 883 1784 iusticiae
906 1751 1098 1793 originalis,

114 1814 203 1848 quae
219 1802 366 1835 debebat
384 1801 505 1834 inesse.
550 1799 639 1833 Nam
659 1801 795 1834 iusticia
813 1802 995 1844 originalis
1011 1802 1099 1835 fuis-

114 1860 164 1887 set
188 1865 260 1886 non
284 1859 420 1885 tantum
451 1852 660 1894 acceptatio,
696 1853 754 1884 sed
786 1854 888 1885 etiam
918 1852 1097 1895 integritas

112 1904 262 1944 virium,
290 1914 348 1935 sev
366 1902 560 1943 rectitudo,
588 1903 623 1934 in
643 1915 709 1946 qua
735 1903 855 1937 fnisset
880 1901 986 1936 bomo
1010 1911 1097 1936 tcm-

111 1955 208 1999 plum
231 1953 313 1992 Dei,
343 1960 375 1986 et
398 1954 518 1987 fuisset
545 1954 771 1995 congruenti»
794 1955 830 1986 in
852 1955 1017 1987 omnibus
1042 1955 1095 1987 vi·-

112 2007 209 2040 ribus
226 2018 302 2038 cum
321 2005 394 2047 lege
411 2003 488 2037 Dei.

215 2063 325 2097 Causa
353 2063 482 2107 peccati
509 2063 690 2105 originalis
716 2070 765 2096 est
790 2064 950 2097 diabolus
976 2072 1005 2097 et
1035 2077 1096 2097 vo-

116 2116 231 2148 luntas
250 2115 443 2157 primorum
463 2121 645 2156 parentum
659 2138 667 2152 ‚
697 2127 784 2159 quae
800 2127 878 2146 cum
898 2123 983 2148 esset
1010 2116 1096 2148 libe-

116 2179 175 2206 ra,
205 2177 266 2208 per
289 2176 361 2198 sese
385 2165 511 2196 avertit
537 2176 571 2197 se
595 2177 611 2197 a
630 2166 737 2198 verbo
753 2165 839 2205 Dei,
867 2178 929 2199 nec
953 2167 1097 2199 retinnit

116 2216 354 2249 obedientiam
372 2219 450 2256 erga
469 2213 595 2247 Deum.
651 2215 751 2253 Ideo,
780 2217 860 2261 quia
884 2218 974 2249 dona
1002 2229 1096 2250 acre-

113 2274 237 2311 perant
253 2266 357 2310 primi
378 2272 536 2309 parentes
553 2278 616 2309 pro
635 2273 705 2299 toto
724 2278 847 2309 genere
863 2265 1038 2307 humano,
1066 2277 1097 2302 ct

117 2330 282 2362 personae
301 2329 422 2350 eorum
448 2318 755 2359 repraesentabant
782 2325 888 2350 totam
913 2320 1096 2362 posterita-

115 2376 200 2407 tem,
228 2369 265 2402 fit
281 2381 338 2401 rea
359 2367 541 2411 posteritas
566 2375 708 2412 propter
735 2381 856 2401 eornm
884 2370 1037 2412 lapsum,
1066 2378 1096 2403 ct

116 2419 286 2463 quia'ipsi
312 2419 479 2452 amittunt
505 2420 617 2462 prima
644 2420 756 2460 dona,
794 2420 878 2453 tales
904 2428 1019 2464 postea
1046 2422 1094 2463 gi-

118 2477 291 2512 gnuntur,
324 2469 443 2515 quales
473 2469 527 2503 isti
555 2477 636 2503 sunt
660 2471 796 2503 amissis
822 2472 944 2512 donis,
979 2472 1011 2503 id
1037 2481 1096 2514 est,

118 2520 270 2554 afferunt
287 2521 446 2554 tenebras
468 2521 509 2552 de
527 2521 604 2554 Deo
624 2528 655 2554 et
674 2523 891 2554 aversionem
908 2534 924 2554 a
946 2523 1017 2555 Deo
1030 2550 1037 2564 ‚
1066 2531 1095 2556 et

117 2583 188 2604 non
207 2578 287 2604 sunt
305 2572 472 2615 templum
490 2570 567 2610 Dei,
594 2585 700 2617 quare
718 2585 779 2606 nec
796 2574 907 2605 lucem
927 2574 1096 2612 divinam,

117 2622 151 2654 id
179 2629 245 2662 est,
279 2622 413 2655 firmam
438 2624 674 2656 assensionem
701 2625 743 2657 de
767 2623 859 2664 Deo,
897 2636 959 2657 nec
982 2633 1097 2658 motus

116 2673 256 2707 divinos
273 2670 419 2713 habent,
447 2685 509 2706 nec
528 2674 618 2708 vires
635 2683 780 2720 possunt
803 2686 993 2718 congruere
1019 2689 1095 2710 cum

891 499 1110 540 Intelligatur

120 560 236 586 antem
263 553 299 584 in
325 550 389 586 hac
415 553 649 595 descriptione
674 559 705 585 et
732 550 816 591 boc,
851 551 943 595 quod
967 556 1110 594 propter

1166 287 1273 320 multa
1297 295 1376 319 sunt
1399 288 1537 323 delicta.

1268 338 1427 371 Primum
1441 365 1448 377 ‚
1477 346 1526 371 est
1547 339 1720 373 dubitatio
1739 342 1781 373 de
1801 343 1908 374 verbo
1929 342 2001 376 Dei.

1268 388 1487 424 Secundum,
1517 390 1657 422 amissio
1678 391 1769 424 fidoi.
1800 391 1878 424 Non
1897 394 1989 425 enirn
2007 397 2151 429 credunt

1164 438 1238 471 Deo
1262 439 1439 472 minitanti
1460 452 1617 482 poenam,
1646 443 1703 473 sed
1721 442 1879 475 fascinati
1898 445 2050 487 speciosa
2071 459 2151 490 pro—

1163 491 1330 522 missione
1354 490 1508 529 diaboli,
1545 492 1710 524 desinunt
1736 502 1889 526 metuere
1916 507 2084 537 poenam,
2121 506 2151 532 et

1163 542 1287 573 ardent
1332 540 1391 573 illa
1435 541 1625 585 cupiditate
1660 543 1803 576 maioris
1847 544 1994 586 gloriae:
2040 545 2151 582 Eritis

1163 591 1253 625 sicut
1270 590 1341 624 Dii.

1265 641 1425 674 Tertium
1446 642 1553 684 igitur
1570 650 1760 685 peccatum,
1789 651 1838 677 est
1854 646 2048 688 curiositas,
2076 650 2148 682 dis-

1161 693 1282 726 cedere
1299 705 1315 725 a
1335 694 1460 733 verbo,
1489 700 1520 725 et
1540 705 1706 737 quaerere
1723 695 1827 727 aliam
1843 697 2061 739 sapientiam.

1263 743 1461 786 Quartum,
1502 745 1686 787 superbia,
1728 758 1796 790 qua
1828 747 1952 781 volunt
1978 760 2050 782 sese
2075 763 2148 783 nna-

1159 795 1334 837 gnificaro.

1259 846 1435 888 Quintum
1452 870 1462 886 ‚
1508 851 1703 879 contemtus
1745 845 1809 879 Dei
1828 874 1837 888 ,
1885 861 1963 882 cum

1159 899 1366 929 mandatnm
1387 905 1507 929 contra
1526 896 1789 931 conscientiam.

1259 947 1423 987 Sextum,
1452 949 1544 992 quod
1565 947 1767 981 anteferunt
1783 948 1963 983 diabolum
1983 952 2072 985 Deo.

1259 998 1454 1041 Septimum
1474 1025 1482 1038 ‚
1536 998 1773 1041 ingratitudo,
1831 1003 1924 1045 quod
1967 1004 2145 1047 expellunt

1156 1048 1316 1091 spiritum
1338 1048 1401 1081 Dei
1419 1049 1454 1081 in
1476 1049 1558 1092 ipsis
1576 1046 1806 1084 habitantem.

1257 1097 1452 1139 Octavum,
1483 1098 1712 1133 homicidium
1738 1101 1789 1134 sui
1810 1108 1842 1135 et
1865 1102 1972 1136 totius
1993 1108 2141 1147 posteri-

1154 1150 1255 1195 tatis,
1283 1158 1315 1184 et
1333 1152 1425 1196 quod
1449 1148 1504 1183 bic
1524 1152 1638 1193 lapsus
1656 1158 1704 1183 est
1724 1152 1835 1194 prima
1853 1152 1956 1187 ianua
1975 1158 2135 1191 omnium

1154 1201 1322 1234 scelernm
1343 1208 1375 1235 et
1393 1202 1612 1234 miseriarum
1633 1203 1857 1244 posteritatis-

1254 1252 1392 1286 Tantus
1409 1264 1552 1285 acervus
1572 1252 1766 1295 ingentium
1794 1254 2002 1288 delictorum
2020 1258 2087 1291 suit
2108 1259 2144 1292 in

1152 1299 1219 1335 hoc
1236 1303 1356 1345 lapsu,
1383 1303 1426 1335 de
1444 1315 1514 1347 quo
1533 1310 1678 1346 propter
1700 1304 1828 1337 multas
1858 1317 1976 1339 causas
1994 1308 2145 1352 diligen-

1152 1353 1284 1386 tissime
1301 1353 1526 1395 cogitandum
1543 1360 1604 1386 est.
1649 1353 1866 1395 Magnitudo
1884 1369 1965 1390 vcro
1986 1359 2146 1394 miseriae

1152 1411 1291 1437 nostrae
1311 1404 1525 1448 conspicitur
1543 1404 1578 1436 in
1597 1404 1777 1438 effectibus
1794 1407 1899 1450 primi
1919 1409 2047 1452 lapsus.

1530 1492 1755 1533 Effectus.

1251 1550 1421 1587 BIonaclii
1440 1553 1603 1586 dixerunt
1626 1552 1690 1587 hoc
1718 1556 1868 1596 malum,
1896 1560 1988 1602 quod
2015 1561 2140 1596 usitate

1152 1606 1278 1640 vitiosa
1297 1605 1578 1647 concupiscentia
1604 1606 1831 1646 nominatur,
1868 1621 1937 1640 non
1965 1622 2036 1643 esse
2062 1625 2142 1656 pec-

1151 1664 1285 1697 catum,
1319 1667 1390 1687 non
1418 1667 1489 1687 esse
1516 1663 1712 1698 peccatum,
1739 1658 1795 1689 sed
1821 1666 1956 1692 tantum
1977 1673 2138 1705 poenam,

1152 1715 1184 1741 et
1201 1707 1431 1739 nominarunt
1448 1706 1617 1740 fomitem.
1673 1707 1745 1740 Nos
1767 1709 1937 1750 dicimus,
1968 1712 2064 1745 illam
2086 1715 2139 1747 vi-

1152 1760 1272 1791 tiosam
1293 1757 1622 1799 concupiscentiam,
1651 1766 1681 1792 et
1701 1771 1848 1802 poenam
1869 1760 1905 1792 in
1924 1774 1978 1795 rea
1998 1772 2136 1809 natura,

1151 1818 1182 1843 et
1203 1816 1380 1853 peccatum
1403 1819 1486 1841 esse.

1253 1859 1412 1892 Secunda
1432 1870 1543 1902 poena
1562 1866 1611 1893 est
1628 1871 1720 1892 mors
1737 1867 1769 1893 et
1786 1874 1907 1895 omnes
1927 1864 2138 1900 calamitates

1151 1911 1286 1955 generis
1311 1908 1468 1944 humani.

1254 1960 1372 1994 Tertia
1393 1972 1504 2005 poena
1522 1967 1591 2000 est,
1622 1962 1714 2005 quod
1745 1959 1827 1995 baec
1852 1964 1989 1998 infirma
2013 1976 2135 2003 natura

1151 2013 1304 2046 subiecta
1323 2018 1369 2044 est
1389 2011 1576 2057 tynannidi
1595 2012 1740 2052 diaboli,
1766 2015 1826 2058 qui
1844 2022 1877 2048 et
1895 2020 2137 2060 corporalibus

1151 2064 1252 2096 malis
1277 2070 1426 2096 conatur
1455 2064 1598 2105 perdere
1623 2060 1809 2103 homineS.
1850 2073 1882 2099 et
1909 2067 2055 2111 impellit
2080 2084 2138 2105 ρος

1152 2116 1192 2148 ad
1223 2121 1359 2158 peccata
1386 2114 1500 2145 omnis
1527 2114 1681 2155 generis,
1708 2116 1749 2147 ad
1776 2115 2026 2160 blasphemias,
2055 2119 2137 2155 hae-

1152 2178 1262 2204 reses,
1299 2166 1439 2205 caedes,
1472 2164 1640 2198 libidines
1666 2172 1697 2198 et
1724 2166 1810 2207 alia,
1854 2169 1941 2203 sicut
1976 2184 2133 2215 expresse

1151 2218 1281 2250 dictum
1301 2224 1367 2248 est:
1396 2216 1545 2249 Intravit
1568 2216 1604 2248 in
1623 2228 1700 2249 cum
1719 2216 1876 2254 Satanas.

1251 2264 1460 2310 Philosophi
1487 2267 1603 2300 mirati
1627 2274 1724 2307 sunt,
1760 2269 1855 2302 unde
1883 2270 1918 2303 in
1946 2278 2012 2304 tam
2037 2286 2138 2318 prae-

1152 2319 1255 2352 stanti
1287 2325 1411 2351 natura
1441 2318 1578 2360 generis
1613 2316 1759 2350 lnnnani
1792 2326 1928 2353 tantnm
1959 2324 2020 2362 sit,
2062 2338 2134 2359 non

1151 2372 1256 2402 modo
1288 2369 1543 2409 calamitatum,
1585 2370 1642 2401 sed
1676 2369 1778 2402 etiam
1814 2374 2010 2415 scelerum,
2056 2389 2134 2410 cum

1152 2422 1292 2463 quidem
1323 2421 1515 2453 secundum
1551 2427 1710 2452 naturam
1739 2421 1782 2453 sit
1810 2430 1901 2456 recte
1926 2425 2056 2467 facere,
2096 2436 2131 2461 ut

1151 2471 1364 2514 Quintilian.
1383 2472 1448 2504 ait:
1478 2470 1591 2512 Magis
1620 2471 1747 2503 mirum
1773 2480 1821 2505 est
1839 2475 1954 2517 plures
1972 2473 2134 2511 homines

1151 2536 1221 2556 esse
1239 2523 1367 2563 malos,
1397 2534 1500 2566 qnam
1520 2533 1644 2564 paucos
1663 2522 1792 2560 bonos,
1818 2536 1896 2558 cum
1913 2534 2003 2560 recte
2021 2530 2131 2561 facere

1152 2575 1193 2607 sit
1212 2576 1404 2607 secundum
1430 2579 1600 2605 naturam.
1652 2571 1719 2606 Sed
1740 2575 1810 2606 sola
1832 2577 1990 2611 doctrina
2013 2579 2132 2612 Erote-

1154 2626 1222 2658 siae
1253 2624 1317 2658 Dei
1350 2630 1522 2657 monstrat
1555 2634 1692 2656 causam
1712 2652 1719 2664 ,
1756 2626 1911 2670 scilicet,
1957 2638 2132 2673 peccatum

1151 2677 1308 2720 originis.

2014 851 2146 886 violant

1559 2724 1642 2757 58*
