<?xml version="1.0" encoding="UTF-8"?>
<!DOCTYPE html PUBLIC "-//W3C//DTD XHTML 1.0 Transitional//EN"
    "http://www.w3.org/TR/xhtml1/DTD/xhtml1-transitional.dtd">
<html xmlns="http://www.w3.org/1999/xhtml" xml:lang="en" lang="en">
 <head>
  <title>
</title>
<meta http-equiv="Content-Type" content="text/html;charset=utf-8" />
  <meta name='ocr-system' content='tesseract 3.04.00' />
  <meta name='ocr-capabilities' content='ocr_page ocr_carea ocr_par ocr_line ocrx_word'/>
</head>
<body>
  <div class='ocr_page' id='page_1' title='image "./operaquaesupersu15melauoft/operaquaesupersu15melauoft_0248.png"; bbox 0 0 2415 2942; ppageno 0'>
   <div class='ocr_carea' id='block_1_1' title="bbox 262 98 336 134">
    <p class='ocr_par' dir='ltr' id='par_1_1' title="bbox 262 98 336 134">
     <span class='ocr_line' id='line_1_1' title="bbox 262 98 336 134; baseline -0.027 -1"><span class='ocrx_word' id='word_1_1' title='bbox 262 98 336 134; x_wconf 71' lang='lat'>479</span> 
     </span>
    </p>
   </div>
   <div class='ocr_carea' id='block_1_2' title="bbox 266 175 1259 882">
    <p class='ocr_par' dir='ltr' id='par_1_2' title="bbox 266 175 1259 882">
     <span class='ocr_line' id='line_1_2' title="bbox 267 175 1245 229; baseline -0.011 -8"><span class='ocrx_word' id='word_1_2' title='bbox 267 189 350 221; x_wconf 68' lang='lat' dir='ltr'>bum</span> <span class='ocrx_word' id='word_1_3' title='bbox 379 183 471 229; x_wconf 83' lang='lat' dir='ltr'>quod</span> <span class='ocrx_word' id='word_1_4' title='bbox 499 186 547 213; x_wconf 87' lang='lat' dir='ltr'>est</span> <span class='ocrx_word' id='word_1_5' title='bbox 576 178 613 211; x_wconf 89' lang='lat' dir='ltr'>in</span> <span class='ocrx_word' id='word_1_6' title='bbox 638 189 696 211; x_wconf 90' lang='lat' dir='ltr'>ore</span> <span class='ocrx_word' id='word_1_7' title='bbox 721 183 794 211; x_wconf 89' lang='lat' dir='ltr'>tuo.</span> <span class='ocrx_word' id='word_1_8' title='bbox 846 175 892 211; x_wconf 84' lang='lat' dir='ltr'>Et</span> <span class='ocrx_word' id='word_1_9' title='bbox 908 177 1053 211; x_wconf 83' lang='lat' dir='ltr'>Paulus:</span> <span class='ocrx_word' id='word_1_10' title='bbox 1087 177 1245 210; x_wconf 63' lang='lat' dir='ltr'>Verbum</span> 
     </span>
     <span class='ocr_line' id='line_1_3' title="bbox 266 229 1249 282; baseline -0.005 -17"><span class='ocrx_word' id='word_1_11' title='bbox 266 238 359 282; x_wconf 65' lang='lat' dir='ltr'>qnod</span> <span class='ocrx_word' id='word_1_12' title='bbox 392 232 641 278; x_wconf 69' lang='lat' dir='ltr'>praedicamus.</span> <span class='ocrx_word' id='word_1_13' title='bbox 709 229 817 269; x_wconf 87' lang='lat' dir='ltr'>Item,</span> <span class='ocrx_word' id='word_1_14' title='bbox 860 230 1043 272; x_wconf 81' lang='lat' dir='ltr'>coniungit</span> <span class='ocrx_word' id='word_1_15' title='bbox 1077 229 1249 269; x_wconf 81' lang='lat' dir='ltr'>auditum,</span> 
     </span>
     <span class='ocr_line' id='line_1_4' title="bbox 266 277 1246 332; baseline -0.007 -13"><span class='ocrx_word' id='word_1_16' title='bbox 266 284 584 332; x_wconf 66' lang='lat' dir='ltr'>praedicationem,</span> <span class='ocrx_word' id='word_1_17' title='bbox 611 287 642 314; x_wconf 89' lang='lat' dir='ltr'>et</span> <span class='ocrx_word' id='word_1_18' title='bbox 662 279 874 314; x_wconf 83' lang='lat' dir='ltr'>missionem.</span> <span class='ocrx_word' id='word_1_19' title='bbox 924 279 970 314; x_wconf 77' lang='lat' dir='ltr'>Et</span> <span class='ocrx_word' id='word_1_20' title='bbox 989 277 1163 323; x_wconf 79' lang='lat' dir='ltr'>Propheta</span> <span class='ocrx_word' id='word_1_21' title='bbox 1189 291 1246 323; x_wconf 88' lang='lat' dir='ltr'>pe-</span> 
     </span>
     <span class='ocr_line' id='line_1_5' title="bbox 268 331 1250 376; baseline -0.009 -5"><span class='ocrx_word' id='word_1_22' title='bbox 268 344 328 371; x_wconf 81' lang='lat' dir='ltr'>des</span> <span class='ocrx_word' id='word_1_23' title='bbox 346 337 482 371; x_wconf 57' lang='lat' dir='ltr'>laudat,</span> <span class='ocrx_word' id='word_1_24' title='bbox 510 339 549 366; x_wconf 91' lang='lat' dir='ltr'>ut</span> <span class='ocrx_word' id='word_1_25' title='bbox 571 338 713 364; x_wconf 85' lang='lat' dir='ltr'>testetur</span> <span class='ocrx_word' id='word_1_26' title='bbox 732 342 765 363; x_wconf 91' lang='lat' dir='ltr'>se</span> <span class='ocrx_word' id='word_1_27' title='bbox 783 331 924 363; x_wconf 86' lang='lat' dir='ltr'>laudare</span> <span class='ocrx_word' id='word_1_28' title='bbox 942 332 1086 364; x_wconf 76' lang='lat' dir='ltr'>verbum</span> <span class='ocrx_word' id='word_1_29' title='bbox 1112 331 1250 376; x_wconf 85' lang='lat' dir='ltr'>praedi-</span> 
     </span>
     <span class='ocr_line' id='line_1_6' title="bbox 267 380 1249 425; baseline -0.006 -5"><span class='ocrx_word' id='word_1_30' title='bbox 267 396 379 422; x_wconf 72' lang='lat' dir='ltr'>catum</span> <span class='ocrx_word' id='word_1_31' title='bbox 404 396 486 418; x_wconf 78' lang='lat' dir='ltr'>voce</span> <span class='ocrx_word' id='word_1_32' title='bbox 507 385 671 419; x_wconf 88' lang='lat' dir='ltr'>istorum,</span> <span class='ocrx_word' id='word_1_33' title='bbox 699 382 759 425; x_wconf 88' lang='lat' dir='ltr'>qni</span> <span class='ocrx_word' id='word_1_34' title='bbox 779 381 969 415; x_wconf 88' lang='lat' dir='ltr'>mittuntur</span> <span class='ocrx_word' id='word_1_35' title='bbox 994 395 1012 415; x_wconf 82' lang='lat' dir='ltr'>a</span> <span class='ocrx_word' id='word_1_36' title='bbox 1036 382 1121 418; x_wconf 90' lang='lat' dir='ltr'>Deo.</span> <span class='ocrx_word' id='word_1_37' title='bbox 1174 380 1249 414; x_wconf 82' lang='lat' dir='ltr'>llos</span> 
     </span>
     <span class='ocr_line' id='line_1_7' title="bbox 267 433 1250 482; baseline -0.008 -10"><span class='ocrx_word' id='word_1_38' title='bbox 267 440 371 482; x_wconf 85' lang='lat' dir='ltr'>pedes</span> <span class='ocrx_word' id='word_1_39' title='bbox 398 434 637 470; x_wconf 83' lang='lat' dir='ltr'>contaminant</span> <span class='ocrx_word' id='word_1_40' title='bbox 661 439 692 465; x_wconf 87' lang='lat' dir='ltr'>et</span> <span class='ocrx_word' id='word_1_41' title='bbox 715 439 911 476; x_wconf 83' lang='lat' dir='ltr'>conspuunt</span> <span class='ocrx_word' id='word_1_42' title='bbox 935 433 1010 472; x_wconf 84' lang='lat' dir='ltr'>isti,</span> <span class='ocrx_word' id='word_1_43' title='bbox 1039 434 1097 478; x_wconf 91' lang='lat' dir='ltr'>qui</span> <span class='ocrx_word' id='word_1_44' title='bbox 1124 440 1250 476; x_wconf 86' lang='lat' dir='ltr'>negant</span> 
     </span>
     <span class='ocr_line' id='line_1_8' title="bbox 266 484 1251 526; baseline -0.006 -5"><span class='ocrx_word' id='word_1_45' title='bbox 266 490 424 523; x_wconf 48' lang='lat' dir='ltr'>X‘erbum</span> <span class='ocrx_word' id='word_1_46' title='bbox 449 493 482 520; x_wconf 87' lang='lat' dir='ltr'>et</span> <span class='ocrx_word' id='word_1_47' title='bbox 509 484 733 518; x_wconf 67' lang='lat' dir='ltr'>Sacramenta</span> <span class='ocrx_word' id='word_1_48' title='bbox 766 485 927 526; x_wconf 82' lang='lat' dir='ltr'><strong>prodesse</strong></span> <span class='ocrx_word' id='word_1_49' title='bbox 952 485 994 517; x_wconf 88' lang='lat' dir='ltr'>ad</span> <span class='ocrx_word' id='word_1_50' title='bbox 1021 484 1251 517; x_wconf 85' lang='lat' dir='ltr'>consolandas</span> 
     </span>
     <span class='ocr_line' id='line_1_9' title="bbox 268 533 1251 575; baseline -0.008 -2"><span class='ocrx_word' id='word_1_51' title='bbox 268 549 299 575; x_wconf 86' lang='lat' dir='ltr'>et</span> <span class='ocrx_word' id='word_1_52' title='bbox 325 535 581 572; x_wconf 81' lang='lat' dir='ltr'>confirmandas</span> <span class='ocrx_word' id='word_1_53' title='bbox 603 534 845 568; x_wconf 82' lang='lat' dir='ltr'>conscientias,</span> <span class='ocrx_word' id='word_1_54' title='bbox 898 533 966 567; x_wconf 88' lang='lat' dir='ltr'>Sed</span> <span class='ocrx_word' id='word_1_55' title='bbox 998 533 1081 568; x_wconf 65' lang='lat' dir='ltr'>haec</span> <span class='ocrx_word' id='word_1_56' title='bbox 1106 535 1251 567; x_wconf 72' lang='lat' dir='ltr'>sortasse</span> 
     </span>
     <span class='ocr_line' id='line_1_10' title="bbox 270 584 1252 625; baseline -0.009 0"><span class='ocrx_word' id='word_1_57' title='bbox 270 590 435 625; x_wconf 79' lang='lat' dir='ltr'>convenit</span> <span class='ocrx_word' id='word_1_58' title='bbox 465 589 503 620; x_wconf 91' lang='lat' dir='ltr'>in</span> <span class='ocrx_word' id='word_1_59' title='bbox 530 586 782 619; x_wconf 84' lang='lat' dir='ltr'>commentario</span> <span class='ocrx_word' id='word_1_60' title='bbox 814 592 978 625; x_wconf 84' lang='lat' dir='ltr'>tractare,</span> <span class='ocrx_word' id='word_1_61' title='bbox 1021 598 1093 618; x_wconf 86' lang='lat' dir='ltr'>non</span> <span class='ocrx_word' id='word_1_62' title='bbox 1120 587 1155 617; x_wconf 89' lang='lat' dir='ltr'>in</span> <span class='ocrx_word' id='word_1_63' title='bbox 1188 584 1252 617; x_wconf 87' lang='lat' dir='ltr'>hoc</span> 
     </span>
     <span class='ocr_line' id='line_1_11' title="bbox 269 636 1253 686; baseline -0.009 -11"><span class='ocrx_word' id='word_1_64' title='bbox 269 653 391 686; x_wconf 85' lang='lat' dir='ltr'>opere,</span> <span class='ocrx_word' id='word_1_65' title='bbox 411 640 478 673; x_wconf 82' lang='lat' dir='ltr'>fuit</span> <span class='ocrx_word' id='word_1_66' title='bbox 505 645 622 672; x_wconf 76' lang='lat' dir='ltr'>tamen</span> <span class='ocrx_word' id='word_1_67' title='bbox 647 637 761 669; x_wconf 87' lang='lat' dir='ltr'>obiter</span> <span class='ocrx_word' id='word_1_68' title='bbox 784 636 1027 669; x_wconf 86' lang='lat' dir='ltr'>admonendus</span> <span class='ocrx_word' id='word_1_69' title='bbox 1055 637 1182 675; x_wconf 90' lang='lat' dir='ltr'>lector,</span> <span class='ocrx_word' id='word_1_70' title='bbox 1211 647 1253 667; x_wconf 87' lang='lat' dir='ltr'>ne</span> 
     </span>
     <span class='ocr_line' id='line_1_12' title="bbox 270 685 1227 730; baseline -0.009 -3"><span class='ocrx_word' id='word_1_71' title='bbox 270 705 324 727; x_wconf 84' lang='lat' dir='ltr'>res</span> <span class='ocrx_word' id='word_1_72' title='bbox 341 698 454 726; x_wconf 84' lang='lat' dir='ltr'>tantas</span> <span class='ocrx_word' id='word_1_73' title='bbox 472 688 629 722; x_wconf 86' lang='lat' dir='ltr'>hocloco</span> <span class='ocrx_word' id='word_1_74' title='bbox 643 688 770 730; x_wconf 85' lang='lat' dir='ltr'>positas</span> <span class='ocrx_word' id='word_1_75' title='bbox 786 685 1001 729; x_wconf 76' lang='lat' dir='ltr'>negligenter</span> <span class='ocrx_word' id='word_1_76' title='bbox 1014 686 1227 730; x_wconf 86' lang='lat' dir='ltr'>praeteriret.</span> 
     </span>
     <span class='ocr_line' id='line_1_13' title="bbox 372 736 1253 775; baseline -0.007 -1"><span class='ocrx_word' id='word_1_77' title='bbox 372 742 494 775; x_wconf 80' lang='lat' dir='ltr'>Postea</span> <span class='ocrx_word' id='word_1_78' title='bbox 515 738 605 772; x_wconf 85' lang='lat' dir='ltr'>redit</span> <span class='ocrx_word' id='word_1_79' title='bbox 623 739 664 769; x_wconf 89' lang='lat' dir='ltr'>ad</span> <span class='ocrx_word' id='word_1_80' title='bbox 686 736 893 770; x_wconf 83' lang='lat' dir='ltr'>ludaeorum</span> <span class='ocrx_word' id='word_1_81' title='bbox 913 737 1157 775; x_wconf 85' lang='lat' dir='ltr'>desectionem,</span> <span class='ocrx_word' id='word_1_82' title='bbox 1175 748 1253 769; x_wconf 87' lang='lat' dir='ltr'>cum</span> 
     </span>
     <span class='ocr_line' id='line_1_14' title="bbox 271 786 1255 830; baseline -0.01 -2"><span class='ocrx_word' id='word_1_83' title='bbox 271 795 336 828; x_wconf 86' lang='lat' dir='ltr'>ait:</span> <span class='ocrx_word' id='word_1_84' title='bbox 370 793 439 826; x_wconf 78' lang='lat' dir='ltr'>Sed</span> <span class='ocrx_word' id='word_1_85' title='bbox 462 802 533 823; x_wconf 89' lang='lat' dir='ltr'>non</span> <span class='ocrx_word' id='word_1_86' title='bbox 560 800 681 821; x_wconf 71' lang='lat' dir='ltr'>omnes</span> <span class='ocrx_word' id='word_1_87' title='bbox 703 787 872 819; x_wconf 86' lang='lat' dir='ltr'>obediunt</span> <span class='ocrx_word' id='word_1_88' title='bbox 892 786 1103 830; x_wconf 77' lang='lat' dir='ltr'>Evangelio,</span> <span class='ocrx_word' id='word_1_89' title='bbox 1138 794 1169 820; x_wconf 89' lang='lat' dir='ltr'>et</span> <span class='ocrx_word' id='word_1_90' title='bbox 1194 788 1255 819; x_wconf 85' lang='lat' dir='ltr'>ad-</span> 
     </span>
     <span class='ocr_line' id='line_1_15' title="bbox 275 837 1259 882; baseline -0.01 -4"><span class='ocrx_word' id='word_1_91' title='bbox 275 847 326 878; x_wconf 82' lang='lat' dir='ltr'>nit</span> <span class='ocrx_word' id='word_1_92' title='bbox 356 840 574 876; x_wconf 80' lang='lat' dir='ltr'>testimonia,</span> <span class='ocrx_word' id='word_1_93' title='bbox 610 850 697 882; x_wconf 87' lang='lat' dir='ltr'>quae</span> <span class='ocrx_word' id='word_1_94' title='bbox 723 837 961 869; x_wconf 68' lang='lat' dir='ltr'>vaticinantur</span> <span class='ocrx_word' id='word_1_95' title='bbox 986 839 1027 870; x_wconf 87' lang='lat' dir='ltr'>de</span> <span class='ocrx_word' id='word_1_96' title='bbox 1048 838 1259 870; x_wconf 83' lang='lat' dir='ltr'>ludaeorum</span> 
     </span>
    </p>
   </div>
   <div class='ocr_carea' id='block_1_3' title="bbox 272 888 1284 931">
    <p class='ocr_par' dir='ltr' id='par_1_3' title="bbox 272 888 1284 931">
     <span class='ocr_line' id='line_1_16' title="bbox 272 888 1284 931; baseline -0.008 -2"><span class='ocrx_word' id='word_1_97' title='bbox 272 897 387 929; x_wconf 72' lang='lat' dir='ltr'>ruina.</span> <span class='ocrx_word' id='word_1_98' title='bbox 428 892 517 925; x_wconf 79' lang='lat' dir='ltr'>Nam</span> <span class='ocrx_word' id='word_1_99' title='bbox 537 900 614 922; x_wconf 87' lang='lat' dir='ltr'>cum</span> <span class='ocrx_word' id='word_1_100' title='bbox 632 888 788 921; x_wconf 73' lang='lat' dir='ltr'>ostendat</span> <span class='ocrx_word' id='word_1_101' title='bbox 807 888 998 921; x_wconf 86' lang='lat' dir='ltr'>imbecilles</span> <span class='ocrx_word' id='word_1_102' title='bbox 1016 889 1170 931; x_wconf 75' lang='lat' dir='ltr'>paucitas</span> <span class='ocrx_word' id='word_1_103' title='bbox 1187 900 1262 921; x_wconf 86' lang='lat' dir='ltr'>cre-</span> <span class='ocrx_word' id='word_1_104' title='bbox 1282 897 1284 906; x_wconf 72' lang='lat'><strong><em>¹</em></strong></span> 
     </span>
    </p>
   </div>
   <div class='ocr_carea' id='block_1_4' title="bbox 277 939 1262 1037">
    <p class='ocr_par' dir='ltr' id='par_1_4' title="bbox 277 939 1262 1037">
     <span class='ocr_line' id='line_1_17' title="bbox 277 939 1262 984; baseline -0.004 -8"><span class='ocrx_word' id='word_1_105' title='bbox 277 945 457 982; x_wconf 81' lang='lat' dir='ltr'>dentium,</span> <span class='ocrx_word' id='word_1_106' title='bbox 486 952 575 984; x_wconf 86' lang='lat' dir='ltr'>opus</span> <span class='ocrx_word' id='word_1_107' title='bbox 599 946 648 972; x_wconf 89' lang='lat' dir='ltr'>est</span> <span class='ocrx_word' id='word_1_108' title='bbox 671 940 836 971; x_wconf 81' lang='lat' dir='ltr'>adversus</span> <span class='ocrx_word' id='word_1_109' title='bbox 860 939 893 970; x_wconf 88' lang='lat' dir='ltr'>id</span> <span class='ocrx_word' id='word_1_110' title='bbox 921 939 1123 972; x_wconf 88' lang='lat' dir='ltr'>scandalum</span> <span class='ocrx_word' id='word_1_111' title='bbox 1150 951 1262 983; x_wconf 90' lang='lat' dir='ltr'>oppo-</span> 
     </span>
     <span class='ocr_line' id='line_1_18' title="bbox 277 989 1224 1037; baseline -0.006 -7"><span class='ocrx_word' id='word_1_112' title='bbox 277 1008 361 1030; x_wconf 83' lang='lat' dir='ltr'><strong>nere</strong></span> <span class='ocrx_word' id='word_1_113' title='bbox 380 994 579 1037; x_wconf 89' lang='lat' dir='ltr'>scripturas,</span> <span class='ocrx_word' id='word_1_114' title='bbox 597 997 634 1023; x_wconf 89' lang='lat' dir='ltr'>ut</span> <span class='ocrx_word' id='word_1_115' title='bbox 652 989 854 1034; x_wconf 42' lang='lat' dir='ltr'>iudico-Dei</span> <span class='ocrx_word' id='word_1_116' title='bbox 871 990 907 1023; x_wconf 90' lang='lat' dir='ltr'>id</span> <span class='ocrx_word' id='word_1_117' title='bbox 930 990 1085 1023; x_wconf 84' lang='lat' dir='ltr'>accidere</span> <span class='ocrx_word' id='word_1_118' title='bbox 1102 991 1224 1026; x_wconf 81' lang='lat' dir='ltr'>sciant.</span> 
     </span>
    </p>
   </div>
   <div class='ocr_carea' id='block_1_5' title="bbox 645 1107 898 1160">
    <p class='ocr_par' dir='ltr' id='par_1_5' title="bbox 645 1107 898 1160">
     <span class='ocr_line' id='line_1_19' title="bbox 645 1107 898 1160; baseline -0.008 -10"><span class='ocrx_word' id='word_1_119' title='bbox 645 1107 778 1160; x_wconf 79' lang='lat' dir='ltr'>Caput</span> <span class='ocrx_word' id='word_1_120' title='bbox 822 1107 898 1148; x_wconf 86' lang='lat' dir='ltr'>XI.</span> 
     </span>
    </p>
   </div>
   <div class='ocr_carea' id='block_1_6' title="bbox 276 1183 1275 2140">
    <p class='ocr_par' dir='ltr' id='par_1_6' title="bbox 276 1183 1269 1335">
     <span class='ocr_line' id='line_1_20' title="bbox 377 1183 1269 1228; baseline -0.007 -8"><span class='ocrx_word' id='word_1_121' title='bbox 377 1185 554 1221; x_wconf 72' lang='lat' dir='ltr'>(Iorrectio</span> <span class='ocrx_word' id='word_1_122' title='bbox 577 1191 646 1224; x_wconf 84' lang='lat' dir='ltr'>est,</span> <span class='ocrx_word' id='word_1_123' title='bbox 682 1184 719 1215; x_wconf 90' lang='lat' dir='ltr'>in</span> <span class='ocrx_word' id='word_1_124' title='bbox 748 1194 815 1227; x_wconf 87' lang='lat' dir='ltr'>qua</span> <span class='ocrx_word' id='word_1_125' title='bbox 844 1183 982 1225; x_wconf 84' lang='lat' dir='ltr'>mitigat</span> <span class='ocrx_word' id='word_1_126' title='bbox 1008 1195 1066 1223; x_wconf 83' lang='lat' dir='ltr'>ea,</span> <span class='ocrx_word' id='word_1_127' title='bbox 1111 1196 1199 1228; x_wconf 78' lang='lat' dir='ltr'>quae</span> <span class='ocrx_word' id='word_1_128' title='bbox 1224 1185 1269 1217; x_wconf 78' lang='lat' dir='ltr'>de</span> 
     </span>
     <span class='ocr_line' id='line_1_21' title="bbox 276 1234 1266 1276; baseline -0.006 -2"><span class='ocrx_word' id='word_1_129' title='bbox 276 1240 382 1274; x_wconf 77' lang='lat' dir='ltr'>ruina</span> <span class='ocrx_word' id='word_1_130' title='bbox 411 1237 620 1270; x_wconf 87' lang='lat' dir='ltr'>ludaeorum</span> <span class='ocrx_word' id='word_1_131' title='bbox 648 1235 738 1267; x_wconf 82' lang='lat' dir='ltr'>(licta</span> <span class='ocrx_word' id='word_1_132' title='bbox 765 1240 864 1273; x_wconf 91' lang='lat' dir='ltr'>sunt,</span> <span class='ocrx_word' id='word_1_133' title='bbox 907 1240 939 1266; x_wconf 88' lang='lat' dir='ltr'>et</span> <span class='ocrx_word' id='word_1_134' title='bbox 967 1234 1188 1276; x_wconf 75' lang='lat' dir='ltr'>consolatur,</span> <span class='ocrx_word' id='word_1_135' title='bbox 1223 1247 1266 1268; x_wconf 88' lang='lat' dir='ltr'>ne</span> 
     </span>
     <span class='ocr_line' id='line_1_22' title="bbox 279 1284 1104 1335; baseline -0.005 -13"><span class='ocrx_word' id='word_1_136' title='bbox 279 1293 482 1335; x_wconf 79' lang='lat' dir='ltr'><strong>desperent,</strong></span> <span class='ocrx_word' id='word_1_137' title='bbox 508 1299 545 1319; x_wconf 85' lang='lat' dir='ltr'>ac</span> <span class='ocrx_word' id='word_1_138' title='bbox 570 1292 694 1330; x_wconf 88' lang='lat' dir='ltr'>putent</span> <span class='ocrx_word' id='word_1_139' title='bbox 711 1296 832 1317; x_wconf 87' lang='lat' dir='ltr'>omnes</span> <span class='ocrx_word' id='word_1_140' title='bbox 849 1284 1002 1317; x_wconf 85' lang='lat' dir='ltr'>abiectos</span> <span class='ocrx_word' id='word_1_141' title='bbox 1021 1296 1104 1319; x_wconf 84' lang='lat' dir='ltr'>esse.</span> 
     </span>
    </p>

    <p class='ocr_par' dir='ltr' id='par_1_7' title="bbox 279 1334 1268 1426">
     <span class='ocr_line' id='line_1_23' title="bbox 379 1334 1268 1382; baseline -0.006 -9"><span class='ocrx_word' id='word_1_142' title='bbox 379 1337 588 1382; x_wconf 82' lang='lat' dir='ltr'>Propositio.</span> <span class='ocrx_word' id='word_1_143' title='bbox 663 1335 743 1368; x_wconf 67' lang='lat' dir='ltr'>Non</span> <span class='ocrx_word' id='word_1_144' title='bbox 785 1334 911 1367; x_wconf 83' lang='lat' dir='ltr'>abiecit</span> <span class='ocrx_word' id='word_1_145' title='bbox 955 1334 1050 1367; x_wconf 79' lang='lat' dir='ltr'>Deus</span> <span class='ocrx_word' id='word_1_146' title='bbox 1100 1336 1268 1379; x_wconf 90' lang='lat' dir='ltr'>populum</span> 
     </span>
     <span class='ocr_line' id='line_1_24' title="bbox 279 1402 394 1426; baseline -0.009 -1"><span class='ocrx_word' id='word_1_147' title='bbox 279 1402 394 1426; x_wconf 82' lang='lat' dir='ltr'>suum.</span> 
     </span>
    </p>

    <p class='ocr_par' dir='ltr' id='par_1_8' title="bbox 280 1434 1271 1588">
     <span class='ocr_line' id='line_1_25' title="bbox 383 1434 1271 1479; baseline -0.005 -6"><span class='ocrx_word' id='word_1_148' title='bbox 383 1441 410 1475; x_wconf 89' lang='lat' dir='ltr'>l.</span> <span class='ocrx_word' id='word_1_149' title='bbox 447 1438 551 1473; x_wconf 81' lang='lat' dir='ltr'>Ratio</span> <span class='ocrx_word' id='word_1_150' title='bbox 572 1437 614 1470; x_wconf 80' lang='lat' dir='ltr'>ab</span> <span class='ocrx_word' id='word_1_151' title='bbox 634 1435 789 1479; x_wconf 78' lang='lat' dir='ltr'>exemplo</span> <span class='ocrx_word' id='word_1_152' title='bbox 815 1436 969 1479; x_wconf 79' lang='lat' dir='ltr'>proprio,</span> <span class='ocrx_word' id='word_1_153' title='bbox 1023 1434 1096 1479; x_wconf 73' lang='lat' dir='ltr'>Ego</span> <span class='ocrx_word' id='word_1_154' title='bbox 1125 1447 1201 1470; x_wconf 88' lang='lat' dir='ltr'>sum</span> <span class='ocrx_word' id='word_1_155' title='bbox 1221 1436 1271 1469; x_wconf 85' lang='lat' dir='ltr'>ls-</span> 
     </span>
     <span class='ocr_line' id='line_1_26' title="bbox 280 1486 1269 1531; baseline -0.007 -4"><span class='ocrx_word' id='word_1_156' title='bbox 280 1492 426 1531; x_wconf 81' lang='lat' dir='ltr'>ra&#39;e&#39;lita,</span> <span class='ocrx_word' id='word_1_157' title='bbox 453 1497 486 1524; x_wconf 90' lang='lat' dir='ltr'>et</span> <span class='ocrx_word' id='word_1_158' title='bbox 506 1497 624 1523; x_wconf 84' lang='lat' dir='ltr'>tamen</span> <span class='ocrx_word' id='word_1_159' title='bbox 648 1486 800 1526; x_wconf 90' lang='lat' dir='ltr'>credidi,</span> <span class='ocrx_word' id='word_1_160' title='bbox 828 1486 920 1529; x_wconf 81' lang='lat' dir='ltr'>Ergo</span> <span class='ocrx_word' id='word_1_161' title='bbox 947 1499 1018 1519; x_wconf 89' lang='lat' dir='ltr'>non</span> <span class='ocrx_word' id='word_1_162' title='bbox 1044 1495 1093 1520; x_wconf 81' lang='lat' dir='ltr'>est</span> <span class='ocrx_word' id='word_1_163' title='bbox 1115 1488 1269 1521; x_wconf 87' lang='lat' dir='ltr'>abiectus</span> 
     </span>
     <span class='ocr_line' id='line_1_27' title="bbox 281 1543 445 1588; baseline -0.006 -11"><span class='ocrx_word' id='word_1_164' title='bbox 281 1543 445 1588; x_wconf 73' lang='lat' dir='ltr'>populus-</span> 
     </span>
    </p>

    <p class='ocr_par' dir='ltr' id='par_1_9' title="bbox 282 1585 1269 1842">
     <span class='ocr_line' id='line_1_28' title="bbox 383 1585 1269 1627; baseline -0.005 -2"><span class='ocrx_word' id='word_1_165' title='bbox 383 1592 408 1627; x_wconf 92' lang='lat' dir='ltr'>l.</span> <span class='ocrx_word' id='word_1_166' title='bbox 459 1589 513 1624; x_wconf 80' lang='lat' dir='ltr'>Ex</span> <span class='ocrx_word' id='word_1_167' title='bbox 546 1588 717 1623; x_wconf 85' lang='lat' dir='ltr'>sententia</span> <span class='ocrx_word' id='word_1_168' title='bbox 740 1585 841 1620; x_wconf 85' lang='lat' dir='ltr'>Eliae</span> <span class='ocrx_word' id='word_1_169' title='bbox 865 1589 980 1620; x_wconf 86' lang='lat' dir='ltr'>ducta.</span> <span class='ocrx_word' id='word_1_170' title='bbox 1049 1587 1146 1621; x_wconf 87' lang='lat' dir='ltr'>Sicut</span> <span class='ocrx_word' id='word_1_171' title='bbox 1171 1586 1269 1621; x_wconf 82' lang='lat' dir='ltr'>Eliae</span> 
     </span>
     <span class='ocr_line' id='line_1_29' title="bbox 282 1635 1268 1688; baseline -0.008 -9"><span class='ocrx_word' id='word_1_172' title='bbox 282 1642 500 1688; x_wconf 80' lang='lat' dir='ltr'>temporibus</span> <span class='ocrx_word' id='word_1_173' title='bbox 519 1640 690 1685; x_wconf 74' lang='lat' dir='ltr'>reliquiae</span> <span class='ocrx_word' id='word_1_174' title='bbox 711 1638 838 1672; x_wconf 81' lang='lat' dir='ltr'><strong>electae</strong></span> <span class='ocrx_word' id='word_1_175' title='bbox 857 1645 974 1678; x_wconf 89' lang='lat' dir='ltr'>erant,</span> <span class='ocrx_word' id='word_1_176' title='bbox 1002 1635 1067 1671; x_wconf 88' lang='lat' dir='ltr'>hoc</span> <span class='ocrx_word' id='word_1_177' title='bbox 1095 1646 1163 1677; x_wconf 89' lang='lat' dir='ltr'>est,</span> <span class='ocrx_word' id='word_1_178' title='bbox 1197 1641 1268 1671; x_wconf 84' lang='lat' dir='ltr'>exi-</span> 
     </span>
     <span class='ocr_line' id='line_1_30' title="bbox 284 1686 1269 1740; baseline -0.006 -12"><span class='ocrx_word' id='word_1_179' title='bbox 284 1707 351 1740; x_wconf 81' lang='lat' dir='ltr'>gua</span> <span class='ocrx_word' id='word_1_180' title='bbox 371 1705 450 1738; x_wconf 84' lang='lat' dir='ltr'>pars</span> <span class='ocrx_word' id='word_1_181' title='bbox 467 1692 605 1737; x_wconf 89' lang='lat' dir='ltr'>populi:</span> <span class='ocrx_word' id='word_1_182' title='bbox 642 1690 689 1723; x_wconf 91' lang='lat' dir='ltr'>sic</span> <span class='ocrx_word' id='word_1_183' title='bbox 711 1695 743 1722; x_wconf 87' lang='lat' dir='ltr'>et</span> <span class='ocrx_word' id='word_1_184' title='bbox 759 1686 825 1722; x_wconf 87' lang='lat' dir='ltr'>hoc</span> <span class='ocrx_word' id='word_1_185' title='bbox 842 1696 997 1733; x_wconf 88' lang='lat' dir='ltr'>tempore</span> <span class='ocrx_word' id='word_1_186' title='bbox 1015 1689 1184 1735; x_wconf 72' lang='lat' dir='ltr'>reliquiae</span> <span class='ocrx_word' id='word_1_187' title='bbox 1202 1690 1269 1722; x_wconf 83' lang='lat' dir='ltr'>eri-</span> 
     </span>
     <span class='ocr_line' id='line_1_31' title="bbox 282 1738 1267 1790; baseline -0.007 -11"><span class='ocrx_word' id='word_1_188' title='bbox 282 1747 424 1790; x_wconf 86' lang='lat' dir='ltr'>pientur</span> <span class='ocrx_word' id='word_1_189' title='bbox 441 1756 479 1776; x_wconf 88' lang='lat' dir='ltr'>ac</span> <span class='ocrx_word' id='word_1_190' title='bbox 496 1742 750 1781; x_wconf 78' lang='lat' dir='ltr'>salvabuntur,</span> <span class='ocrx_word' id='word_1_191' title='bbox 777 1738 844 1774; x_wconf 86' lang='lat' dir='ltr'>hoc</span> <span class='ocrx_word' id='word_1_192' title='bbox 863 1747 930 1781; x_wconf 82' lang='lat' dir='ltr'>est,</span> <span class='ocrx_word' id='word_1_193' title='bbox 959 1740 1080 1784; x_wconf 75' lang='lat' dir='ltr'>exigua</span> <span class='ocrx_word' id='word_1_194' title='bbox 1099 1748 1131 1774; x_wconf 89' lang='lat' dir='ltr'>et</span> <span class='ocrx_word' id='word_1_195' title='bbox 1149 1741 1267 1774; x_wconf 73' lang='lat' dir='ltr'>inf-nna</span> 
     </span>
     <span class='ocr_line' id='line_1_32' title="bbox 283 1794 522 1842; baseline -0.004 -13"><span class='ocrx_word' id='word_1_196' title='bbox 283 1808 364 1842; x_wconf 82' lang='lat' dir='ltr'>pars</span> <span class='ocrx_word' id='word_1_197' title='bbox 388 1794 522 1840; x_wconf 88' lang='lat' dir='ltr'>populi.</span> 
     </span>
    </p>

    <p class='ocr_par' dir='ltr' id='par_1_10' title="bbox 286 1841 1275 2140">
     <span class='ocr_line' id='line_1_33' title="bbox 387 1841 1271 1886; baseline -0.005 -7"><span class='ocrx_word' id='word_1_198' title='bbox 387 1845 499 1879; x_wconf 84' lang='lat' dir='ltr'>Addit</span> <span class='ocrx_word' id='word_1_199' title='bbox 524 1850 639 1877; x_wconf 89' lang='lat' dir='ltr'>autem</span> <span class='ocrx_word' id='word_1_200' title='bbox 670 1841 976 1886; x_wconf 80' lang='lat' dir='ltr'>amplificationem</span> <span class='ocrx_word' id='word_1_201' title='bbox 1008 1843 1050 1875; x_wconf 89' lang='lat' dir='ltr'>de</span> <span class='ocrx_word' id='word_1_202' title='bbox 1075 1852 1174 1875; x_wconf 83' lang='lat' dir='ltr'>causa</span> <span class='ocrx_word' id='word_1_203' title='bbox 1202 1843 1271 1875; x_wconf 84' lang='lat' dir='ltr'>ele-</span> 
     </span>
     <span class='ocr_line' id='line_1_34' title="bbox 287 1893 1271 1940; baseline -0.006 -9"><span class='ocrx_word' id='word_1_204' title='bbox 287 1898 432 1938; x_wconf 80' lang='lat' dir='ltr'>ctionis,</span> <span class='ocrx_word' id='word_1_205' title='bbox 471 1898 566 1940; x_wconf 83' lang='lat' dir='ltr'>qnod</span> <span class='ocrx_word' id='word_1_206' title='bbox 593 1893 715 1926; x_wconf 83' lang='lat' dir='ltr'>merita</span> <span class='ocrx_word' id='word_1_207' title='bbox 750 1899 866 1926; x_wconf 87' lang='lat' dir='ltr'>nostra</span> <span class='ocrx_word' id='word_1_208' title='bbox 895 1905 966 1925; x_wconf 90' lang='lat' dir='ltr'>non</span> <span class='ocrx_word' id='word_1_209' title='bbox 995 1893 1065 1927; x_wconf 88' lang='lat' dir='ltr'>sint</span> <span class='ocrx_word' id='word_1_210' title='bbox 1090 1893 1271 1926; x_wconf 78' lang='lat' dir='ltr'>electionis</span> 
     </span>
     <span class='ocr_line' id='line_1_35' title="bbox 286 1941 1266 1988; baseline -0.006 -6"><span class='ocrx_word' id='word_1_211' title='bbox 286 1960 399 1983; x_wconf 82' lang='lat' dir='ltr'>causa.</span> <span class='ocrx_word' id='word_1_212' title='bbox 450 1944 495 1980; x_wconf 84' lang='lat' dir='ltr'>Et</span> <span class='ocrx_word' id='word_1_213' title='bbox 518 1945 598 1978; x_wconf 87' lang='lat' dir='ltr'>fecit</span> <span class='ocrx_word' id='word_1_214' title='bbox 621 1943 750 1976; x_wconf 85' lang='lat' dir='ltr'>Paulus</span> <span class='ocrx_word' id='word_1_215' title='bbox 777 1941 1000 1988; x_wconf 81' lang='lat' dir='ltr'>enthymema</span> <span class='ocrx_word' id='word_1_216' title='bbox 1027 1956 1168 1988; x_wconf 86' lang='lat' dir='ltr'>prorsus</span> <span class='ocrx_word' id='word_1_217' title='bbox 1192 1943 1266 1977; x_wconf 84' lang='lat' dir='ltr'>rbe-</span> 
     </span>
     <span class='ocr_line' id='line_1_36' title="bbox 288 1994 1273 2037; baseline -0.006 -4"><span class='ocrx_word' id='word_1_218' title='bbox 288 2000 450 2033; x_wconf 84' lang='lat' dir='ltr'>toricum.</span> <span class='ocrx_word' id='word_1_219' title='bbox 511 1996 569 2030; x_wconf 90' lang='lat' dir='ltr'>Sic</span> <span class='ocrx_word' id='word_1_220' title='bbox 592 1994 739 2026; x_wconf 79' lang='lat' dir='ltr'>maxime</span> <span class='ocrx_word' id='word_1_221' title='bbox 764 2001 889 2027; x_wconf 76' lang='lat' dir='ltr'>vocant</span> <span class='ocrx_word' id='word_1_222' title='bbox 921 1995 1273 2037; x_wconf 69' lang='lat' dir='ltr'>argumentationem,</span> 
     </span>
     <span class='ocr_line' id='line_1_37' title="bbox 290 2045 1273 2096; baseline -0.006 -13"><span class='ocrx_word' id='word_1_223' title='bbox 290 2062 379 2096; x_wconf 85' lang='lat' dir='ltr'>quae</span> <span class='ocrx_word' id='word_1_224' title='bbox 407 2054 541 2082; x_wconf 91' lang='lat' dir='ltr'>constat</span> <span class='ocrx_word' id='word_1_225' title='bbox 567 2058 605 2078; x_wconf 87' lang='lat' dir='ltr'>ex</span> <span class='ocrx_word' id='word_1_226' title='bbox 630 2045 865 2078; x_wconf 80' lang='lat' dir='ltr'>disiunctivis.</span> <span class='ocrx_word' id='word_1_227' title='bbox 920 2046 957 2078; x_wconf 84' lang='lat' dir='ltr'>Si</span> <span class='ocrx_word' id='word_1_228' title='bbox 983 2046 1154 2087; x_wconf 83' lang='lat' dir='ltr'>contingit</span> <span class='ocrx_word' id='word_1_229' title='bbox 1175 2046 1273 2078; x_wconf 86' lang='lat' dir='ltr'>iusti-</span> 
     </span>
     <span class='ocr_line' id='line_1_38' title="bbox 289 2095 1275 2140; baseline -0.007 -6"><span class='ocrx_word' id='word_1_230' title='bbox 289 2100 405 2134; x_wconf 82' lang='lat' dir='ltr'>ficatio</span> <span class='ocrx_word' id='word_1_231' title='bbox 429 2098 581 2136; x_wconf 88' lang='lat' dir='ltr'>meritis,</span> <span class='ocrx_word' id='word_1_232' title='bbox 608 2107 679 2127; x_wconf 89' lang='lat' dir='ltr'>non</span> <span class='ocrx_word' id='word_1_233' title='bbox 705 2101 754 2128; x_wconf 91' lang='lat' dir='ltr'>est</span> <span class='ocrx_word' id='word_1_234' title='bbox 779 2096 898 2136; x_wconf 83' lang='lat' dir='ltr'>gratia.</span> <span class='ocrx_word' id='word_1_235' title='bbox 958 2095 995 2129; x_wconf 88' lang='lat' dir='ltr'>Si</span> <span class='ocrx_word' id='word_1_236' title='bbox 1021 2096 1190 2137; x_wconf 86' lang='lat' dir='ltr'>contingit</span> <span class='ocrx_word' id='word_1_237' title='bbox 1213 2108 1275 2140; x_wconf 78' lang='lat' dir='ltr'>per</span> 
     </span>
    </p>
   </div>
   <div class='ocr_carea' id='block_1_7' title="bbox 292 2146 1275 2295">
    <p class='ocr_par' dir='ltr' id='par_1_11' title="bbox 292 2146 1275 2295">
     <span class='ocr_line' id='line_1_39' title="bbox 292 2146 1274 2195; baseline -0.004 -11"><span class='ocrx_word' id='word_1_238' title='bbox 292 2151 461 2195; x_wconf 76' lang='lat' dir='ltr'>gratiam,</span> <span class='ocrx_word' id='word_1_239' title='bbox 489 2160 562 2181; x_wconf 91' lang='lat' dir='ltr'>non</span> <span class='ocrx_word' id='word_1_240' title='bbox 579 2152 690 2191; x_wconf 71' lang='lat' dir='ltr'>potest</span> <span class='ocrx_word' id='word_1_241' title='bbox 709 2146 912 2188; x_wconf 86' lang='lat' dir='ltr'>contingere</span> <span class='ocrx_word' id='word_1_242' title='bbox 931 2147 1075 2179; x_wconf 83' lang='lat' dir='ltr'>meritis.</span> <span class='ocrx_word' id='word_1_243' title='bbox 1129 2148 1195 2179; x_wconf 51' lang='lat' dir='ltr'>Sed</span> <span class='ocrx_word' id='word_1_244' title='bbox 1225 2154 1274 2180; x_wconf 82' lang='lat' dir='ltr'>est</span> 
     </span>
     <span class='ocr_line' id='line_1_40' title="bbox 293 2195 1275 2243; baseline -0.004 -9"><span class='ocrx_word' id='word_1_245' title='bbox 293 2202 423 2243; x_wconf 69' lang='lat' dir='ltr'>gratia,</span> <span class='ocrx_word' id='word_1_246' title='bbox 461 2198 553 2242; x_wconf 79' lang='lat' dir='ltr'>Ergo</span> <span class='ocrx_word' id='word_1_247' title='bbox 581 2209 651 2230; x_wconf 88' lang='lat' dir='ltr'>non</span> <span class='ocrx_word' id='word_1_248' title='bbox 678 2207 860 2239; x_wconf 80' lang='lat' dir='ltr'>possumus</span> <span class='ocrx_word' id='word_1_249' title='bbox 883 2197 1019 2231; x_wconf 86' lang='lat' dir='ltr'>mereri.</span> <span class='ocrx_word' id='word_1_250' title='bbox 1085 2195 1275 2230; x_wconf 76' lang='lat' dir='ltr'>Concludit</span> 
     </span>
     <span class='ocr_line' id='line_1_41' title="bbox 293 2243 1275 2295; baseline -0.006 -10"><span class='ocrx_word' id='word_1_251' title='bbox 293 2243 400 2295; x_wconf 80' lang='lat' dir='ltr'>igitur</span> <span class='ocrx_word' id='word_1_252' title='bbox 423 2251 549 2283; x_wconf 84' lang='lat' dir='ltr'>electos</span> <span class='ocrx_word' id='word_1_253' title='bbox 575 2247 741 2291; x_wconf 81' lang='lat' dir='ltr'>consequi</span> <span class='ocrx_word' id='word_1_254' title='bbox 765 2247 1057 2282; x_wconf 80' lang='lat' dir='ltr'>iustificationem.</span> <span class='ocrx_word' id='word_1_255' title='bbox 1111 2246 1275 2291; x_wconf 84' lang='lat' dir='ltr'>Amplifi—</span> 
     </span>
    </p>
   </div>
   <div class='ocr_carea' id='block_1_8' title="bbox 293 2297 1279 2598">
    <p class='ocr_par' dir='ltr' id='par_1_12' title="bbox 293 2297 1279 2598">
     <span class='ocr_line' id='line_1_42' title="bbox 295 2297 1275 2339; baseline -0.003 -5"><span class='ocrx_word' id='word_1_256' title='bbox 295 2311 347 2336; x_wconf 76' lang='lat' dir='ltr'>cat</span> <span class='ocrx_word' id='word_1_257' title='bbox 369 2298 551 2338; x_wconf 84' lang='lat' dir='ltr'>antithesi,</span> <span class='ocrx_word' id='word_1_258' title='bbox 586 2297 721 2333; x_wconf 88' lang='lat' dir='ltr'>Caeteri</span> <span class='ocrx_word' id='word_1_259' title='bbox 744 2304 858 2330; x_wconf 84' lang='lat' dir='ltr'>autem</span> <span class='ocrx_word' id='word_1_260' title='bbox 879 2305 962 2331; x_wconf 88' lang='lat' dir='ltr'>sunt</span> <span class='ocrx_word' id='word_1_261' title='bbox 980 2298 1068 2331; x_wconf 84' lang='lat' dir='ltr'>caeci</span> <span class='ocrx_word' id='word_1_262' title='bbox 1084 2299 1184 2339; x_wconf 84' lang='lat' dir='ltr'>facti,</span> <span class='ocrx_word' id='word_1_263' title='bbox 1213 2297 1275 2332; x_wconf 81' lang='lat' dir='ltr'>lia-</span> 
     </span>
     <span class='ocr_line' id='line_1_43' title="bbox 293 2348 1276 2395; baseline -0.004 -9"><span class='ocrx_word' id='word_1_264' title='bbox 293 2355 379 2386; x_wconf 83' lang='lat' dir='ltr'>bent</span> <span class='ocrx_word' id='word_1_265' title='bbox 407 2352 571 2395; x_wconf 86' lang='lat' dir='ltr'>spiritum</span> <span class='ocrx_word' id='word_1_266' title='bbox 595 2348 895 2391; x_wconf 71' lang='lat' dir='ltr'>compunctionis,</span> <span class='ocrx_word' id='word_1_267' title='bbox 923 2350 959 2382; x_wconf 84' lang='lat' dir='ltr'>id</span> <span class='ocrx_word' id='word_1_268' title='bbox 986 2356 1053 2386; x_wconf 88' lang='lat' dir='ltr'>est,</span> <span class='ocrx_word' id='word_1_269' title='bbox 1089 2349 1216 2382; x_wconf 86' lang='lat' dir='ltr'>iratum</span> <span class='ocrx_word' id='word_1_270' title='bbox 1244 2357 1276 2383; x_wconf 93' lang='lat' dir='ltr'>et</span> 
     </span>
     <span class='ocr_line' id='line_1_44' title="bbox 295 2397 1277 2443; baseline -0.005 -6"><span class='ocrx_word' id='word_1_271' title='bbox 295 2403 535 2437; x_wconf 83' lang='lat' dir='ltr'>exacerbatum</span> <span class='ocrx_word' id='word_1_272' title='bbox 577 2399 745 2432; x_wconf 88' lang='lat' dir='ltr'>animum.</span> <span class='ocrx_word' id='word_1_273' title='bbox 827 2397 993 2434; x_wconf 88' lang='lat' dir='ltr'>Oderunt</span> <span class='ocrx_word' id='word_1_274' title='bbox 1033 2398 1277 2443; x_wconf 76' lang='lat' dir='ltr'>Evangelium,</span> 
     </span>
     <span class='ocr_line' id='line_1_45' title="bbox 295 2448 1277 2499; baseline -0.004 -12"><span class='ocrx_word' id='word_1_275' title='bbox 295 2454 375 2499; x_wconf 86' lang='lat' dir='ltr'>quia</span> <span class='ocrx_word' id='word_1_276' title='bbox 391 2452 606 2485; x_wconf 85' lang='lat' dir='ltr'>arbitrantur</span> <span class='ocrx_word' id='word_1_277' title='bbox 627 2448 818 2493; x_wconf 80' lang='lat' dir='ltr'>Evangelio</span> <span class='ocrx_word' id='word_1_278' title='bbox 835 2450 996 2494; x_wconf 86' lang='lat' dir='ltr'>dissipari</span> <span class='ocrx_word' id='word_1_279' title='bbox 1014 2450 1169 2495; x_wconf 88' lang='lat' dir='ltr'>ipsorum</span> <span class='ocrx_word' id='word_1_280' title='bbox 1188 2451 1277 2495; x_wconf 92' lang='lat' dir='ltr'>poli-</span> 
     </span>
     <span class='ocr_line' id='line_1_46' title="bbox 295 2499 1278 2544; baseline -0.002 -8"><span class='ocrx_word' id='word_1_281' title='bbox 295 2506 399 2541; x_wconf 83' lang='lat' dir='ltr'>tiam,</span> <span class='ocrx_word' id='word_1_282' title='bbox 438 2502 582 2544; x_wconf 84' lang='lat' dir='ltr'>indigne</span> <span class='ocrx_word' id='word_1_283' title='bbox 611 2501 730 2533; x_wconf 78' lang='lat' dir='ltr'>ferunt</span> <span class='ocrx_word' id='word_1_284' title='bbox 763 2501 807 2534; x_wconf 90' lang='lat' dir='ltr'>ab</span> <span class='ocrx_word' id='word_1_285' title='bbox 829 2499 1021 2544; x_wconf 83' lang='lat' dir='ltr'>Evangelio</span> <span class='ocrx_word' id='word_1_286' title='bbox 1049 2501 1221 2534; x_wconf 81' lang='lat' dir='ltr'>iusticiam</span> <span class='ocrx_word' id='word_1_287' title='bbox 1246 2508 1278 2534; x_wconf 86' lang='lat' dir='ltr'>et</span> 
     </span>
     <span class='ocr_line' id='line_1_47' title="bbox 296 2551 1279 2598; baseline -0.004 -10"><span class='ocrx_word' id='word_1_288' title='bbox 296 2553 501 2598; x_wconf 80' lang='lat' dir='ltr'>sapientiam</span> <span class='ocrx_word' id='word_1_289' title='bbox 533 2562 653 2583; x_wconf 88' lang='lat' dir='ltr'>eorum</span> <span class='ocrx_word' id='word_1_290' title='bbox 688 2551 867 2592; x_wconf 88' lang='lat' dir='ltr'>damnari,</span> <span class='ocrx_word' id='word_1_291' title='bbox 909 2553 998 2586; x_wconf 89' lang='lat' dir='ltr'>sicut</span> <span class='ocrx_word' id='word_1_292' title='bbox 1032 2564 1127 2585; x_wconf 91' lang='lat' dir='ltr'>nunc</span> <span class='ocrx_word' id='word_1_293' title='bbox 1156 2553 1279 2585; x_wconf 84' lang='lat' dir='ltr'>acerbe</span> 
     </span>
    </p>
   </div>
   <div class='ocr_carea' id='block_1_9' title="bbox 297 2601 1280 2701">
    <p class='ocr_par' dir='ltr' id='par_1_13' title="bbox 297 2601 1280 2701">
     <span class='ocr_line' id='line_1_48' title="bbox 298 2601 1280 2647; baseline 0 -10"><span class='ocrx_word' id='word_1_294' title='bbox 298 2607 451 2640; x_wconf 85' lang='lat' dir='ltr'>oderunt</span> <span class='ocrx_word' id='word_1_295' title='bbox 467 2614 532 2635; x_wconf 88' lang='lat' dir='ltr'>nos</span> <span class='ocrx_word' id='word_1_296' title='bbox 547 2602 623 2640; x_wconf 84' lang='lat' dir='ltr'>isti,</span> <span class='ocrx_word' id='word_1_297' title='bbox 653 2601 713 2644; x_wconf 83' lang='lat' dir='ltr'>qui</span> <span class='ocrx_word' id='word_1_298' title='bbox 733 2602 799 2635; x_wconf 88' lang='lat' dir='ltr'>sibi</span> <span class='ocrx_word' id='word_1_299' title='bbox 823 2602 1012 2647; x_wconf 83' lang='lat' dir='ltr'>sapientiae</span> <span class='ocrx_word' id='word_1_300' title='bbox 1033 2609 1065 2637; x_wconf 90' lang='lat' dir='ltr'>et</span> <span class='ocrx_word' id='word_1_301' title='bbox 1087 2603 1280 2637; x_wconf 84' lang='lat' dir='ltr'>sanctitatis</span> 
     </span>
     <span class='ocr_line' id='line_1_49' title="bbox 297 2648 806 2701; baseline -0.008 -11"><span class='ocrx_word' id='word_1_302' title='bbox 297 2656 499 2701; x_wconf 87' lang='lat' dir='ltr'>opinionem</span> <span class='ocrx_word' id='word_1_303' title='bbox 518 2648 653 2687; x_wconf 80' lang='lat' dir='ltr'>detrahi</span> <span class='ocrx_word' id='word_1_304' title='bbox 671 2658 806 2695; x_wconf 86' lang='lat' dir='ltr'>putant.</span> 
     </span>
    </p>
   </div>
   <div class='ocr_carea' id='block_1_10' title="bbox 857 88 1691 128">
    <p class='ocr_par' dir='ltr' id='par_1_14' title="bbox 857 88 1691 128">
     <span class='ocr_line' id='line_1_50' title="bbox 857 88 1691 128; baseline 0.001 -2"><span class='ocrx_word' id='word_1_305' title='bbox 857 91 983 128; x_wconf 75' lang='lat' dir='ltr'>PIHL.</span> <span class='ocrx_word' id='word_1_306' title='bbox 1013 91 1127 127; x_wconf 79' lang='lat' dir='ltr'><strong>MEL.</strong></span> <span class='ocrx_word' id='word_1_307' title='bbox 1154 91 1359 127; x_wconf 73' lang='lat' dir='ltr'>SCRIPTA</span> <span class='ocrx_word' id='word_1_308' title='bbox 1391 88 1691 128; x_wconf 77' lang='lat' dir='ltr'><strong>EXEGETICA.</strong></span> 
     </span>
    </p>
   </div>
   <div class='ocr_carea' id='block_1_11' title="bbox 2207 93 2283 129">
    <p class='ocr_par' dir='ltr' id='par_1_15' title="bbox 2207 93 2283 129">
     <span class='ocr_line' id='line_1_51' title="bbox 2207 93 2283 129; baseline -0.013 0"><span class='ocrx_word' id='word_1_309' title='bbox 2207 93 2283 129; x_wconf 82' lang='lat'>480</span> 
     </span>
    </p>
   </div>
   <div class='ocr_carea' id='block_1_12' title="bbox 1298 174 2280 311">
    <p class='ocr_par' dir='ltr' id='par_1_16' title="bbox 1298 174 2280 311">
     <span class='ocr_line' id='line_1_52' title="bbox 1396 174 2280 222; baseline 0.006 -14"><span class='ocrx_word' id='word_1_310' title='bbox 1396 174 1595 219; x_wconf 89' lang='lat' dir='ltr'>Propositio</span> <span class='ocrx_word' id='word_1_311' title='bbox 1621 175 1800 219; x_wconf 89' lang='lat' dir='ltr'>repetitur.</span> <span class='ocrx_word' id='word_1_312' title='bbox 1865 175 1959 211; x_wconf 80' lang='lat' dir='ltr'>Num</span> <span class='ocrx_word' id='word_1_313' title='bbox 1992 177 2038 212; x_wconf 88' lang='lat' dir='ltr'>ita</span> <span class='ocrx_word' id='word_1_314' title='bbox 2070 177 2157 222; x_wconf 80' lang='lat' dir='ltr'>lapsi</span> <span class='ocrx_word' id='word_1_315' title='bbox 2187 186 2280 220; x_wconf 89' lang='lat' dir='ltr'>sunt,</span> 
     </span>
     <span class='ocr_line' id='line_1_53' title="bbox 1298 226 2280 270; baseline 0.002 -10"><span class='ocrx_word' id='word_1_316' title='bbox 1298 233 1336 260; x_wconf 88' lang='lat' dir='ltr'>ut</span> <span class='ocrx_word' id='word_1_317' title='bbox 1352 233 1421 259; x_wconf 82' lang='lat' dir='ltr'>tota</span> <span class='ocrx_word' id='word_1_318' title='bbox 1445 237 1528 268; x_wconf 84' lang='lat' dir='ltr'>gens</span> <span class='ocrx_word' id='word_1_319' title='bbox 1545 226 1590 259; x_wconf 91' lang='lat' dir='ltr'>sit</span> <span class='ocrx_word' id='word_1_320' title='bbox 1608 226 1787 270; x_wconf 82' lang='lat' dir='ltr'>peritura?</span> <span class='ocrx_word' id='word_1_321' title='bbox 1814 226 1906 262; x_wconf 82' lang='lat' dir='ltr'>Non.</span> <span class='ocrx_word' id='word_1_322' title='bbox 1957 227 2004 263; x_wconf 89' lang='lat' dir='ltr'>Et</span> <span class='ocrx_word' id='word_1_323' title='bbox 2025 230 2169 264; x_wconf 85' lang='lat' dir='ltr'>additur</span> <span class='ocrx_word' id='word_1_324' title='bbox 2192 230 2280 264; x_wconf 83' lang='lat' dir='ltr'>ratio</span> 
     </span>
     <span class='ocr_line' id='line_1_54' title="bbox 1299 276 1583 311; baseline -0.007 -1"><span class='ocrx_word' id='word_1_325' title='bbox 1299 289 1338 310; x_wconf 76' lang='lat' dir='ltr'>ex</span> <span class='ocrx_word' id='word_1_326' title='bbox 1358 288 1458 310; x_wconf 78' lang='lat' dir='ltr'>causa</span> <span class='ocrx_word' id='word_1_327' title='bbox 1475 276 1583 311; x_wconf 83' lang='lat' dir='ltr'>tinali.</span> 
     </span>
    </p>
   </div>
   <div class='ocr_carea' id='block_1_13' title="bbox 1299 327 2280 422">
    <p class='ocr_par' dir='ltr' id='par_1_17' title="bbox 1299 327 2280 422">
     <span class='ocr_line' id='line_1_55' title="bbox 1400 327 2280 376; baseline 0.006 -16"><span class='ocrx_word' id='word_1_328' title='bbox 1400 328 1505 371; x_wconf 84' lang='lat' dir='ltr'>Lapsi</span> <span class='ocrx_word' id='word_1_329' title='bbox 1529 334 1610 360; x_wconf 92' lang='lat' dir='ltr'>sunt</span> <span class='ocrx_word' id='word_1_330' title='bbox 1638 327 1754 371; x_wconf 85' lang='lat' dir='ltr'>aliqua</span> <span class='ocrx_word' id='word_1_331' title='bbox 1778 339 1818 360; x_wconf 88' lang='lat' dir='ltr'>ex</span> <span class='ocrx_word' id='word_1_332' title='bbox 1840 334 1954 371; x_wconf 87' lang='lat' dir='ltr'>parte,</span> <span class='ocrx_word' id='word_1_333' title='bbox 1980 336 2017 362; x_wconf 94' lang='lat' dir='ltr'>ut</span> <span class='ocrx_word' id='word_1_334' title='bbox 2042 330 2280 376; x_wconf 85' lang='lat' dir='ltr'>reciperentur</span> 
     </span>
     <span class='ocr_line' id='line_1_56' title="bbox 1299 377 1928 422; baseline 0.003 -12"><span class='ocrx_word' id='word_1_335' title='bbox 1299 386 1418 422; x_wconf 65' lang='lat' dir='ltr'>gentes</span> <span class='ocrx_word' id='word_1_336' title='bbox 1438 380 1478 410; x_wconf 89' lang='lat' dir='ltr'>ad</span> <span class='ocrx_word' id='word_1_337' title='bbox 1500 379 1741 421; x_wconf 83' lang='lat' dir='ltr'>provocandos</span> <span class='ocrx_word' id='word_1_338' title='bbox 1759 377 1928 413; x_wconf 86' lang='lat' dir='ltr'>Iudaeos:</span> 
     </span>
    </p>
   </div>
   <div class='ocr_carea' id='block_1_14' title="bbox 1401 427 2283 476">
    <p class='ocr_par' dir='ltr' id='par_1_18' title="bbox 1401 427 2283 476">
     <span class='ocr_line' id='line_1_57' title="bbox 1401 427 2283 476; baseline 0.005 -15"><span class='ocrx_word' id='word_1_339' title='bbox 1401 427 1494 472; x_wconf 87' lang='lat' dir='ltr'>Ergo</span> <span class='ocrx_word' id='word_1_340' title='bbox 1513 441 1583 461; x_wconf 87' lang='lat' dir='ltr'>non</span> <span class='ocrx_word' id='word_1_341' title='bbox 1601 435 1682 462; x_wconf 91' lang='lat' dir='ltr'>sunt</span> <span class='ocrx_word' id='word_1_342' title='bbox 1705 429 1783 462; x_wconf 87' lang='lat' dir='ltr'>ideo</span> <span class='ocrx_word' id='word_1_343' title='bbox 1802 429 1909 473; x_wconf 89' lang='lat' dir='ltr'>lapsi,</span> <span class='ocrx_word' id='word_1_344' title='bbox 1937 436 1974 463; x_wconf 90' lang='lat' dir='ltr'>ut</span> <span class='ocrx_word' id='word_1_345' title='bbox 1998 427 2082 462; x_wconf 85' lang='lat' dir='ltr'>haec</span> <span class='ocrx_word' id='word_1_346' title='bbox 2103 436 2174 464; x_wconf 86' lang='lat' dir='ltr'>tota</span> <span class='ocrx_word' id='word_1_347' title='bbox 2200 442 2283 476; x_wconf 82' lang='lat' dir='ltr'>gens</span> 
     </span>
    </p>
   </div>
   <div class='ocr_carea' id='block_1_15' title="bbox 1276 480 1519 522">
    <p class='ocr_par' dir='ltr' id='par_1_19' title="bbox 1276 480 1519 522">
     <span class='ocr_line' id='line_1_58' title="bbox 1276 480 1519 522; baseline -0.004 -9"><span class='ocrx_word' id='word_1_348' title='bbox 1276 515 1277 522; x_wconf 14' lang='grc' dir='ltr'>χ</span> <span class='ocrx_word' id='word_1_349' title='bbox 1300 480 1519 513; x_wconf 81' lang='lat' dir='ltr'>abiiceretur.</span> 
     </span>
    </p>
   </div>
   <div class='ocr_carea' id='block_1_16' title="bbox 1405 530 2285 572">
    <p class='ocr_par' dir='ltr' id='par_1_20' title="bbox 1405 530 2285 572">
     <span class='ocr_line' id='line_1_59' title="bbox 1405 530 2285 572; baseline 0.005 -10"><span class='ocrx_word' id='word_1_350' title='bbox 1405 531 1625 563; x_wconf 81' lang='lat' dir='ltr'>Antecedens</span> <span class='ocrx_word' id='word_1_351' title='bbox 1649 530 1845 572; x_wconf 86' lang='lat' dir='ltr'>argumenti</span> <span class='ocrx_word' id='word_1_352' title='bbox 1870 530 1995 563; x_wconf 87' lang='lat' dir='ltr'>callide</span> <span class='ocrx_word' id='word_1_353' title='bbox 2014 530 2219 572; x_wconf 84' lang='lat' dir='ltr'>invertitur,</span> <span class='ocrx_word' id='word_1_354' title='bbox 2245 538 2285 566; x_wconf 88' lang='lat' dir='ltr'>ut</span> 
     </span>
    </p>
   </div>
   <div class='ocr_carea' id='block_1_17' title="bbox 1304 579 2286 665">
    <p class='ocr_par' dir='ltr' id='par_1_21' title="bbox 1304 579 2286 665">
     <span class='ocr_line' id='line_1_60' title="bbox 1305 579 2286 626; baseline 0.003 -14"><span class='ocrx_word' id='word_1_355' title='bbox 1305 579 1386 613; x_wconf 86' lang='lat' dir='ltr'>binc</span> <span class='ocrx_word' id='word_1_356' title='bbox 1409 581 1475 613; x_wconf 84' lang='lat' dir='ltr'>alia</span> <span class='ocrx_word' id='word_1_357' title='bbox 1498 581 1588 613; x_wconf 82' lang='lat' dir='ltr'>ratio</span> <span class='ocrx_word' id='word_1_358' title='bbox 1612 581 1815 623; x_wconf 76' lang='lat' dir='ltr'>colligatur,</span> <span class='ocrx_word' id='word_1_359' title='bbox 1843 593 1930 626; x_wconf 84' lang='lat' dir='ltr'>quae</span> <span class='ocrx_word' id='word_1_360' title='bbox 1953 583 2114 616; x_wconf 88' lang='lat' dir='ltr'>ostendat</span> <span class='ocrx_word' id='word_1_361' title='bbox 2138 581 2286 616; x_wconf 85' lang='lat' dir='ltr'>ludaeos</span> 
     </span>
     <span class='ocr_line' id='line_1_61' title="bbox 1304 631 1649 665; baseline 0.006 -2"><span class='ocrx_word' id='word_1_362' title='bbox 1304 644 1376 664; x_wconf 87' lang='lat' dir='ltr'>non</span> <span class='ocrx_word' id='word_1_363' title='bbox 1396 643 1467 663; x_wconf 86' lang='lat' dir='ltr'>esse</span> <span class='ocrx_word' id='word_1_364' title='bbox 1486 631 1649 665; x_wconf 88' lang='lat' dir='ltr'>abiectos.</span> 
     </span>
    </p>
   </div>
   <div class='ocr_carea' id='block_1_18' title="bbox 1306 680 2288 777">
    <p class='ocr_par' dir='ltr' id='par_1_22' title="bbox 1306 680 2288 777">
     <span class='ocr_line' id='line_1_62' title="bbox 1406 680 2288 727; baseline 0.002 -13"><span class='ocrx_word' id='word_1_365' title='bbox 1406 681 1540 724; x_wconf 72' lang='lat' dir='ltr'>hapsus</span> <span class='ocrx_word' id='word_1_366' title='bbox 1558 680 1767 715; x_wconf 83' lang='lat' dir='ltr'>ludaeorum</span> <span class='ocrx_word' id='word_1_367' title='bbox 1785 694 1856 715; x_wconf 89' lang='lat' dir='ltr'>non</span> <span class='ocrx_word' id='word_1_368' title='bbox 1874 683 1939 717; x_wconf 88' lang='lat' dir='ltr'>suit</span> <span class='ocrx_word' id='word_1_369' title='bbox 1955 694 2016 727; x_wconf 91' lang='lat' dir='ltr'>per</span> <span class='ocrx_word' id='word_1_370' title='bbox 2029 693 2063 715; x_wconf 87' lang='lat' dir='ltr'>se</span> <span class='ocrx_word' id='word_1_371' title='bbox 2079 694 2200 724; x_wconf 87' lang='lat' dir='ltr'>causa,</span> <span class='ocrx_word' id='word_1_372' title='bbox 2226 694 2288 717; x_wconf 90' lang='lat' dir='ltr'>cur</span> 
     </span>
     <span class='ocr_line' id='line_1_63' title="bbox 1306 732 2286 777; baseline 0.003 -13"><span class='ocrx_word' id='word_1_373' title='bbox 1306 740 1513 766; x_wconf 72' lang='lat' dir='ltr'>vocarentur</span> <span class='ocrx_word' id='word_1_374' title='bbox 1538 739 1668 774; x_wconf 58' lang='lat' dir='ltr'>gentes</span> <span class='ocrx_word' id='word_1_375' title='bbox 1745 732 1813 766; x_wconf 86' lang='lat' dir='ltr'>Sed</span> <span class='ocrx_word' id='word_1_376' title='bbox 1844 734 1951 777; x_wconf 83' lang='lat' dir='ltr'>magis</span> <span class='ocrx_word' id='word_1_377' title='bbox 1977 733 2200 767; x_wconf 84' lang='lat' dir='ltr'>incolumitas</span> <span class='ocrx_word' id='word_1_378' title='bbox 2226 732 2286 767; x_wconf 87' lang='lat' dir='ltr'>lu-</span> 
     </span>
    </p>
   </div>
   <div class='ocr_carea' id='block_1_19' title="bbox 1280 782 2288 827">
    <p class='ocr_par' dir='ltr' id='par_1_23' title="bbox 1280 782 2288 827">
     <span class='ocr_line' id='line_1_64' title="bbox 1280 782 2288 827; baseline 0.001 -12"><span class='ocrx_word' id='word_1_379' title='bbox 1280 816 1281 820; x_wconf 58' lang='lat'>,</span> <span class='ocrx_word' id='word_1_380' title='bbox 1307 785 1474 816; x_wconf 82' lang='lat' dir='ltr'>dacorum</span> <span class='ocrx_word' id='word_1_381' title='bbox 1508 782 1573 815; x_wconf 86' lang='lat' dir='ltr'>fnit</span> <span class='ocrx_word' id='word_1_382' title='bbox 1605 794 1666 826; x_wconf 88' lang='lat' dir='ltr'>per</span> <span class='ocrx_word' id='word_1_383' title='bbox 1697 794 1733 815; x_wconf 91' lang='lat' dir='ltr'>se</span> <span class='ocrx_word' id='word_1_384' title='bbox 1763 795 1863 817; x_wconf 86' lang='lat' dir='ltr'>causa</span> <span class='ocrx_word' id='word_1_385' title='bbox 1893 785 2084 818; x_wconf 88' lang='lat' dir='ltr'>vocationis</span> <span class='ocrx_word' id='word_1_386' title='bbox 2114 784 2288 827; x_wconf 83' lang='lat' dir='ltr'>gentium:</span> 
     </span>
    </p>
   </div>
   <div class='ocr_carea' id='block_1_20' title="bbox 1307 832 2293 1080">
    <p class='ocr_par' dir='ltr' id='par_1_24' title="bbox 1307 832 2290 928">
     <span class='ocr_line' id='line_1_65' title="bbox 1307 832 2290 878; baseline 0.002 -12"><span class='ocrx_word' id='word_1_387' title='bbox 1307 833 1400 876; x_wconf 82' lang='lat' dir='ltr'>Ergo</span> <span class='ocrx_word' id='word_1_388' title='bbox 1425 832 1544 866; x_wconf 84' lang='lat' dir='ltr'>ludaei</span> <span class='ocrx_word' id='word_1_389' title='bbox 1565 845 1637 865; x_wconf 89' lang='lat' dir='ltr'>non</span> <span class='ocrx_word' id='word_1_390' title='bbox 1663 841 1745 867; x_wconf 89' lang='lat' dir='ltr'>sunt</span> <span class='ocrx_word' id='word_1_391' title='bbox 1770 835 1910 868; x_wconf 81' lang='lat' dir='ltr'>abiecti.</span> <span class='ocrx_word' id='word_1_392' title='bbox 1962 835 2184 868; x_wconf 88' lang='lat' dir='ltr'>Antecedens</span> <span class='ocrx_word' id='word_1_393' title='bbox 2209 846 2290 878; x_wconf 91' lang='lat' dir='ltr'>pro-</span> 
     </span>
     <span class='ocr_line' id='line_1_66' title="bbox 1308 884 2104 928; baseline 0.004 -12"><span class='ocrx_word' id='word_1_394' title='bbox 1308 886 1413 917; x_wconf 85' lang='lat' dir='ltr'>batur</span> <span class='ocrx_word' id='word_1_395' title='bbox 1430 896 1469 916; x_wconf 85' lang='lat' dir='ltr'>ex</span> <span class='ocrx_word' id='word_1_396' title='bbox 1488 895 1588 917; x_wconf 85' lang='lat' dir='ltr'>causa</span> <span class='ocrx_word' id='word_1_397' title='bbox 1605 884 1701 917; x_wconf 88' lang='lat' dir='ltr'>finali</span> <span class='ocrx_word' id='word_1_398' title='bbox 1722 885 1915 918; x_wconf 85' lang='lat' dir='ltr'>vocationis</span> <span class='ocrx_word' id='word_1_399' title='bbox 1934 886 2104 928; x_wconf 77' lang='lat' dir='ltr'>gentium.</span> 
     </span>
    </p>

    <p class='ocr_par' dir='ltr' id='par_1_25' title="bbox 1311 933 2293 1080">
     <span class='ocr_line' id='line_1_67' title="bbox 1414 933 2292 979; baseline 0.002 -13"><span class='ocrx_word' id='word_1_400' title='bbox 1414 933 1547 967; x_wconf 83' lang='lat' dir='ltr'>Gentes</span> <span class='ocrx_word' id='word_1_401' title='bbox 1565 941 1722 978; x_wconf 85' lang='lat' dir='ltr'>receptae</span> <span class='ocrx_word' id='word_1_402' title='bbox 1747 942 1846 973; x_wconf 87' lang='lat' dir='ltr'>sunt,</span> <span class='ocrx_word' id='word_1_403' title='bbox 1875 943 1914 969; x_wconf 91' lang='lat' dir='ltr'>ut</span> <span class='ocrx_word' id='word_1_404' title='bbox 1937 942 2126 979; x_wconf 87' lang='lat' dir='ltr'>provocent</span> <span class='ocrx_word' id='word_1_405' title='bbox 2144 934 2292 969; x_wconf 84' lang='lat' dir='ltr'>ludaeos</span> 
     </span>
     <span class='ocr_line' id='line_1_68' title="bbox 1313 982 2293 1029; baseline 0 -11"><span class='ocrx_word' id='word_1_406' title='bbox 1313 986 1357 1018; x_wconf 88' lang='lat' dir='ltr'>ad</span> <span class='ocrx_word' id='word_1_407' title='bbox 1384 986 1597 1018; x_wconf 85' lang='lat' dir='ltr'>credendum</span> <span class='ocrx_word' id='word_1_408' title='bbox 1616 982 1766 1019; x_wconf 91' lang='lat' dir='ltr'>christo:</span> <span class='ocrx_word' id='word_1_409' title='bbox 1797 984 1891 1029; x_wconf 84' lang='lat' dir='ltr'>Ergo</span> <span class='ocrx_word' id='word_1_410' title='bbox 1915 993 2048 1019; x_wconf 88' lang='lat' dir='ltr'>restant</span> <span class='ocrx_word' id='word_1_411' title='bbox 2064 985 2184 1019; x_wconf 88' lang='lat' dir='ltr'>Iudaei</span> <span class='ocrx_word' id='word_1_412' title='bbox 2207 997 2293 1018; x_wconf 83' lang='lat' dir='ltr'>ven-</span> 
     </span>
     <span class='ocr_line' id='line_1_69' title="bbox 1311 1033 2293 1080; baseline 0 -11"><span class='ocrx_word' id='word_1_413' title='bbox 1311 1037 1384 1069; x_wconf 90' lang='lat' dir='ltr'>turi</span> <span class='ocrx_word' id='word_1_414' title='bbox 1399 1036 1441 1068; x_wconf 87' lang='lat' dir='ltr'>ad</span> <span class='ocrx_word' id='word_1_415' title='bbox 1463 1033 1656 1070; x_wconf 84' lang='lat' dir='ltr'>Christum.</span> <span class='ocrx_word' id='word_1_416' title='bbox 1707 1035 1805 1077; x_wconf 82' lang='lat' dir='ltr'>Quid</span> <span class='ocrx_word' id='word_1_417' title='bbox 1832 1037 1926 1069; x_wconf 90' lang='lat' dir='ltr'>enim</span> <span class='ocrx_word' id='word_1_418' title='bbox 1946 1048 2034 1080; x_wconf 88' lang='lat' dir='ltr'>opus</span> <span class='ocrx_word' id='word_1_419' title='bbox 2059 1042 2146 1069; x_wconf 89' lang='lat' dir='ltr'>esset</span> <span class='ocrx_word' id='word_1_420' title='bbox 2165 1047 2293 1079; x_wconf 89' lang='lat' dir='ltr'>provo-</span> 
     </span>
    </p>
   </div>
   <div class='ocr_carea' id='block_1_21' title="bbox 1315 1136 2296 1231">
    <p class='ocr_par' dir='ltr' id='par_1_26' title="bbox 1315 1136 2296 1231">
     <span class='ocr_line' id='line_1_70' title="bbox 1315 1136 2293 1180; baseline -0.001 -10"><span class='ocrx_word' id='word_1_421' title='bbox 1315 1138 1421 1170; x_wconf 89' lang='lat' dir='ltr'>verbo</span> <span class='ocrx_word' id='word_1_422' title='bbox 1446 1137 1679 1180; x_wconf 85' lang='lat' dir='ltr'>provocandi,</span> <span class='ocrx_word' id='word_1_423' title='bbox 1705 1137 1797 1180; x_wconf 88' lang='lat' dir='ltr'>quod</span> <span class='ocrx_word' id='word_1_424' title='bbox 1823 1144 1873 1170; x_wconf 89' lang='lat' dir='ltr'>est</span> <span class='ocrx_word' id='word_1_425' title='bbox 1899 1138 1935 1170; x_wconf 89' lang='lat' dir='ltr'>in</span> <span class='ocrx_word' id='word_1_426' title='bbox 1962 1137 2161 1171; x_wconf 90' lang='lat' dir='ltr'>testimonio</span> <span class='ocrx_word' id='word_1_427' title='bbox 2185 1136 2293 1177; x_wconf 89' lang='lat' dir='ltr'>Mosi,</span> 
     </span>
     <span class='ocr_line' id='line_1_71' title="bbox 1316 1186 2296 1231; baseline 0 -10"><span class='ocrx_word' id='word_1_428' title='bbox 1316 1187 1547 1222; x_wconf 80' lang='lat' dir='ltr'>ratiocinatur</span> <span class='ocrx_word' id='word_1_429' title='bbox 1574 1187 1728 1231; x_wconf 87' lang='lat' dir='ltr'>reliquos</span> <span class='ocrx_word' id='word_1_430' title='bbox 1762 1198 1833 1220; x_wconf 88' lang='lat' dir='ltr'>esse</span> <span class='ocrx_word' id='word_1_431' title='bbox 1864 1189 1990 1221; x_wconf 80' lang='lat' dir='ltr'>electos</span> <span class='ocrx_word' id='word_1_432' title='bbox 2020 1189 2055 1220; x_wconf 89' lang='lat' dir='ltr'>in</span> <span class='ocrx_word' id='word_1_433' title='bbox 2082 1187 2213 1231; x_wconf 88' lang='lat' dir='ltr'>populo</span> <span class='ocrx_word' id='word_1_434' title='bbox 2236 1186 2296 1221; x_wconf 89' lang='lat' dir='ltr'>Iu-</span> 
     </span>
    </p>
   </div>
   <div class='ocr_carea' id='block_1_22' title="bbox 1316 1237 2296 1331">
    <p class='ocr_par' dir='ltr' id='par_1_27' title="bbox 1316 1237 2296 1331">
     <span class='ocr_line' id='line_1_72' title="bbox 1316 1237 2296 1283; baseline -0.001 -11"><span class='ocrx_word' id='word_1_435' title='bbox 1316 1241 1496 1272; x_wconf 85' lang='lat' dir='ltr'>daeorum.</span> <span class='ocrx_word' id='word_1_436' title='bbox 1566 1237 1634 1271; x_wconf 92' lang='lat' dir='ltr'>Sed</span> <span class='ocrx_word' id='word_1_437' title='bbox 1660 1244 1697 1270; x_wconf 94' lang='lat' dir='ltr'>ut</span> <span class='ocrx_word' id='word_1_438' title='bbox 1718 1238 1873 1272; x_wconf 86' lang='lat' dir='ltr'>inversio</span> <span class='ocrx_word' id='word_1_439' title='bbox 1899 1239 2025 1272; x_wconf 89' lang='lat' dir='ltr'>melius</span> <span class='ocrx_word' id='word_1_440' title='bbox 2045 1237 2195 1281; x_wconf 84' lang='lat' dir='ltr'>intelligi</span> <span class='ocrx_word' id='word_1_441' title='bbox 2215 1249 2296 1283; x_wconf 84' lang='lat' dir='ltr'>pos-</span> 
     </span>
     <span class='ocr_line' id='line_1_73' title="bbox 1318 1289 1826 1331; baseline -0.002 -8"><span class='ocrx_word' id='word_1_442' title='bbox 1318 1291 1379 1330; x_wconf 91' lang='lat' dir='ltr'>sit,</span> <span class='ocrx_word' id='word_1_443' title='bbox 1405 1289 1600 1322; x_wconf 89' lang='lat' dir='ltr'>abscribam</span> <span class='ocrx_word' id='word_1_444' title='bbox 1618 1289 1826 1331; x_wconf 85' lang='lat' dir='ltr'>exemplum.</span> 
     </span>
    </p>
   </div>
   <div class='ocr_carea' id='block_1_23' title="bbox 1317 1338 2301 1575">
    <p class='ocr_par' dir='ltr' id='par_1_28' title="bbox 1317 1338 2301 1575">
     <span class='ocr_line' id='line_1_74' title="bbox 1420 1338 1978 1382; baseline 0 -10"><span class='ocrx_word' id='word_1_445' title='bbox 1420 1339 1543 1382; x_wconf 90' lang='lat' dir='ltr'>Inopia</span> <span class='ocrx_word' id='word_1_446' title='bbox 1562 1350 1634 1371; x_wconf 86' lang='lat' dir='ltr'>non</span> <span class='ocrx_word' id='word_1_447' title='bbox 1652 1345 1702 1372; x_wconf 83' lang='lat' dir='ltr'>est</span> <span class='ocrx_word' id='word_1_448' title='bbox 1718 1351 1818 1371; x_wconf 88' lang='lat' dir='ltr'>causa</span> <span class='ocrx_word' id='word_1_449' title='bbox 1837 1338 1978 1372; x_wconf 84' lang='lat' dir='ltr'>laboris.</span> 
     </span>
     <span class='ocr_line' id='line_1_75' title="bbox 1421 1389 2103 1432; baseline -0.004 -9"><span class='ocrx_word' id='word_1_450' title='bbox 1421 1389 1507 1432; x_wconf 82' lang='lat' dir='ltr'>Spes</span> <span class='ocrx_word' id='word_1_451' title='bbox 1526 1389 1636 1422; x_wconf 80' lang='lat' dir='ltr'>victus</span> <span class='ocrx_word' id='word_1_452' title='bbox 1653 1390 1760 1432; x_wconf 84' lang='lat' dir='ltr'>magis</span> <span class='ocrx_word' id='word_1_453' title='bbox 1777 1397 1827 1422; x_wconf 87' lang='lat' dir='ltr'>est</span> <span class='ocrx_word' id='word_1_454' title='bbox 1845 1401 1944 1422; x_wconf 82' lang='lat' dir='ltr'>causa</span> <span class='ocrx_word' id='word_1_455' title='bbox 1962 1389 2103 1422; x_wconf 77' lang='lat' dir='ltr'>laboris.</span> 
     </span>
     <span class='ocr_line' id='line_1_76' title="bbox 1367 1438 2300 1483; baseline -0.001 -11"><span class='ocrx_word' id='word_1_456' title='bbox 1367 1438 1579 1472; x_wconf 87' lang='lat' dir='ltr'>Dialecticus</span> <span class='ocrx_word' id='word_1_457' title='bbox 1615 1439 1708 1472; x_wconf 88' lang='lat' dir='ltr'>enim</span> <span class='ocrx_word' id='word_1_458' title='bbox 1745 1452 1817 1473; x_wconf 91' lang='lat' dir='ltr'>non</span> <span class='ocrx_word' id='word_1_459' title='bbox 1853 1439 1981 1472; x_wconf 82' lang='lat' dir='ltr'>resistit</span> <span class='ocrx_word' id='word_1_460' title='bbox 2021 1440 2058 1471; x_wconf 87' lang='lat' dir='ltr'>in</span> <span class='ocrx_word' id='word_1_461' title='bbox 2092 1438 2300 1483; x_wconf 86' lang='lat' dir='ltr'>privatione,</span> 
     </span>
     <span class='ocr_line' id='line_1_77' title="bbox 1318 1490 2301 1536; baseline -0.001 -13"><span class='ocrx_word' id='word_1_462' title='bbox 1318 1491 1377 1523; x_wconf 87' lang='lat' dir='ltr'>sed</span> <span class='ocrx_word' id='word_1_463' title='bbox 1396 1491 1532 1536; x_wconf 86' lang='lat' dir='ltr'>quaerit</span> <span class='ocrx_word' id='word_1_464' title='bbox 1550 1490 1708 1523; x_wconf 87' lang='lat' dir='ltr'>ultimam</span> <span class='ocrx_word' id='word_1_465' title='bbox 1724 1502 1882 1529; x_wconf 86' lang='lat' dir='ltr'>causam,</span> <span class='ocrx_word' id='word_1_466' title='bbox 1909 1502 2012 1535; x_wconf 83' lang='lat' dir='ltr'>quam</span> <span class='ocrx_word' id='word_1_467' title='bbox 2037 1490 2202 1524; x_wconf 85' lang='lat' dir='ltr'>convenit</span> <span class='ocrx_word' id='word_1_468' title='bbox 2227 1501 2301 1523; x_wconf 87' lang='lat' dir='ltr'>cer-</span> 
     </span>
     <span class='ocr_line' id='line_1_78' title="bbox 1317 1549 1580 1575; baseline -0.011 -1"><span class='ocrx_word' id='word_1_469' title='bbox 1317 1549 1386 1575; x_wconf 76' lang='lat' dir='ltr'>tarn</span> <span class='ocrx_word' id='word_1_470' title='bbox 1408 1553 1479 1573; x_wconf 80' lang='lat' dir='ltr'>rem</span> <span class='ocrx_word' id='word_1_471' title='bbox 1499 1551 1580 1572; x_wconf 87' lang='lat' dir='ltr'>esse.</span> 
     </span>
    </p>
   </div>
   <div class='ocr_carea' id='block_1_24' title="bbox 1318 1591 2301 1685">
    <p class='ocr_par' dir='ltr' id='par_1_29' title="bbox 1318 1591 2301 1685">
     <span class='ocr_line' id='line_1_79' title="bbox 1419 1591 2301 1634; baseline 0 -10"><span class='ocrx_word' id='word_1_472' title='bbox 1419 1591 1477 1624; x_wconf 86' lang='lat' dir='ltr'>Sic</span> <span class='ocrx_word' id='word_1_473' title='bbox 1503 1591 1618 1634; x_wconf 85' lang='lat' dir='ltr'>lapsus</span> <span class='ocrx_word' id='word_1_474' title='bbox 1636 1591 1848 1625; x_wconf 87' lang='lat' dir='ltr'>Iudaeorum</span> <span class='ocrx_word' id='word_1_475' title='bbox 1877 1603 1949 1624; x_wconf 90' lang='lat' dir='ltr'>non</span> <span class='ocrx_word' id='word_1_476' title='bbox 1966 1591 2096 1634; x_wconf 72' lang='lat' dir='ltr'>coegit,</span> <span class='ocrx_word' id='word_1_477' title='bbox 2121 1597 2161 1625; x_wconf 89' lang='lat' dir='ltr'>ut</span> <span class='ocrx_word' id='word_1_478' title='bbox 2182 1597 2301 1634; x_wconf 80' lang='lat' dir='ltr'>gentes</span> 
     </span>
     <span class='ocr_line' id='line_1_80' title="bbox 1318 1640 1789 1685; baseline -0.002 -11"><span class='ocrx_word' id='word_1_479' title='bbox 1318 1642 1570 1685; x_wconf 87' lang='lat' dir='ltr'>reciperentur.</span> <span class='ocrx_word' id='word_1_480' title='bbox 1785 1640 1789 1645; x_wconf 83' lang='grc'>’</span> 
     </span>
    </p>
   </div>
   <div class='ocr_carea' id='block_1_25' title="bbox 1321 1691 2308 2142">
    <p class='ocr_par' dir='ltr' id='par_1_30' title="bbox 1321 1691 2304 1990">
     <span class='ocr_line' id='line_1_81' title="bbox 1419 1691 2304 1735; baseline -0.001 -10"><span class='ocrx_word' id='word_1_481' title='bbox 1419 1692 1488 1725; x_wconf 88' lang='lat' dir='ltr'>Sed</span> <span class='ocrx_word' id='word_1_482' title='bbox 1508 1692 1732 1725; x_wconf 87' lang='lat' dir='ltr'>incolumitas</span> <span class='ocrx_word' id='word_1_483' title='bbox 1748 1691 1955 1726; x_wconf 87' lang='lat' dir='ltr'>Iudaeorum</span> <span class='ocrx_word' id='word_1_484' title='bbox 1973 1691 2104 1735; x_wconf 83' lang='lat' dir='ltr'>co&#39;e‘git‚</span> <span class='ocrx_word' id='word_1_485' title='bbox 2132 1698 2171 1725; x_wconf 90' lang='lat' dir='ltr'>ut</span> <span class='ocrx_word' id='word_1_486' title='bbox 2186 1699 2304 1735; x_wconf 89' lang='lat' dir='ltr'>gentes</span> 
     </span>
     <span class='ocr_line' id='line_1_82' title="bbox 1321 1740 2302 1787; baseline 0 -12"><span class='ocrx_word' id='word_1_487' title='bbox 1321 1742 1580 1786; x_wconf 88' lang='lat' dir='ltr'>reciperentur,</span> <span class='ocrx_word' id='word_1_488' title='bbox 1606 1744 1699 1787; x_wconf 87' lang='lat' dir='ltr'>quod</span> <span class='ocrx_word' id='word_1_489' title='bbox 1717 1743 1879 1776; x_wconf 79' lang='lat' dir='ltr'>videlicet</span> <span class='ocrx_word' id='word_1_490' title='bbox 1905 1742 2032 1786; x_wconf 83' lang='lat' dir='ltr'>reliqui</span> <span class='ocrx_word' id='word_1_491' title='bbox 2056 1749 2155 1776; x_wconf 82' lang='lat' dir='ltr'>erant</span> <span class='ocrx_word' id='word_1_492' title='bbox 2180 1743 2216 1775; x_wconf 86' lang='lat' dir='ltr'>in</span> <span class='ocrx_word' id='word_1_493' title='bbox 2238 1740 2302 1776; x_wconf 90' lang='lat' dir='ltr'>hoc</span> 
     </span>
     <span class='ocr_line' id='line_1_83' title="bbox 1322 1790 2301 1838; baseline 0 -13"><span class='ocrx_word' id='word_1_494' title='bbox 1322 1794 1453 1838; x_wconf 88' lang='lat' dir='ltr'>populo</span> <span class='ocrx_word' id='word_1_495' title='bbox 1478 1794 1585 1829; x_wconf 78' lang='lat' dir='ltr'>electi,</span> <span class='ocrx_word' id='word_1_496' title='bbox 1651 1793 1760 1827; x_wconf 78' lang='lat' dir='ltr'>Vocat</span> <span class='ocrx_word' id='word_1_497' title='bbox 1784 1794 1890 1836; x_wconf 81' lang='lat' dir='ltr'>igitur</span> <span class='ocrx_word' id='word_1_498' title='bbox 1914 1790 2094 1838; x_wconf 73' lang='grc' dir='ltr'><em>πλήρωμα</em></span> <span class='ocrx_word' id='word_1_499' title='bbox 2114 1793 2301 1826; x_wconf 87' lang='lat' dir='ltr'>incolumi-</span> 
     </span>
     <span class='ocr_line' id='line_1_84' title="bbox 1323 1842 2303 1889; baseline -0.002 -12"><span class='ocrx_word' id='word_1_500' title='bbox 1323 1853 1427 1877; x_wconf 71' lang='lat' dir='ltr'>tatem</span> <span class='ocrx_word' id='word_1_501' title='bbox 1455 1844 1597 1888; x_wconf 88' lang='lat' dir='ltr'>populi,</span> <span class='ocrx_word' id='word_1_502' title='bbox 1633 1845 1693 1889; x_wconf 91' lang='lat' dir='ltr'>qui</span> <span class='ocrx_word' id='word_1_503' title='bbox 1727 1851 1869 1878; x_wconf 86' lang='lat' dir='ltr'>eatenus</span> <span class='ocrx_word' id='word_1_504' title='bbox 1891 1852 1940 1877; x_wconf 90' lang='lat' dir='ltr'>est</span> <span class='ocrx_word' id='word_1_505' title='bbox 1966 1844 2154 1877; x_wconf 88' lang='lat' dir='ltr'>incolumis</span> <span class='ocrx_word' id='word_1_506' title='bbox 2176 1842 2303 1884; x_wconf 82' lang='lat' dir='ltr'>adhuc,</span> 
     </span>
     <span class='ocr_line' id='line_1_85' title="bbox 1324 1893 2302 1940; baseline -0.001 -13"><span class='ocrx_word' id='word_1_507' title='bbox 1324 1902 1496 1940; x_wconf 84' lang='lat' dir='ltr'>quatenns</span> <span class='ocrx_word' id='word_1_508' title='bbox 1520 1895 1673 1939; x_wconf 79' lang='lat' dir='ltr'>reliquos</span> <span class='ocrx_word' id='word_1_509' title='bbox 1696 1893 1800 1928; x_wconf 86' lang='lat' dir='ltr'>babet</span> <span class='ocrx_word' id='word_1_510' title='bbox 1826 1894 1951 1927; x_wconf 83' lang='lat' dir='ltr'>electos</span> <span class='ocrx_word' id='word_1_511' title='bbox 1978 1906 2187 1939; x_wconf 89' lang='lat' dir='ltr'>quocunque</span> <span class='ocrx_word' id='word_1_512' title='bbox 2213 1901 2302 1927; x_wconf 88' lang='lat' dir='ltr'>tem-</span> 
     </span>
     <span class='ocr_line' id='line_1_86' title="bbox 1325 1943 2283 1990; baseline 0 -12"><span class='ocrx_word' id='word_1_513' title='bbox 1325 1958 1419 1989; x_wconf 89' lang='lat' dir='ltr'>pore.</span> <span class='ocrx_word' id='word_1_514' title='bbox 1461 1944 1571 1978; x_wconf 67' lang='lat' dir='ltr'>Vocat</span> <span class='ocrx_word' id='word_1_515' title='bbox 1586 1943 1728 1990; x_wconf 65' lang='grc' dir='ltr'>ἥττημα</span> <span class='ocrx_word' id='word_1_516' title='bbox 1745 1953 1915 1989; x_wconf 84' lang='lat' dir='ltr'>quatenus</span> <span class='ocrx_word' id='word_1_517' title='bbox 1933 1944 2036 1978; x_wconf 86' lang='lat' dir='ltr'>habet</span> <span class='ocrx_word' id='word_1_518' title='bbox 2053 1945 2283 1978; x_wconf 83' lang='lat' dir='ltr'>damnandos.</span> 
     </span>
    </p>

    <p class='ocr_par' dir='ltr' id='par_1_31' title="bbox 1325 1993 2308 2142">
     <span class='ocr_line' id='line_1_87' title="bbox 1426 1993 2305 2042; baseline 0 -14"><span class='ocrx_word' id='word_1_519' title='bbox 1426 1995 1537 2028; x_wconf 86' lang='lat' dir='ltr'>Addit</span> <span class='ocrx_word' id='word_1_520' title='bbox 1552 1993 1792 2042; x_wconf 73' lang='grc' dir='ltr'><em>ἀποστροφὴν</em></span> <span class='ocrx_word' id='word_1_521' title='bbox 1811 1997 1852 2028; x_wconf 84' lang='lat' dir='ltr'>ad</span> <span class='ocrx_word' id='word_1_522' title='bbox 1869 2003 2000 2038; x_wconf 80' lang='lat' dir='ltr'>gentes:</span> <span class='ocrx_word' id='word_1_523' title='bbox 2031 1994 2140 2028; x_wconf 59' lang='lat' dir='ltr'>Vobis</span> <span class='ocrx_word' id='word_1_524' title='bbox 2153 1996 2230 2028; x_wconf 88' lang='lat' dir='ltr'>dico</span> <span class='ocrx_word' id='word_1_525' title='bbox 2243 2003 2305 2028; x_wconf 83' lang='lat' dir='ltr'>etc.</span> 
     </span>
     <span class='ocr_line' id='line_1_88' title="bbox 1325 2045 2304 2094; baseline -0.001 -14"><span class='ocrx_word' id='word_1_526' title='bbox 1325 2045 1392 2080; x_wconf 89' lang='lat' dir='ltr'>Hic</span> <span class='ocrx_word' id='word_1_527' title='bbox 1412 2047 1609 2090; x_wconf 82' lang='lat' dir='ltr'>proximum</span> <span class='ocrx_word' id='word_1_528' title='bbox 1628 2054 1873 2090; x_wconf 79' lang='lat' dir='ltr'>argumentum</span> <span class='ocrx_word' id='word_1_529' title='bbox 1892 2046 2081 2094; x_wconf 76' lang='lat' dir='ltr'>amplificat</span> <span class='ocrx_word' id='word_1_530' title='bbox 2102 2058 2166 2079; x_wconf 90' lang='lat' dir='ltr'>suo</span> <span class='ocrx_word' id='word_1_531' title='bbox 2189 2057 2304 2079; x_wconf 75' lang='lat' dir='ltr'>exem-</span> 
     </span>
     <span class='ocr_line' id='line_1_89' title="bbox 1327 2095 2308 2142; baseline 0 -13"><span class='ocrx_word' id='word_1_532' title='bbox 1327 2097 1397 2140; x_wconf 91' lang='lat' dir='ltr'>plo.</span> <span class='ocrx_word' id='word_1_533' title='bbox 1456 2096 1529 2139; x_wconf 64' lang='lat' dir='ltr'>Ego</span> <span class='ocrx_word' id='word_1_534' title='bbox 1553 2097 1676 2138; x_wconf 82' lang='lat' dir='ltr'>etiam,</span> <span class='ocrx_word' id='word_1_535' title='bbox 1711 2098 1843 2142; x_wconf 89' lang='lat' dir='ltr'>inquit,</span> <span class='ocrx_word' id='word_1_536' title='bbox 1877 2095 1943 2130; x_wconf 92' lang='lat' dir='ltr'>hoc</span> <span class='ocrx_word' id='word_1_537' title='bbox 1968 2098 2075 2140; x_wconf 84' lang='lat' dir='ltr'>magis</span> <span class='ocrx_word' id='word_1_538' title='bbox 2100 2097 2244 2138; x_wconf 87' lang='lat' dir='ltr'>laboro,</span> <span class='ocrx_word' id='word_1_539' title='bbox 2269 2103 2308 2129; x_wconf 85' lang='lat' dir='ltr'>ut</span> 
     </span>
    </p>
   </div>
   <div class='ocr_carea' id='block_1_26' title="bbox 1277 345 1305 2182">
    <p class='ocr_par' dir='ltr' id='par_1_32' title="bbox 1277 345 1305 2182">
     <span class='ocr_line' id='line_1_90' title="bbox 1277 345 1305 2182; baseline 0 0"><span class='ocrx_word' id='word_1_540' title='bbox 1277 345 1305 2182; x_wconf 95' lang='lat' dir='ltr'> </span> 
     </span>
    </p>
   </div>
   <div class='ocr_carea' id='block_1_27' title="bbox 1328 2145 2313 2700">
    <p class='ocr_par' dir='ltr' id='par_1_33' title="bbox 1328 2145 2313 2700">
     <span class='ocr_line' id='line_1_91' title="bbox 1328 2145 2306 2192; baseline -0.002 -12"><span class='ocrx_word' id='word_1_541' title='bbox 1328 2153 1445 2191; x_wconf 76' lang='lat' dir='ltr'>gentes</span> <span class='ocrx_word' id='word_1_542' title='bbox 1474 2149 1515 2180; x_wconf 87' lang='lat' dir='ltr'>ad</span> <span class='ocrx_word' id='word_1_543' title='bbox 1541 2146 1720 2181; x_wconf 87' lang='lat' dir='ltr'>Christum</span> <span class='ocrx_word' id='word_1_544' title='bbox 1746 2145 1965 2192; x_wconf 85' lang='lat' dir='ltr'>pertraham,</span> <span class='ocrx_word' id='word_1_545' title='bbox 2001 2155 2039 2181; x_wconf 90' lang='lat' dir='ltr'>ut</span> <span class='ocrx_word' id='word_1_546' title='bbox 2067 2159 2250 2192; x_wconf 78' lang='lat' dir='ltr'>provocem</span> <span class='ocrx_word' id='word_1_547' title='bbox 2272 2153 2306 2179; x_wconf 88' lang='lat' dir='ltr'>et</span> 
     </span>
     <span class='ocr_line' id='line_1_92' title="bbox 1329 2197 2307 2242; baseline -0.004 -11"><span class='ocrx_word' id='word_1_548' title='bbox 1329 2209 1406 2231; x_wconf 70' lang='lat' dir='ltr'>mco</span> <span class='ocrx_word' id='word_1_549' title='bbox 1424 2204 1455 2230; x_wconf 93' lang='lat' dir='ltr'>et</span> <span class='ocrx_word' id='word_1_550' title='bbox 1473 2199 1630 2242; x_wconf 85' lang='lat' dir='ltr'>gentium</span> <span class='ocrx_word' id='word_1_551' title='bbox 1655 2199 1812 2242; x_wconf 83' lang='lat' dir='ltr'>exemplo</span> <span class='ocrx_word' id='word_1_552' title='bbox 1829 2198 1987 2233; x_wconf 52' lang='lat' dir='ltr'>Iudaeos</span> <span class='ocrx_word' id='word_1_553' title='bbox 2039 2197 2127 2231; x_wconf 77' lang='lat' dir='ltr'>Nam</span> <span class='ocrx_word' id='word_1_554' title='bbox 2151 2210 2228 2230; x_wconf 92' lang='lat' dir='ltr'>cum</span> <span class='ocrx_word' id='word_1_555' title='bbox 2254 2197 2307 2228; x_wconf 86' lang='lat' dir='ltr'>vi-</span> 
     </span>
     <span class='ocr_line' id='line_1_93' title="bbox 1330 2247 2308 2293; baseline -0.002 -12"><span class='ocrx_word' id='word_1_556' title='bbox 1330 2249 1460 2282; x_wconf 77' lang='lat' dir='ltr'>debant</span> <span class='ocrx_word' id='word_1_557' title='bbox 1497 2249 1615 2283; x_wconf 84' lang='lat' dir='ltr'>ludaei</span> <span class='ocrx_word' id='word_1_558' title='bbox 1644 2248 1876 2293; x_wconf 86' lang='lat' dir='ltr'>Evangelium</span> <span class='ocrx_word' id='word_1_559' title='bbox 1909 2250 2000 2282; x_wconf 88' lang='lat' dir='ltr'>inter</span> <span class='ocrx_word' id='word_1_560' title='bbox 2038 2255 2156 2291; x_wconf 83' lang='lat' dir='ltr'>gentes</span> <span class='ocrx_word' id='word_1_561' title='bbox 2190 2247 2308 2280; x_wconf 85' lang='lat' dir='ltr'>efficax</span> 
     </span>
     <span class='ocr_line' id='line_1_94' title="bbox 1330 2296 2310 2343; baseline -0.004 -10"><span class='ocrx_word' id='word_1_562' title='bbox 1330 2311 1422 2340; x_wconf 87' lang='lat' dir='ltr'>esse,</span> <span class='ocrx_word' id='word_1_563' title='bbox 1449 2301 1663 2343; x_wconf 87' lang='lat' dir='ltr'>cogebantur</span> <span class='ocrx_word' id='word_1_564' title='bbox 1686 2312 1889 2343; x_wconf 83' lang='lat' dir='ltr'>agnoscere,</span> <span class='ocrx_word' id='word_1_565' title='bbox 1915 2298 2007 2332; x_wconf 88' lang='lat' dir='ltr'>hunc</span> <span class='ocrx_word' id='word_1_566' title='bbox 2031 2310 2102 2332; x_wconf 87' lang='lat' dir='ltr'>esse</span> <span class='ocrx_word' id='word_1_567' title='bbox 2116 2296 2310 2339; x_wconf 85' lang='lat' dir='ltr'>Christum,</span> 
     </span>
     <span class='ocr_line' id='line_1_95' title="bbox 1331 2349 2310 2396; baseline -0.001 -14"><span class='ocrx_word' id='word_1_568' title='bbox 1331 2362 1433 2396; x_wconf 89' lang='lat' dir='ltr'>quem</span> <span class='ocrx_word' id='word_1_569' title='bbox 1457 2350 1617 2395; x_wconf 88' lang='lat' dir='ltr'>Apostoli</span> <span class='ocrx_word' id='word_1_570' title='bbox 1642 2351 1907 2395; x_wconf 85' lang='lat' dir='ltr'>praedicabant,</span> <span class='ocrx_word' id='word_1_571' title='bbox 1941 2350 2142 2394; x_wconf 86' lang='lat' dir='ltr'>praesertim</span> <span class='ocrx_word' id='word_1_572' title='bbox 2165 2361 2244 2382; x_wconf 92' lang='lat' dir='ltr'>cum</span> <span class='ocrx_word' id='word_1_573' title='bbox 2267 2349 2310 2381; x_wconf 88' lang='lat' dir='ltr'>de</span> 
     </span>
     <span class='ocr_line' id='line_1_96' title="bbox 1330 2398 2310 2445; baseline -0.003 -10"><span class='ocrx_word' id='word_1_574' title='bbox 1330 2399 1471 2435; x_wconf 73' lang='lat' dir='ltr'>Christo</span> <span class='ocrx_word' id='word_1_575' title='bbox 1498 2403 1602 2435; x_wconf 88' lang='lat' dir='ltr'>etiam</span> <span class='ocrx_word' id='word_1_576' title='bbox 1627 2408 1784 2435; x_wconf 86' lang='lat' dir='ltr'>extarent</span> <span class='ocrx_word' id='word_1_577' title='bbox 1809 2398 2029 2445; x_wconf 89' lang='lat' dir='ltr'>prophetiae,</span> <span class='ocrx_word' id='word_1_578' title='bbox 2069 2401 2162 2445; x_wconf 87' lang='lat' dir='ltr'>quod</span> <span class='ocrx_word' id='word_1_579' title='bbox 2189 2406 2310 2442; x_wconf 86' lang='lat' dir='ltr'>gentes</span> 
     </span>
     <span class='ocr_line' id='line_1_97' title="bbox 1331 2450 2310 2495; baseline -0.002 -10"><span class='ocrx_word' id='word_1_580' title='bbox 1331 2453 1361 2485; x_wconf 88' lang='lat' dir='ltr'>ei</span> <span class='ocrx_word' id='word_1_581' title='bbox 1395 2450 1608 2485; x_wconf 82' lang='lat' dir='ltr'>adhaesurae</span> <span class='ocrx_word' id='word_1_582' title='bbox 1639 2459 1761 2485; x_wconf 87' lang='lat' dir='ltr'>essent.</span> <span class='ocrx_word' id='word_1_583' title='bbox 1840 2450 1886 2484; x_wconf 90' lang='lat' dir='ltr'>Et</span> <span class='ocrx_word' id='word_1_584' title='bbox 1917 2452 2042 2495; x_wconf 83' lang='lat' dir='ltr'>repetit</span> <span class='ocrx_word' id='word_1_585' title='bbox 2075 2451 2310 2494; x_wconf 84' lang='lat' dir='ltr'>inversionem</span> 
     </span>
     <span class='ocr_line' id='line_1_98' title="bbox 1334 2502 2309 2545; baseline -0.001 -10"><span class='ocrx_word' id='word_1_586' title='bbox 1334 2514 1438 2545; x_wconf 88' lang='lat' dir='ltr'>supra</span> <span class='ocrx_word' id='word_1_587' title='bbox 1456 2504 1641 2538; x_wconf 84' lang='lat' dir='ltr'>incoatam.</span> <span class='ocrx_word' id='word_1_588' title='bbox 1694 2503 1732 2536; x_wconf 77' lang='lat' dir='ltr'>Si</span> <span class='ocrx_word' id='word_1_589' title='bbox 1758 2502 1905 2535; x_wconf 85' lang='lat' dir='ltr'>abiectio</span> <span class='ocrx_word' id='word_1_590' title='bbox 1930 2513 2050 2535; x_wconf 87' lang='lat' dir='ltr'>eorum</span> <span class='ocrx_word' id='word_1_591' title='bbox 2077 2509 2162 2535; x_wconf 87' lang='lat' dir='ltr'>esset</span> <span class='ocrx_word' id='word_1_592' title='bbox 2186 2512 2309 2534; x_wconf 89' lang='lat' dir='ltr'>recon-</span> 
     </span>
     <span class='ocr_line' id='line_1_99' title="bbox 1333 2551 2310 2596; baseline -0.004 -10"><span class='ocrx_word' id='word_1_593' title='bbox 1333 2554 1464 2587; x_wconf 86' lang='lat' dir='ltr'>ciliatio</span> <span class='ocrx_word' id='word_1_594' title='bbox 1495 2555 1639 2591; x_wconf 88' lang='lat' dir='ltr'>mnndi,</span> <span class='ocrx_word' id='word_1_595' title='bbox 1673 2554 1708 2586; x_wconf 86' lang='lat' dir='ltr'>id</span> <span class='ocrx_word' id='word_1_596' title='bbox 1743 2553 1888 2596; x_wconf 89' lang='lat' dir='ltr'>perinde</span> <span class='ocrx_word' id='word_1_597' title='bbox 1911 2560 2015 2593; x_wconf 87' lang='lat' dir='ltr'>esset,</span> <span class='ocrx_word' id='word_1_598' title='bbox 2054 2565 2092 2586; x_wconf 86' lang='lat' dir='ltr'>ac</span> <span class='ocrx_word' id='word_1_599' title='bbox 2117 2553 2144 2585; x_wconf 91' lang='lat' dir='ltr'>si</span> <span class='ocrx_word' id='word_1_600' title='bbox 2170 2551 2240 2585; x_wconf 84' lang='lat' dir='ltr'>vita</span> <span class='ocrx_word' id='word_1_601' title='bbox 2270 2562 2310 2583; x_wconf 82' lang='lat' dir='ltr'>ex</span> 
     </span>
     <span class='ocr_line' id='line_1_100' title="bbox 1332 2602 2312 2649; baseline -0.004 -12"><span class='ocrx_word' id='word_1_602' title='bbox 1332 2611 1444 2637; x_wconf 87' lang='lat' dir='ltr'>morte</span> <span class='ocrx_word' id='word_1_603' title='bbox 1467 2606 1673 2639; x_wconf 80' lang='lat' dir='ltr'>sumeretur.</span> <span class='ocrx_word' id='word_1_604' title='bbox 1732 2603 1821 2636; x_wconf 82' lang='lat' dir='ltr'>Nam</span> <span class='ocrx_word' id='word_1_605' title='bbox 1844 2603 2041 2649; x_wconf 69' lang='grc' dir='ltr'><em>εἰρωνικῶς</em></span> <span class='ocrx_word' id='word_1_606' title='bbox 2063 2602 2312 2637; x_wconf 83' lang='lat' dir='ltr'>absurditatem</span> 
     </span>
     <span class='ocr_line' id='line_1_101' title="bbox 1335 2653 2313 2700; baseline -0.004 -12"><span class='ocrx_word' id='word_1_607' title='bbox 1335 2655 1410 2688; x_wconf 88' lang='lat' dir='ltr'>vult</span> <span class='ocrx_word' id='word_1_608' title='bbox 1427 2656 1632 2700; x_wconf 82' lang='lat' dir='ltr'>significare,</span> <span class='ocrx_word' id='word_1_609' title='bbox 1661 2654 1760 2700; x_wconf 87' lang='lat' dir='ltr'>quasi</span> <span class='ocrx_word' id='word_1_610' title='bbox 1778 2654 1886 2695; x_wconf 83' lang='lat' dir='ltr'>dicat,</span> <span class='ocrx_word' id='word_1_611' title='bbox 1913 2653 2118 2689; x_wconf 84' lang='lat' dir='ltr'>Absurdum</span> <span class='ocrx_word' id='word_1_612' title='bbox 2134 2658 2221 2687; x_wconf 81' lang='lat' dir='ltr'>esset</span> <span class='ocrx_word' id='word_1_613' title='bbox 2234 2662 2313 2685; x_wconf 84' lang='lat' dir='ltr'>sen-</span> 
     </span>
    </p>
   </div>
   <div class='ocr_carea' id='block_1_28' title="bbox 1313 1085 2333 1129">
    <p class='ocr_par' dir='ltr' id='par_1_34' title="bbox 1313 1085 2333 1129">
     <span class='ocr_line' id='line_1_102' title="bbox 1313 1085 2333 1129; baseline -0.001 -9"><span class='ocrx_word' id='word_1_614' title='bbox 1313 1099 1409 1126; x_wconf 87' lang='lat' dir='ltr'>care,</span> <span class='ocrx_word' id='word_1_615' title='bbox 1452 1086 1481 1118; x_wconf 89' lang='lat' dir='ltr'>si</span> <span class='ocrx_word' id='word_1_616' title='bbox 1514 1092 1608 1119; x_wconf 89' lang='lat' dir='ltr'>totus</span> <span class='ocrx_word' id='word_1_617' title='bbox 1638 1087 1790 1129; x_wconf 85' lang='lat' dir='ltr'>populus</span> <span class='ocrx_word' id='word_1_618' title='bbox 1821 1088 1974 1121; x_wconf 87' lang='lat' dir='ltr'>abiectus</span> <span class='ocrx_word' id='word_1_619' title='bbox 2006 1087 2126 1120; x_wconf 85' lang='lat' dir='ltr'>esset?</span> <span class='ocrx_word' id='word_1_620' title='bbox 2170 1085 2222 1120; x_wconf 80' lang='lat' dir='ltr'>lta</span> <span class='ocrx_word' id='word_1_621' title='bbox 2254 1098 2294 1119; x_wconf 80' lang='lat' dir='ltr'>ex</span> <span class='ocrx_word' id='word_1_622' title='bbox 2330 1120 2333 1122; x_wconf 81' lang='grc'><strong>,</strong></span> 
     </span>
    </p>
   </div>
  </div>
 </body>
</html>
