2415 2942
97 104 196 141 1161
251 103 351 140 ΧΙΙΙ.
397 103 434 140 4.
462 98 799 140 COMMENT‘AR.
826 100 878 137 IN
903 98 1056 137 EPIST.
1084 95 1231 136 PAULI
1258 94 1325 134 AD
1351 94 1674 140 CORINTHIOS.
1726 99 1832 142 CAP6
1858 101 1957 142 XIV.

1291 199 1312 233 <²

100 191 168 224 fide
185 197 218 224 et
233 190 473 224 consolatione
491 190 528 223 in
546 190 637 223 veris
654 189 845 234 pavoribus
863 189 1083 233 loquebatur,

100 242 139 274 in
161 241 288 286 quibus
314 243 418 274 corda
441 253 475 274 se
499 247 695 275 sustentant
718 240 952 283 imputatione
982 239 1083 272 iusti-

101 293 172 325 ciae
195 291 258 324 filii
283 292 360 326 Dei.
421 291 644 334 Exaggerans
669 303 750 323 vero
777 290 857 323 illos
884 287 1084 323 enthusias-

101 354 196 383 mos,
223 343 431 376 extenuabat
448 354 548 375 usum
567 342 874 376 Sacramentorum
887 367 896 381 ‚
922 348 955 375 et
973 339 1083 373 tradi-

99 393 214 426 tiones
244 391 416 427 humanas
444 404 588 437 prorsus
619 392 815 431 reiiciebat,
860 403 922 424 nec
956 401 1084 435 paucos

99 444 287 477 admiratio
311 443 656 477 rerum‘sublimium
680 449 713 476 et
737 442 936 484 ignotarum
964 453 1082 474 move-

100 495 177 535 bat,
216 500 256 529 ut
279 495 353 528 eius
381 494 570 528 sententias
593 493 905 536 amplecterentur,
933 503 1082 537 quorum

99 545 230 578 multos
263 545 448 578 nominare
480 555 668 589 possemus.
731 542 815 577 Fuit
844 550 960 576 autem
992 543 1085 575 inter

97 597 305 640 praecipuos
330 598 405 629 eius
427 596 656 629 admiratores
676 591 833 627 Thomas
851 593 1083 631 Monetarius,

99 647 159 689 qui
182 653 300 690 postea
326 646 510 680 seditionis
543 647 578 678 in
605 643 805 687 Thuringia
830 651 932 678 autor
956 651 988 677 et
1013 644 1082 676 dux

97 698 179 737 suit,
205 710 272 742 qua
294 698 466 730 seditione
486 707 650 740 oppressa
671 694 891 729 Monetarius
909 694 1082 738 supplicio

98 747 242 781 affectus
259 755 326 788 est,
358 749 393 780 iu
411 760 481 792 quo
499 747 600 779 valde
618 746 728 779 fracto
746 746 864 778 animo
879 746 985 779 fuisse
1002 756 1081 777 eum

99 806 258 833 narrant.
310 798 382 831 Nec
407 798 517 831 multo
537 803 614 840 post
638 797 712 829 eius
729 796 898 840 Magister
916 795 1081 830 Nicolaus

98 848 205 882 Stork
227 849 395 891 fugitivus
420 849 456 880 in
485 845 717 880 Xenodochio
743 845 994 887 Blonachensss
1043 846 1080 878 in

99 898 246 931 Bavaria
274 906 433 931 mortuns
459 905 519 932 est.
576 897 625 931 Ita
652 905 798 931 eventus
825 898 990 932 refutavit
1014 895 1079 930 ho-

97 961 174 982 rum
201 949 347 983 furores.
401 949 468 982 Sed
507 949 619 982 multo
655 956 735 981 ante
768 947 946 982 Lutberus
980 949 1077 980 illam

95 999 205 1043 ipsam
230 1000 417 1032 factionem
441 1012 557 1032 coram
586 1007 618 1032 et
644 1000 795 1043 publicis
822 1000 960 1043 scriptis
978 1000 1077 1031 dam-

94 1057 250 1085 naverat.
304 1050 408 1083 Tales
435 1051 637 1094 praestigiae
671 1051 805 1083 diaboli
829 1062 901 1083 non
929 1049 1077 1083 iudicari

94 1108 242 1144 possunt
256 1101 331 1134 sine
356 1101 523 1144 singulari
551 1102 644 1133 dono
663 1100 739 1133 Dei.
794 1100 914 1143 Quare
940 1108 972 1134 et
995 1100 1077 1134 talia

94 1151 224 1185 iudicia
243 1152 387 1185 nomine
409 1152 634 1185 revelationis
651 1150 707 1185 hic
725 1152 1005 1196 complectimur.

234 1272 357 1319 ‘'Ofluwg
380 1272 426 1308 τὰ
446 1274 574 1321 ἄψυχα
599 1273 730 1321 φωνὴν
755 1272 922 1310 διδόντα.

193 1386 320 1420 Multis
348 1386 642 1418 similitudinibus
679 1386 851 1422 ostendit,
897 1397 967 1418 non
996 1397 1077 1428 pro-

92 1439 189 1472 desse
214 1439 250 1470 in
279 1445 380 1470 coetu
416 1437 608 1481 peregrinis
634 1437 763 1479 linguis
789 1437 934 1468 recitare
959 1448 1076 1479 preces

92 1497 151 1523 aut
176 1489 342 1522 lectiones
366 1488 440 1521 siue
467 1488 701 1522 enarratione.
754 1486 801 1521 Ut
823 1484 911 1519 nibil
933 1488 1074 1531 prodest

91 1541 175 1574 tuba
192 1540 294 1572 edere
312 1550 417 1572 sonos
443 1550 515 1571 non
535 1538 731 1572 intellectos
750 1539 936 1573 militibus.

195 1654 274 1688 Non
300 1662 381 1688 sunt
405 1655 573 1687 obscurae
597 1651 662 1687 hae
686 1654 957 1694 similitudines,
993 1654 1072 1687 ideo

92 1719 164 1740 non
189 1707 280 1739 addo
307 1705 591 1740 declarationem.
645 1704 712 1738 Sed
745 1706 853 1737 lector
879 1706 1070 1737 admonen-

92 1760 157 1791 dus
175 1764 243 1797 est,
270 1763 309 1790 ut
334 1755 423 1789 hanc
448 1756 656 1788 seutentiam
683 1768 784 1802 saepe
807 1756 989 1798 repetitam
1016 1756 1071 1788 in-

90 1809 169 1851 figat
187 1807 334 1851 pectori:
362 1806 590 1848 lMagnifacite
607 1808 718 1845 dona,
744 1814 781 1839 ut
800 1808 839 1838 ad
859 1806 1071 1839 aedificatio-

90 1872 171 1892 nem
195 1856 372 1891 Ecclesiae
394 1856 467 1890 sitis
492 1857 737 1900 locupletiores
764 1864 795 1890 et
818 1857 1071 1892 instructioreS.

90 1909 195 1943 Item:
224 1907 358 1942 Omnia
383 1909 426 1941 ad
455 1908 732 1941 aedificationem
764 1906 940 1940 Ecclesiae
975 1908 1070 1943 fiant.

89 1960 166 1994 Hoc
184 1966 404 2004 praeceptum
424 1959 459 1991 in
473 1959 630 1991 docendo
649 1971 847 2003 sequamur,
865 1971 937 1991 non
953 1966 1071 1991 osten-

89 2019 202 2046 temus
221 2011 359 2052 ingenia
379 2010 571 2042 subtilitate
593 2010 873 2052 disputationum
898 2010 939 2042 de
967 2011 1070 2043 rebus

90 2075 162 2095 non
189 2060 402 2094 nvcessariis.
453 2060 534 2093 Non
552 2068 728 2103 captemus
749 2061 888 2103 plausus
906 2067 936 2093 et
956 2061 1069 2093 studia

90 2113 289 2158 principum
314 2119 373 2144 aut
396 2111 654 2149 multitudinis,
684 2111 898 2144 blandientis
915 2118 971 2143 aut
992 2124 1068 2153 per-

90 2163 198 2196 versis
223 2175 343 2195 eorum
370 2162 531 2199 iudiciis,
577 2169 635 2195 aut
662 2162 779 2205 pravis
808 2162 1071 2205 cupiditatibus,

89 2216 145 2248 sed
164 2220 330 2256 regantur
347 2219 480 2245 mentes
498 2219 529 2245 et
547 2212 659 2244 oratio
683 2210 746 2245 bac
772 2213 906 2255 regula:
937 2210 1067 2245 Omnia

46 2303 49 2306 ἱ
88 2266 170 2298 fiant
190 2266 231 2297 ad
251 2263 527 2296 aedificationem
542 2290 550 2302 ‚
567 2263 601 2295 id
623 2269 690 2302 est,
718 2263 892 2305 eligantur
907 2264 1069 2296 materiae

89 2315 320 2355 necessariae,
347 2321 439 2346 recte
457 2321 666 2346 enarrentur
687 2314 825 2346 articuli
851 2314 949 2351 fidei,
978 2321 1070 2347 recte

87 2372 306 2410 proponatur
330 2365 503 2407 integrum
524 2365 704 2397 doctrinae
722 2376 858 2408 corpus.
912 2364 957 2398 Et
975 2371 1069 2408 post-

87 2429 192 2462 quam
215 2416 375 2449 doctrina
400 2416 542 2449 recitata
569 2423 636 2453 est,
669 2427 805 2458 semper
828 2416 869 2448 ad
898 2413 962 2448 hos
985 2416 1070 2448 fines

87 2469 259 2501 referatur
282 2467 422 2506 concio,
450 2467 541 2499 utin
566 2466 789 2499 auditoribus
813 2466 1069 2499 excitenturti-

86 2531 164 2551 nior
180 2517 264 2557 Dei,
291 2529 329 2550 ac
357 2517 484 2550 deinde
510 2518 612 2557 fides,
646 2517 782 2559 erigens
808 2517 1067 2560 perterrefactas

87 2576 222 2601 mentes
247 2574 279 2601 et
304 2571 496 2601 accendens
521 2569 778 2601 invocationem
815 2575 846 2600 et
875 2568 1066 2610 gratiarum

86 2620 270 2653 actionem.
325 2617 399 2651 Has
432 2626 540 2652 metas
574 2619 613 2651 in
649 2618 894 2652 concionando
932 2630 1068 2663 semper

83 2669 294 2704 intueamur.

2022 105 2119 142 1162

1131 183 1216 220 Ἐὰν
1237 198 1287 234 γα
1337 182 1584 233 προςεύχομαι
1607 184 1778 234 γλώσσῃ,
1814 187 1857 225 ’τὸ
1881 193 2028 237 πνεῦμα
2051 204 2126 236 μου

1504 235 1751 285 προςεύχεται.

1240 293 1490 331 Commoratur
1523 298 1561 330 in
1598 298 1759 332 instituta
1796 300 1995 337 collatione.
2048 299 2125 335 Etsi

1138 345 1235 389 pium
1265 358 1353 390 opus
1379 354 1447 386 est,
1498 349 1736 392 precationem
1770 350 1884 384 dicere
1915 364 2125 397 quacunque

1139 396 1276 439 lingua,
1313 404 1430 430 tamen
1459 399 1603 432 utilitati
1627 398 1804 434 Ecclesiae
1830 401 1934 435 etiam
1967 403 2124 436 servien-

1137 448 1223 479 dum
1249 453 1318 487 est,
1360 455 1392 481 et
1427 449 1587 482 addenda
1627 451 1817 486 enarratio.
1878 451 1967 485 Cum
2002 454 2123 496 lingua

1138 497 1318 540 peregrina
1338 498 1447 532 recito
1466 500 1720 542 precationem,
1756 502 1900 546 spiritus
1921 515 2017 536 meus
2033 511 2121 545 orat,

1136 548 1171 580 id
1189 555 1255 588 est,
1293 548 1437 582 affectus
1453 551 1548 583 dono
1567 551 1741 594 spirituali
1760 565 1934 587 accensus.
1984 554 2122 600 Loqui·

1136 605 1193 631 tur
1211 598 1303 631 enim
1324 611 1394 632 non
1414 600 1456 632 de
1474 601 1648 634 simulatis
1665 601 1876 636 lectionibus
1894 611 1953 638 aut
1975 605 2122 638 cantile-

1136 649 1208 690 nis,
1249 650 1369 694 quales
1395 663 1489 683 nuuc
1515 659 1642 685 sonant
1674 653 1886 686 conducticii
1918 652 2122 699 hypocritae

1135 700 1170 732 in
1189 700 1347 744 templis,
1374 702 1431 734 sed
1457 703 1498 734 de
1517 702 1604 735 seria
1626 703 1825 746 precatione
1847 705 1997 747 piorum.
2052 706 2122 739 Sed

1134 762 1231 783 mens
1250 762 1324 783 mea
1343 751 1420 784 sine
1437 753 1554 785 fructu
1575 760 1645 790 est,
1674 754 1707 785 id
1729 760 1798 792 est,
1826 767 1944 796 mens,
1969 768 2057 800 quae
2082 757 2120 789 in

1134 798 1198 834 hac
1233 801 1290 844 pia
1320 803 1551 835 meditatione
1576 804 1742 846 cogitavit
1770 805 1882 838 bonas
1914 807 2121 847 sententias,

1132 863 1280 896 quarum
1301 853 1454 896 cognitio
1474 854 1655 897 prodesset
1671 854 1768 896 aliis,
1794 868 1866 888 non
1885 856 2042 900 impertit
2065 869 2121 891 eas

1132 903 1257 937 coetui.

1234 952 1355 997 Inquit
1380 953 1488 996 igitur
1515 966 1550 987 se
1580 961 1614 988 et
1637 955 1765 999 spiritu
1792 957 2029 1002 precationem
2056 970 2118 993 seu

1132 1003 1310 1036 psalmum
1336 1005 1562 1038 recitaturum
1588 1017 1680 1047 esse,
1708 1015 1740 1040 et
1767 1016 1903 1047 mente,
1932 1009 1968 1042 id
1989 1016 2058 1050 est,
2083 1021 2118 1042 se

1130 1054 1159 1087 si
1185 1055 1232 1087 ita
1256 1054 1300 1087 sit
1326 1055 1481 1095 occasio,
1511 1057 1617 1089 variis
1640 1057 1771 1101 linguis
1796 1060 2032 1103 precationem
2057 1072 2118 1093 seu

1133 1103 1306 1151 hymnum
1329 1106 1607 1148 compositurum
1634 1120 1725 1147 esse,
1758 1111 1817 1142 sed
1836 1117 1954 1143 tamen
1974 1111 2119 1144 additu-

1130 1168 1209 1189 rum
1230 1156 1490 1190 enarrationem
1509 1158 1632 1191 utilem
1655 1159 1794 1204 reliquo
1819 1162 1944 1195 coetui.

1232 1213 1390 1248 Illustrat
1421 1223 1687 1258 argumentum,
1729 1220 1824 1263 quod
1859 1220 2032 1260 instituit,
2073 1221 2118 1254 ab

1131 1265 1262 1298 inutili.
1317 1267 1356 1299 Si
1385 1267 1562 1310 publicam
1596 1269 1835 1312 precationem
1867 1271 1962 1304 dicas
1994 1272 2116 1313 lingua

1130 1316 1333 1359 peregrina,
1382 1318 1562 1360 quomodo
1595 1326 1741 1361 possunt
1764 1321 1943 1355 auditores
1980 1322 2016 1354 in
2047 1322 2118 1355 fine

1130 1366 1293 1398 usitatam
1331 1366 1523 1399 clausulam
1562 1370 1711 1406 addere,
1750 1383 1819 1415 qua
1858 1372 2039 1415 signifians
2082 1385 2117 1406 se

1103 1437 1105 1445 ι
1130 1417 1250 1448 eadem
1277 1423 1412 1460 petere,
1450 1424 1483 1450 et
1509 1420 1697 1453 coniuncta
1724 1432 1795 1454 esse
1823 1429 1902 1456 vota
1927 1424 2113 1457 universae

1129 1465 1320 1507 Ecclesiae,
1363 1468 1543 1509 videlicet,
1586 1482 1665 1502 cuin
1701 1471 1831 1505 dicitur
1856 1474 1985 1507 usitato
2017 1486 2115 1508 more

1129 1516 1264 1557 Amen,
1307 1529 1374 1562 qua
1400 1530 1484 1550 voce
1513 1525 1545 1552 et
1575 1519 1693 1565 Moysi
1720 1529 1876 1566 tempore
1908 1522 1975 1557 hoc
2007 1526 2114 1559 modo

1128 1579 1225 1600 usam
1253 1579 1324 1600 esse
1354 1565 1567 1610 Ecclesiam,
1614 1582 1692 1603 cum
1716 1574 1869 1617 populus
1895 1577 2115 1619 respondeus

1128 1618 1322 1651 testabatur
1341 1630 1378 1651 se
1401 1620 1520 1652 eadem
1539 1627 1672 1663 petere,
1705 1632 1849 1667 apparet
1869 1637 1908 1658 ex
1926 1626 2037 1670 capite
2053 1626 2113 1661 27.

1126 1667 1291 1703 Deutero.
1305 1695 1312 1709 ,
1343 1670 1403 1702 ubi
1421 1681 1521 1713 saepe
1540 1672 1684 1716 repetita
1703 1682 1785 1708 sunt
1810 1673 1896 1709 haec
1914 1678 2040 1710 verba:
2069 1676 2113 1712 Et

1126 1719 1218 1752 dicat
1241 1719 1357 1752 omnis
1379 1721 1550 1764 populuS,
1575 1724 1705 1758 Amen.
1760 1724 1799 1758 Id
1828 1725 1985 1760 Graecus
2008 1728 2114 1762 vertit

1123 1767 1184 1803 καὶ
1213 1768 1336 1815 ἐροῦσι
1364 1773 1435 1810 πᾶς
1457 1769 1475 1805 ὁ
1504 1770 1612 1811 λαὸς-ε
1644 1773 1800 1822 γένοιτο.
1862 1776 2113 1814 Grammaticis

1123 1821 1217 1853 enim
1246 1828 1314 1862 est,
1342 1821 1493 1863 Verum,
1528 1823 1563 1856 id
1585 1831 1653 1866 est,
1687 1833 1803 1860 ratum
1828 1835 1859 1862 et
1886 1829 2028 1863 firmum
2051 1829 2109 1870 sit,

1123 1872 1260 1905 eveniat
1273 1873 1370 1917 ‘quod
1387 1873 1548 1917 petimus,
1562 1887 1626 1908 nec
1641 1876 1878 1912 existimamus
1891 1876 1976 1912 haec
1990 1886 2111 1914 nostra

1122 1929 1202 1955 vota
1223 1922 1328 1956 inane
1350 1936 1513 1958 murmur
1531 1937 1622 1964 esse,
1649 1934 1689 1960 ut
1708 1925 1854 1962 Ethnici
1871 1930 2110 1964 vociferantur

1121 1973 1263 2017 quidem
1290 1975 1331 2006 ad
1360 1974 1491 2013 Deum,
1541 1977 1599 2009 sed
1625 1978 1788 2012 dubitant
1814 1980 1899 2024 quid
1928 1981 2110 2016 invocent:

1122 2024 1204 2056 item
1220 2036 1263 2056 an
1282 2025 1354 2057 ulla
1373 2025 1521 2059 numina
1538 2027 1726 2071 respiciant
1744 2027 1922 2072 homines,
1951 2044 1994 2065 an
2014 2033 2111 2077 ipso-

1120 2087 1197 2106 rum
1226 2075 1375 2117 gemitus
1399 2082 1430 2109 et
1456 2076 1618 2111 lacrimas
1643 2080 1789 2114 audiant
1816 2088 1847 2115 et
1874 2091 2009 2117 curent.
2067 2082 2108 2115 In

1121 2122 1174 2157 his
1193 2126 1476 2160 dubitationibus
1494 2140 1613 2161 eorum
1635 2129 1804 2165 clamores
1822 2133 1912 2166 irriti
1932 2134 2107 2176 dissipan-

1119 2182 1177 2209 tur
1193 2176 1229 2209 in
1253 2188 1371 2217 θυι-35,
1400 2184 1429 2210 et
1450 2190 1593 2222 prorsus
1613 2188 1713 2219 sunt,
1742 2190 1780 2215 ut
1799 2182 1930 2217 Seneca
1947 2185 2080 2229 inquit:

1287 2225 1440 2255 Rumorcs
1462 2227 1567 2264 vacui,
1590 2230 1740 2269 verbaque
1764 2230 1875 2269 inania,

1290 2267 1327 2296 Et
1351 2278 1406 2306 par
1429 2269 1545 2299 solicito
1568 2271 1674 2301 sabula
1696 2274 1823 2304 somnio.

1221 2309 1313 2345 Huic
1340 2311 1499 2347 ethnicae
1520 2316 1683 2356 opinioni
1701 2319 1860 2362 opposita
1883 2325 1932 2352 est
1965 2320 2103 2354 confes-

1120 2362 1173 2394 sio
1192 2359 1387 2404 Ecclesiae,
1421 2377 1500 2398 cum
1525 2366 1572 2399 ait
1595 2366 1725 2402 Amen.
1778 2368 1869 2411 Quia
1895 2375 1944 2403 est
1966 2382 2104 2404 asseve-

1119 2413 1220 2451 ratio,
1250 2414 1348 2458 qnasi
1365 2415 1476 2449 dicat:
1505 2416 1595 2449 Vera
1611 2424 1643 2450 et
1662 2425 1735 2451 rata
1754 2420 1824 2454 sint
1842 2417 1925 2452 baec
1943 2428 2021 2454 vota
2035 2448 2042 2461 ‚
2070 2429 2102 2455 et

1119 2475 1193 2496 esse
1217 2471 1288 2497 rata
1314 2466 1501 2499 credimus.
1562 2467 1702 2501 Scimus
1724 2481 1803 2502 eum
1830 2470 1920 2503 velle
1946 2468 2009 2505 hac
2035 2473 2104 2505 fide

1119 2515 1185 2548 coli
1213 2522 1245 2549 et
1272 2515 1450 2556 invocari,
1479 2529 1546 2561 qua
1571 2519 1745 2552 credimus
1766 2527 1913 2565 propter
1930 2523 2102 2555 mediato-

1119 2578 1191 2598 rem
1215 2578 1294 2598 vere
1320 2574 1461 2600 nostros
1477 2569 1625 2609 gemitus
1646 2570 1790 2612 respici,
1819 2580 1849 2604 et
1867 2579 2002 2604 nostras
2022 2585 2101 2615 pre-

1118 2629 1172 2649 ces
1195 2617 1370 2657 exaudiri,
1403 2625 1434 2651 et
1459 2625 1553 2652 certo
1581 2619 1773 2664 impetrare
1795 2623 1849 2656 vel
1874 2623 2102 2656 liberationes

1120 2668 1174 2702 vel
1201 2668 1449 2710 mitigationes.
