2415 2942
265 110 360 147 1075

262 191 494 231 consideratio
513 190 555 223 ad
581 187 826 231 intelligendas
846 186 1034 219 conciones
1053 185 1244 229 Apostolo-

264 259 367 283 rum,
407 244 466 275 sed
493 241 596 274 etiam
629 239 712 285 quia
744 238 817 271 eius
842 237 1011 280 temporis
1043 236 1245 269 manifestae

265 293 502 338 turpitudines
524 290 633 333 magis
658 290 866 327 ostendunt,
895 293 1024 331 quanta
1045 287 1088 319 sit
1107 286 1244 319 miseria

266 345 401 389 generis
425 341 589 380 bomani,
631 351 735 384 quam
769 338 961 383 praesentis
996 338 1117 370 aetatis
1153 337 1248 375 vitia,

267 407 354 441 quae
372 394 506 427 etiamsi
526 398 606 424 sunt
630 390 738 424 multa
763 397 796 423 et
820 400 963 431 magua,
997 395 1112 421 tamen
1140 387 1249 429 magis

269 452 445 489 teguntur.
496 441 648 476 Collatio
666 448 783 475 tamen
808 445 840 473 et
859 450 923 473 nos
948 440 991 472 de
1009 439 1137 472 nostris
1156 438 1250 470 vitiis

269 493 544 530 commonefacit.

371 545 517 587 Semper
543 553 667 585 magua
699 552 778 585 pars
810 538 995 573 bominum
1029 551 1171 583 prorsus
1202 544 1251 571 est

271 594 383 631 atliea.
437 594 505 628 Sed
531 601 614 627 tunc
639 592 741 625 multi
768 591 882 634 palam
913 592 1086 623 docebant
1118 589 1251 622 nullam

274 660 342 681 esse
367 644 635 690 providentiam.
688 642 840 685 Reliqua
858 642 1047 674 multitudo
1070 638 1252 672 horribili-

275 707 325 732 ter
360 697 495 730 colebat
526 694 642 734 idola,
685 700 717 726 et
747 692 807 726 alii
834 692 901 725 alia
933 691 1091 736 quotidie
1117 689 1253 733 excogi-

273 750 405 783 tabant.

376 797 512 831 Deinde
537 801 657 828 contra
683 793 870 826 secundam
896 790 1072 825 Tabulam
1102 803 1175 823 non
1200 801 1255 823 so-

277 852 349 883 lum
368 849 531 886 usitatae,
559 845 617 878 sed
642 843 745 877 etiam
764 854 946 875 concessae
966 849 1065 876 erant
1083 853 1188 884 vagae
1213 841 1256 873 li-

277 901 415 934 bidines
444 896 669 939 multiplices-
722 893 940 926 Concubitus
963 905 1024 926 seu
1050 892 1166 925 mariti
1197 903 1256 924 seu

279 949 423 984 coelibis
440 959 517 981 cum
536 959 591 986 ea,
620 957 707 989 quae
730 956 855 988 corpus
880 944 1127 987 prostituerat,
1157 954 1256 986 pror-

280 1013 336 1035 sus
360 1012 432 1033 non
465 995 798 1041 reprehendebatur.
862 993 936 1027 lino
969 995 1006 1026 in
1037 993 1162 1027 Plaudi
1190 992 1257 1026 Co-

280 1050 426 1085 moediis
459 1056 572 1092 patres
597 1054 629 1079 et
658 1047 720 1078 filii
754 1046 890 1078 easdem
926 1051 1054 1077 amant.
1108 1043 1257 1076 Plurimi

280 1103 394 1147 palam
422 1101 565 1142 impune.
591 1097 692 1130 etiam
720 1108 801 1128 sexu
829 1096 1082 1134 abutebantur,
1124 1095 1166 1127 de
1191 1106 1257 1138 qua

280 1151 500 1196 turpitudine
524 1147 658 1181 etiamsi
685 1153 836 1179 vetustas
860 1144 1029 1178 habuerat
1053 1156 1187 1178 severas
1210 1144 1260 1177 le-

282 1215 359 1246 ges,
387 1209 501 1235 tamen
528 1199 607 1232 illae
634 1198 701 1230 iam
729 1197 764 1229 in
788 1195 956 1241 Graecia,
985 1194 1070 1229 Asia
1093 1202 1126 1229 et
1148 1194 1260 1236 Italia,

282 1253 402 1287 multis
423 1251 548 1285 seculis
577 1249 828 1283 conticuerant.

385 1304 516 1337 Contra
544 1300 706 1344 quintum
731 1304 954 1342 praeceptum
973 1303 1108 1340 recepta
1128 1302 1202 1330 erat
1227 1302 1263 1330 et

284 1355 517 1399 gladiatorum
544 1349 772 1383 consuetudo.

385 1403 516 1438 Contra
559 1400 746 1444 septimum
788 1409 968 1432 concessae
1013 1397 1127 1441 palam
1165 1402 1264 1429 erant

282 1468 420 1491 usurae.

386 1505 454 1539 Sed
474 1503 526 1535 illi
549 1503 685 1535 furores
707 1506 828 1533 contra
854 1499 1006 1542 primum
1032 1503 1265 1540 praeceptum,

286 1564 317 1591 et
342 1562 462 1590 contra
486 1560 637 1592 sextum,
671 1551 782 1583 multo
807 1550 911 1583 latius
935 1549 1182 1591 grassabantur
1198 1574 1207 1588 ‚
1235 1554 1266 1579 et

286 1608 394 1651 magis
420 1605 499 1638 tetri
525 1610 616 1636 sunt.

387 1656 486 1690 Talis
504 1666 581 1687 cum
602 1658 689 1685 esset
706 1651 876 1690 mundus,
903 1656 1018 1683 tamen
1035 1647 1129 1681 Deus
1150 1660 1188 1680 ex
1206 1646 1266 1679 illa

288 1708 486 1752 turpissima
505 1704 654 1737 colluvie
667 1729 676 1743 ,
702 1702 870 1734 immensa
888 1700 1125 1732 misericordia
1145 1697 1263 1732 Eccle-

289 1760 374 1793 siam
399 1759 464 1791 sibi
488 1755 644 1797 collegit,
683 1753 777 1796 quod
795 1751 991 1794 exemplum
1011 1751 1166 1783 continet
1191 1761 1265 1781 am-

290 1810 479 1854 plissimam
511 1804 812 1843 consolationem,
856 1814 960 1846 quam
987 1807 1021 1834 et
1052 1798 1109 1833 hic
1136 1799 1264 1833 Paulus

290 1860 473 1905 proponit,
504 1858 698 1889 admonens
722 1865 786 1886 nos
812 1854 854 1885 de
877 1851 1081 1885 remissione
1107 1856 1263 1894 peccato-

290 1924 389 1950 rum,
425 1921 502 1942 cum
527 1906 590 1939 ait:
642 1904 686 1938 Et
718 1902 802 1936 haec
829 1903 971 1948 quidem
1001 1902 1111 1946 aliqui
1142 1900 1266 1939 fuistis,

292 1963 349 1995 sed
373 1960 483 1993 abluti
508 1958 607 1997 estis,
634 1955 835 1989 sanctificati
862 1954 959 1993 estis,
986 1953 1161 1986 iustificati
1187 1951 1266 1983 estis

292 2014 326 2045 in
350 2011 491 2044 nomine
507 2006 638 2041 Clu-isti
656 2013 686 2039 et
706 2005 841 2048 Spiritu
858 2011 986 2036 sancto.
1041 2002 1140 2046 Quae
1161 2003 1265 2034 verba

290 2063 490 2096 meminisse
517 2059 617 2090 valde
644 2057 802 2100 prodest,
834 2062 866 2088 et
890 2061 1032 2098 propter
1054 2053 1265 2086 consolatio-

291 2127 370 2146 nem
398 2119 430 2145 et
454 2117 594 2154 propter
615 2108 829 2144 doctrinam,
862 2117 928 2150 qua
955 2106 996 2136 de
1021 2104 1266 2138 iustificatione

292 2165 427 2197 erudite
452 2163 664 2204 loquuntur,
706 2157 882 2190 affirmant
912 2167 976 2187 nos
1009 2162 1163 2198 receptos
1195 2165 1266 2187 esse

292 2221 435 2259 propter
451 2210 632 2245 Christum
646 2236 654 2249 ‚
681 2215 713 2241 et
729 2208 877 2240 donatos
892 2205 1028 2252 Spiritu
1048 2213 1179 2239 sancto.

394 2263 529 2297 Deinde
552 2273 630 2293 cum
656 2259 735 2293 talis
766 2257 869 2290 fuerit
903 2269 1039 2288 morum
1069 2255 1267 2299 corruptio,

292 2316 391 2348 sacile
416 2312 562 2346 iudicari
591 2317 718 2354 potest,
762 2320 866 2353 quain
891 2307 1031 2339 difficile
1057 2307 1182 2345 suerit,
1217 2313 1266 2340 tot

292 2367 393 2399 falsas
408 2364 592 2407 opiniones
608 2361 828 2394 confirmatas
844 2359 881 2391 in
898 2355 1070 2398 Etbuicis‚
1088 2370 1126 2390 ex
1144 2369 1264 2390 eorum

291 2417 417 2449 animis
442 2414 597 2446 evellere.
652 2411 702 2444 Ac
726 2410 909 2453 praecipue
938 2409 1154 2441 consuetudo
1186 2419 1263 2440 cum

292 2466 499 2500 mulieribus
525 2462 719 2505 prostitutis
749 2459 982 2504 receptissima
1009 2467 1099 2501 erat,
1137 2458 1265 2491 confir-

290 2525 381 2551 mata
411 2526 483 2548 non
516 2515 626 2546 solum
659 2512 901 2555 temporibus,
956 2516 988 2542 et
1017 2509 1263 2542 communibus

290 2568 447 2602 omnium
480 2564 671 2605 exemplis,
717 2564 776 2596 sed
814 2562 917 2594 etiam
951 2560 1194 2593 sodalitiorum
1229 2565 1260 2591 et

289 2617 532 2652 conviviorum
563 2614 731 2646 suavitate
754 2620 786 2646 et
810 2613 976 2644 ludorum
1002 2618 1034 2644 et
1059 2610 1257 2643 comoedia—

287 2682 362 2704 rum
380 2672 568 2702 venustate.
622 2664 704 2697 Ideo
722 2669 790 2696 tam
808 2663 941 2707 prolixa
960 2661 1080 2696 concio
1098 2659 1154 2694 hic
1173 2673 1256 2694 con-

845 100 972 136 PHlL.
1001 100 1119 135 MEL.
1148 99 1356 136 SCRlPTA
1382 99 1682 138 EXEGETICA.

2185 101 2283 137 1076

1301 193 1352 219 tra
1372 187 1619 220 scortationem
1639 186 1846 219 instituitur.
1893 185 1939 221 Et
1956 199 2000 221 ne
2015 188 2060 222 sit
2078 187 2286 229 ambiguitas

1301 237 1336 268 in
1357 238 1546 277 vocabulo,
1574 237 1702 269 diserte
1721 237 1807 270 dicit
1827 249 1861 270 se
1879 237 2078 281 improbare
2098 245 2287 271 consuetu-

1301 287 1419 319 dinem
1444 299 1522 320 cum
1547 288 1695 320 muliere
1720 288 1924 331 prostituta,
1952 300 2024 321 non
2049 295 2184 322 tantum
2203 287 2286 321 alias

1302 338 1468 371 libidines
1486 338 1672 381 turpiores.

1404 395 1562 430 Primum
1588 403 1702 429 autem
1734 397 1887 439 regulam
1915 397 2022 430 tradit
2049 403 2168 429 contra
2199 397 2286 430 abu-

1303 458 1379 480 sum
1403 446 1587 482 libertatis.
1643 446 1734 489 Quia
1762 447 1856 479 enim
1885 448 2081 480 doctrinam
2111 448 2152 479 de
2178 446 2286 479 liber-

1305 503 1374 530 tate
1396 497 1545 529 nimium
1571 499 1752 538 laxabant,
1780 504 1812 530 et
1836 498 2094 531 transferebant
2117 497 2158 529 ad
2177 497 2287 529 licen-

1306 548 1390 581 tiam
1409 559 1480 579 non
1500 559 1696 580 concessam
1714 560 1730 580 a
1750 546 1824 580 Deo
1838 575 1846 588 ,
1873 548 1952 581 ideo
1977 546 2061 581 haec
2079 548 2198 590 regula
2216 554 2287 580 tra-

1307 598 1420 631 ditur:
1467 597 1628 630 Libertas
1653 598 1851 640 evangelica
1881 610 1953 630 non
1979 598 2139 631 concedit
2164 596 2288 630 violari

1309 654 1488 692 praecepta
1506 649 1663 682 moralia.
1717 648 1816 681 Hanc
1833 649 1987 692 regulam
2006 649 2116 691 capite
2140 648 2287 691 septimo

1309 709 1466 742 expresse
1484 699 1605 731 tradit:
1634 697 1861 732 Circumcisio
1879 697 1968 732 nibil
1994 706 2061 738 est,
2089 705 2119 731 et
2140 709 2289 742 praepu—

1309 749 1397 782 tium
1424 746 1515 781 nihil
1539 755 1606 788 est,
1632 750 1690 781 sed
1718 750 1916 783 observatio
1941 751 2188 783 mandatorum
2213 746 2289 782 Dei.

1310 798 1402 841 Quia
1436 811 1567 831 novum
1593 798 1856 833 Testamentum
1886 798 2025 834 exbibet
2057 799 2230 832 iusticiam
2260 804 2292 830 et

1311 850 1417 882 vitam
1433 855 1628 889 aeternam,
1656 862 1744 894 quae
1762 857 1811 884 est
1829 851 1902 894 ipsa
1920 851 2068 883 interior
2090 857 2121 883 et
2141 849 2292 883 exterior

1310 900 1468 943 impletio
1504 900 1692 933 moralium
1734 908 1997 944 praeceptorum
2019 928 2027 940 ‚
2079 900 2292 933 conveniens

1312 963 1390 983 cnm
1409 957 1548 983 aeterna
1567 957 1599 984 et
1616 951 1760 984 immota
1779 951 1958 984 voluntate
1978 951 2041 984 Dei
2070 962 2228 994 expressa
2254 949 2290 981 in

1312 1001 1503 1045 praeceptis
1520 1001 1724 1034 moralibus.
1778 1000 1860 1034 Ideo
1877 999 1935 1034 hic
1959 1013 2094 1034 errores
2118 1003 2161 1033 de
2186 1001 2293 1032 liber-

1312 1058 1381 1085 tate
1404 1049 1648 1095 reprehendit,
1685 1058 1717 1085 et
1743 1052 1953 1085 nominatim
1978 1051 2144 1096 probibet
2168 1051 2293 1083 delicta

1313 1102 1504 1146 pugnantia
1528 1114 1606 1135 cum
1630 1102 1744 1146 primo
1771 1109 1971 1146 praecepto,
2006 1109 2119 1143 sexto,
2146 1101 2293 1145 septimo

1314 1159 1346 1186 et
1371 1159 1506 1187 octavo.
1561 1152 1651 1186 Nam
1678 1159 1897 1196 praeceptum
1925 1153 2087 1196 quintum
2112 1153 2154 1185 de
2179 1150 2296 1191 homi-

1314 1203 1407 1236 cidio
1425 1203 1558 1248 alioqui
1579 1210 1701 1237 notum
1720 1210 1809 1244 erat,
1837 1210 1869 1236 et
1887 1203 1972 1236 alibi
1992 1204 2145 1238 additur.

1417 1259 1463 1295 Et
1499 1262 1681 1295 manifeste
1717 1263 1886 1303 affirmat,
1921 1274 1995 1295 non
2027 1273 2098 1294 esse
2132 1258 2296 1294 haeredes

1317 1312 1407 1345 vitae
1427 1319 1603 1352 aeternae,
1633 1313 1692 1357 qui
1720 1319 1942 1356 perseverant
1964 1313 2001 1344 in
2021 1312 2084 1346 tali
2109 1310 2299 1344 violatione

1319 1363 1504 1395 moralium
1552 1369 1817 1406 praeceptorum
1861 1370 1983 1396 contra
2033 1361 2298 1395 conscientiam:

1319 1412 1435 1446 Nolite
1455 1425 1589 1450 errare,
1619 1413 1746 1457 inquit,
1769 1420 1977 1446 scortatores
1994 1413 2086 1445 enim
2107 1424 2178 1445 non
2196 1417 2299 1443 erunt

1320 1461 1485 1496 haeredes
1508 1463 1607 1505 regni
1630 1462 1708 1497 Dei.
1776 1463 1828 1496 Ac
1859 1470 1897 1497 ut
1931 1463 2148 1506 intelligatur
2177 1460 2298 1494 concio

1320 1525 1391 1545 non
1417 1515 1458 1545 de
1483 1514 1678 1556 praeteritis
1703 1514 1860 1554 delictis,
1889 1515 1949 1547 sed
1975 1515 2016 1546 de
2034 1511 2299 1557 perseverantia,

1320 1563 1585 1606 explicationem
1602 1565 1715 1596 addit:
1744 1563 1839 1596 Haec
1855 1564 1979 1606 fuistis,
2007 1565 2066 1597 sed
2081 1563 2191 1595 abluti
2208 1562 2299 1594 estis.

1320 1612 1414 1646 Haec
1432 1615 1536 1646 verba
1562 1614 1744 1656 infigamus
1760 1614 1907 1651 animis,
1936 1614 2036 1659 quia,
2061 1620 2100 1647 ut
2118 1613 2209 1650 dixi,
2236 1612 2300 1644 do—

1320 1664 1468 1697 ctrinam
1484 1672 1516 1698 et
1532 1665 1809 1699 consolationem
1827 1665 2064 1698 dulcissimam
2082 1664 2274 1698 continent.

1317 1772 1564 1803 Discrimen
1588 1775 1702 1802 inter
1724 1772 1983 1803 Necessaria
2006 1778 2046 1802 et
2067 1771 2283 1813 ἀδιάφορα.

1421 1840 1552 1875 Omnia
1577 1840 1665 1874 mibi
1693 1843 1818 1882 licent,
1855 1842 1983 1876 scilicet
2009 1839 2209 1888 ἀδιάφορα.
2252 1840 2301 1876 Et

1319 1900 1401 1927 sunt
1423 1890 1638 1937 ἀδιάφορα,
1683 1905 1771 1938 quae
1803 1905 1874 1925 non
1906 1901 1986 1926 sunt
2016 1901 2194 1938 praecepta
2228 1894 2301 1936 lege

1321 1944 1458 1978 morali.
1513 1945 1605 1985 Quia
1625 1944 1678 1977 lex
1696 1944 1837 1976 moralis
1856 1951 1904 1976 est
1923 1944 1995 1987 ipsa
2021 1952 2158 1977 aeterna
2183 1944 2237 1976 lex
2262 1945 2298 1976 in

1320 2002 1437 2027 mente
1457 1995 1575 2026 divina
1597 2002 1628 2027 et
1648 1995 1809 2027 voluntas
1826 1994 1979 2037 Spiritus
2001 1995 2110 2027 sancti
2135 1994 2171 2026 in
2199 2006 2301 2027 rena—

1320 2046 1381 2084 tis,
1411 2046 1470 2090 qui
1489 2053 1664 2077 aeternam
1681 2045 1916 2077 obedientiam
1935 2045 2061 2085 incoat,
2087 2045 2300 2078 convenien-

1322 2105 1388 2130 tem
1416 2096 1589 2129 voluntati
1613 2096 1770 2136 divinae,
1807 2096 1900 2128 iuxta
1928 2096 2033 2129 illud:
2065 2095 2164 2129 Dabo
2188 2096 2297 2138 legem

1320 2159 1430 2179 meam
1458 2147 1493 2179 in
1521 2147 1624 2179 corda
1659 2159 1792 2181 eorum.
1861 2145 2089 2179 Ceremoniae
2114 2158 2195 2179 vero
2219 2153 2299 2179 sunt

1320 2198 1580 2230 observationes
1598 2205 1777 2237 externae,
1804 2209 1892 2241 quae
1909 2205 1989 2230 sunt
2014 2197 2172 2229 exercitia
2199 2197 2298 2229 istius

1321 2249 1409 2281 vitae
1436 2249 1612 2288 mortalis,
1650 2260 1723 2280 non
1747 2255 1828 2281 sunt
1851 2248 1981 2281 iustitia
2004 2246 2152 2280 interior
2169 2254 2201 2280 et
2221 2259 2299 2290 per-

1320 2306 1419 2342 petua
1439 2299 1566 2333 cordis.

1420 2357 1555 2389 Deinde
1572 2357 1731 2401 s‹=quitur
1745 2357 1930 2391 correctio:
1959 2355 2026 2388 Sed
2052 2356 2148 2389 nulla
2167 2368 2219 2389 res
2244 2370 2299 2391 me

1318 2408 1451 2450 redigat
1473 2408 1509 2440 iu
1528 2409 1752 2448 servitutem,
1780 2409 1813 2440 id
1839 2415 1909 2445 est,
1939 2407 1997 2438 illa
2023 2414 2101 2438 sunt
2126 2419 2299 2447 concessa,

1317 2471 1404 2503 quae
1430 2471 1499 2490 non
1532 2456 1712 2491 retrahunt
1748 2459 1781 2490 in
1814 2457 2015 2490 servitutem
2048 2457 2296 2491 conscientiam

1315 2509 1471 2542 avulsam
1498 2521 1515 2540 a
1534 2507 1626 2548 Deo,
1653 2516 1690 2541 ut
1716 2508 1924 2541 adulterium
1954 2505 2099 2539 Davidis
2124 2508 2159 2540 in
2187 2508 2297 2541 servi-

1313 2566 1421 2593 tutem
1446 2557 1593 2592 ret'raliit
1619 2560 1691 2591 eius
1716 2558 1963 2591 conscientiam
1991 2558 2146 2590 avulsam
2174 2571 2190 2590 a
2210 2558 2296 2593 Deo.

1309 2609 1371 2643 Est
1403 2610 1494 2642 enim
1522 2607 1604 2642 haec
1631 2610 1798 2647 servitus,
1839 2608 1911 2640 fieri
1939 2620 2037 2640 reum
2067 2620 2182 2641 coram
2213 2609 2299 2646 Deo,

1309 2672 1452 2694 excusso
1469 2660 1603 2704 Spiritu
1619 2666 1736 2698 santo,
1765 2666 1797 2693 et
1817 2660 2005 2692 dai‘nnante
2024 2671 2087 2692 nos
2111 2659 2289 2693 conscien-
