2415 2942
248 65 320 102 147

252 151 372 187 Moses
391 154 536 183 testatur
552 157 585 177 se
604 155 677 177 nou
695 140 822 175 vidisse
839 137 962 171 faciem
975 162 984 176 ,
1010 135 1068 192 sed
1088 135 1238 179 loquen-

254 211 324 238 tem
348 211 462 234 coram
484 195 670 230 audivisse.
723 191 855 223 'l'extus
878 187 972 220 enim
998 192 1064 218 ait:
1098 185 1238 229 Loque-

255 254 360 286 batur
378 250 463 282 facie
480 249 522 280 ad
540 246 679 282 faciem,
707 241 740 273 id
759 247 826 277 est,
853 249 970 271 coram
986 242 1019 269 et
1036 235 1128 269 clara
1145 246 1239 275 voce,

257 314 328 335 non
345 301 490 333 obscura
508 295 636 338 specie,
663 291 718 323 vel
734 287 891 326 somnio,
919 287 1005 320 sicut
1023 287 1142 319 eadem
1159 297 1238 319 sen-

257 352 364 386 tentia
390 347 534 390 repetita
557 351 606 376 est
631 343 666 374 iii
684 341 789 375 Num.
806 351 878 383 cap.
898 339 954 373 12.
972 337 1034 371 ubi
1054 335 1108 370 liis
1124 336 1240 370 verbis

256 402 382 434 utitur:
420 397 493 429 Ore
522 395 563 428 ad
596 405 634 426 os
664 392 693 425 ei
723 392 858 435 loquar.
919 388 1030 422 Porro
1062 388 1240 420 infinitum

257 450 446 484 discrimen
478 452 527 479 est
559 445 649 477 inter
680 454 799 475 vocem
830 441 1056 484 patefactam,
1092 445 1125 472 et
1147 439 1242 470 inter

259 500 445 537 noticiam,
482 508 569 541 quae
595 495 752 527 intuetur
774 491 1005 525 substantiam
1031 487 1111 523 Dei.
1160 487 1242 521 Non

260 551 367 594 igitur
393 547 604 580 dissentiunt
631 545 736 576 verba
759 540 893 575 Christi
917 554 934 574 a
961 540 1079 577 Mose,
1107 539 1167 572 sed
1192 545 1244 572 te-

261 608 397 635 stantur
413 596 590 632 Christum
608 596 709 636 longe
725 605 828 637 supra
846 592 971 625 Mosen
991 602 1074 625 esse.
1128 589 1245 622 Moses

261 651 398 685 mutivit
422 660 539 681 vocem
567 647 791 689 patefactam,
825 644 881 676 sed
909 643 1019 681 silius,
1052 640 1112 684 qui
1136 647 1185 673 est
1208 639 1245 671 iii

262 703 342 735 sinu
367 699 496 744 patris,
524 696 695 729 divinitus
719 694 916 737 introspicit
935 691 1164 725 substantiam
1186 702 1246 733 pa-

262 753 340 786 tris.
394 750 559 783 Testatur
583 758 663 788 ergo
689 752 720 778 et
747 743 803 777 liic
825 744 937 784 locus,
964 743 1000 775 in
1017 739 1157 775 Christo
1175 752 1247 772 non

264 809 402 836 tautum
439 811 510 832 esse
548 796 736 830 humanam
774 801 935 826 naturam
969 804 1028 825 seu
1059 790 1246 823 carnalem.

266 853 359 896 Quia
382 851 516 895 inquit,
543 860 577 881 se
603 858 674 879 esse
699 859 716 877 a
735 844 829 884 Deo,
859 851 891 877 et
908 855 943 875 se
960 842 1087 875 vidisse
1104 847 1249 884 patrem,

265 903 359 948 quod
387 900 519 933 Graece
548 895 800 939 significantius
832 893 980 933 dicitur,
1014 889 1033 926 ὃ
1065 888 1118 925 div
1148 887 1248 935 παρὰ
1274 914 1276 921 ,

265 955 331 987 τοῦ
360 952 464 985 θεοῦ.
518 947 594 981 Etsi
618 954 732 979 autem
755 945 859 976 breve
884 943 1015 976 dictum
1039 948 1108 982 est,
1132 948 1250 974 tamen

266 1003 471 1036 adiunctum
495 997 656 1034 caeteris,
691 995 873 1028 confirmat
893 993 1102 1027 sententiam
1128 992 1171 1024 de
1196 991 1251 1024 di-

266 1054 348 1085 vina
366 1058 491 1084 natura
511 1049 546 1080 in
566 1047 650 1080 silio.

369 1102 464 1143 Quid
483 1106 596 1132 autem
613 1096 782 1139 significat
798 1095 856 1127 illa
873 1093 1079 1127 admiranda
1095 1090 1253 1133 historia,

267 1151 380 1187 Exod.
400 1151 460 1186 33.
491 1149 571 1182 Non
604 1155 654 1181 est
681 1146 773 1179 enini
797 1146 864 1178 alia
890 1144 1083 1177 abstrusior
1107 1141 1251 1176 historia

269 1204 306 1236 in
324 1210 395 1236 toto
414 1200 525 1234 Mose.
578 1197 696 1231 Prima
716 1196 886 1229 sententia
906 1201 1084 1238 utcunque
1103 1193 1252 1236 intelligi

269 1260 395 1298 potest.
449 1250 540 1284 Petit
557 1248 694 1290 Moses,
719 1254 755 1280 ut
773 1246 867 1279 Deus
890 1245 961 1288 ipse
984 1245 1073 1277 adsit
1090 1256 1170 1277 suae
1187 1255 1252 1286 gii-

269 1302 467 1337 bernationi
481 1328 488 1340 ,
516 1300 597 1344 quia
618 1306 708 1331 certe
727 1296 934 1340 gubernatio
951 1295 1024 1327 sine
1040 1294 1114 1327 Deo
1131 1295 1253 1327 infelix

271 1362 334 1388 est.
388 1354 448 1386 Ait
467 1352 591 1394 igitur,
617 1350 644 1382 si
664 1360 736 1380 non
752 1355 789 1381 tu
809 1347 881 1390 ipse
899 1346 1083 1389 praecedas
1103 1357 1184 1385 iios,
1209 1356 1254 1376 ne

272 1406 398 1438 educas
425 1414 487 1435 iios
510 1403 551 1433 de.
576 1401 652 1432 loco
671 1400 746 1433 isto.
799 1397 893 1430 Ilaec
909 1403 1087 1440 utcunque
1104 1395 1253 1437 intelligi

271 1461 436 1499 possunt,
465 1453 522 1485 sed
550 1451 646 1484 addit
674 1449 806 1481 Moses:
836 1446 995 1480 Ostende
1018 1444 1105 1478 milii
1130 1446 1252 1478 faciem

272 1515 380 1539 tuam.
437 1503 539 1536 lteni:
566 1499 723 1534 Ostende
741 1496 827 1531 mihi
845 1497 991 1540 gloriam
1009 1503 1115 1529 tuam.
1163 1495 1255 1538 Qui-

273 1560 353 1589 dam
379 1555 427 1587 sic
449 1559 646 1596 exponunt,
673 1556 787 1593 petere
804 1547 951 1588 Mosen,
977 1554 1016 1580 ut
1033 1546 1127 1579 Deus
1152 1558 1254 1589 prae-

272 1611 443 1639 monstret
474 1614 612 1636 cursum
642 1601 750 1634 totius
772 1597 878 1632 huius
903 1597 1168 1641 gubernationis
1192 1609 1256 1639 po—

273 1657 370 1701 puli,
403 1654 515 1688 Deum
541 1664 623 1684 vero
647 1651 876 1694 respondere,
912 1648 1007 1681 nolle
1029 1659 1064 1680 se
1088 1647 1183 1680 cerni
1205 1647 1256 1679 fa-

275 1708 380 1745 ciem,
406 1706 440 1737 id
465 1710 532 1744 est,
557 1701 704 1735 consilia
725 1712 786 1733 sua
811 1706 891 1733 ante
913 1699 1016 1731 finem
1035 1709 1257 1730 consumma—

275 1765 330 1791 tae
346 1755 530 1789 Ecclesiae.
584 1753 652 1786 Sed
678 1752 796 1783 videre
819 1761 884 1783 iios
900 1749 1109 1792 posteriora,
1136 1748 1170 1780 id
1199 1754 1258 1787 est,

278 1809 315 1840 in
338 1804 639 1839 consummatione
657 1802 791 1834 visuros
810 1812 882 1833 esse
897 1800 1056 1842 gloriam.
1110 1797 1256 1831 Interim

276 1858 360 1891 latet
382 1857 531 1900 populus
553 1855 587 1886 in
608 1852 777 1885 foramine
797 1858 931 1894 petrae,
958 1850 991 1882 id
1011 1855 1077 1889 est,
1105 1849 1141 1881 iii
1159 1860 1257 1892 prae-

278 1909 366 1941 senti
392 1906 546 1940 Ecclesia
575 1903 727 1936 subiecta
750 1902 862 1941 cruci,
889 1907 922 1934 et
948 1907 1062 1932 tamen
1089 1899 1157 1942 tegi
1183 1911 1257 1931 eam

277 1971 384 1991 mauu
402 1957 478 1990 Dei.
530 1954 625 1987 Haec
652 1952 820 1985 sententia
845 1951 1074 1994 gratissimam
1099 1950 1259 1982 consola-

279 2010 412 2042 tionem
444 2006 546 2038 nobis
576 2003 761 2048 proponit,
789 2003 871 2047 quia
901 2008 1047 2035 testatur
1070 1999 1258 2034 Ecclesiam

279 2071 374 2092 nnnc
392 2058 460 2099 tegi
481 2067 588 2088 manu
605 2053 691 2091 Dei,
717 2061 749 2086 et
765 2060 882 2100 postea
900 2052 1161 2095 glorificandam
1179 2061 1259 2085 esse.

279 2109 402 2142 Latere
421 2114 536 2140 autem
557 2106 594 2138 in
609 2104 778 2137 foramine
798 2109 930 2146 petrae,
958 2103 993 2134 id
1011 2108 1078 2141 est,
1105 2102 1142 2133 in
1160 2112 1257 2144 prae-

282 2160 369 2192 senti
396 2165 484 2191 statu
507 2155 664 2189 innixam
689 2161 805 2197 petrae
821 2151 973 2187 Christo,
1026 2152 1094 2186 Sed
1112 2152 1139 2185 si
1157 2151 1259 2184 intel-

282 2210 423 2251 ligimus
441 2208 508 2251 peti
526 2205 777 2249 inspectionem
788 2202 864 2242 Dei,
892 2204 1021 2244 petitur
1036 2203 1106 2235 vita
1121 2209 1260 2235 aeterna

283 2267 316 2292 et
346 2270 479 2291 summa
512 2255 737 2300 glorificatio,
769 2261 802 2287 et
831 2260 995 2296 congruet
1021 2253 1260 2296 interpretatio

283 2321 362 2342 enm
390 2321 449 2348 ea,
487 2319 590 2351 quam
614 2318 709 2339 nune
734 2304 889 2339 recitavi.
955 2303 1124 2336 Nondum
1151 2310 1260 2347 potest

283 2359 440 2393 Ecclesia
464 2359 580 2389 videre
596 2355 728 2395 Deum,
755 2366 815 2388 seu
837 2352 965 2387 habere
982 2354 1147 2395 gloriam,
1173 2366 1261 2398 quae

283 2410 452 2453 promissa
480 2415 551 2447 est,
584 2407 642 2439 sed
667 2403 781 2439 adhuc
803 2411 898 2438 stans
921 2416 1024 2448 super
1046 2411 1197 2446 petram,
1225 2404 1258 2436 id

285 2467 354 2499 est,
385 2457 564 2492 Christum
588 2458 674 2494 fide,
706 2463 738 2489 et
764 2456 801 2488 in
827 2453 893 2488 hoc
916 2454 1087 2488 foramine
1107 2454 1259 2487 subiecta

285 2510 396 2549 cruci,
430 2513 583 2551 expectat
617 2507 781 2548 gloriam,
816 2507 927 2540 donec
947 2504 1042 2538 Deus
1071 2505 1258 2544 transierit,

284 2562 318 2594 id
342 2567 406 2600 est,
432 2557 740 2592 totamEcclesiam
757 2555 1060 2589 consummaverit.
1114 2553 1258 2587 Interim

282 2618 397 2645 autern
419 2609 503 2653 tegit
525 2619 588 2642 nos
606 2619 713 2641 manu
733 2618 812 2646 sua,
839 2613 871 2641 et
887 2619 951 2641 nos
966 2606 1125 2640 videmus
1144 2612 1258 2650 poste-

846 48 973 87 PHtL.
1000 49 1116 86 MEL.
1142 47 1351 83 SCRIPTA
1379 45 1678 86 ExEGETicA.

2199 48 2273 87 1-48

1286 133 1401 174 rior-a,
1435 133 1472 166 id
1500 140 1567 174 est,
1602 133 1639 166 in
1670 132 1778 166 verbo
1810 134 2031 178 agnoscimus
2056 146 2138 169 eum
2160 134 2272 170 visuri

1286 185 1409 218 faciem
1426 191 1531 225 tunc,
1556 196 1635 218 cum
1654 183 1928 227 glorificabimur
1941 186 1979 219 in
1996 186 2077 221 fine.

1339 291 1453 327 Amen
1484 290 1599 326 Amen
1632 290 1713 327 dico
1742 291 1862 338 vobis,
1902 293 1968 342 qui
1999 292 2110 330 credit
2141 294 2180 330 in
2209 305 2276 338 me,

1389 341 1500 377 habet
1523 342 1635 377 vitam
1656 348 1856 379 aeternam.

1376 419 1519 464 Repetit
1535 420 1764 465 principalem
1782 420 2058 465 propositionem
2074 418 2180 456 huius
2195 422 2278 456 lon-

1292 483 1352 515 gae
1375 471 1558 504 concionis
1575 478 1607 505 et
1626 471 1892 516 disputationis,
1919 484 1958 506 ac
1976 483 2096 506 rursus
2113 472 2280 515 inculcat,

1292 529 1332 556 ut
1355 533 1475 566 saepe,
1509 533 1544 554 se
1567 522 1650 554 dare
1674 523 1782 555 vitam
1806 530 2003 562 aeternam,
2031 534 2136 567 quam
2159 522 2280 557 Moses

1294 585 1367 606 non
1391 572 1546 615 potuerit
1571 573 1671 612 dare,
1697 582 1731 606 et
1752 573 1893 616 quidem
1910 574 1993 606 dare
2011 585 2086 606 eam
2103 585 2176 607 non
2194 585 2280 618 pro-

1295 630 1371 666 pter
1394 623 1524 664 legem,
1552 623 1612 654 sed
1636 620 1690 656 his
1713 623 1773 667 qui
1795 624 1939 657 credent
1961 624 2029 657 sibi
2045 636 2120 657 eam
2137 631 2280 668 propter

1296 672 1391 707 hunc
1408 673 1520 706 filium
1536 674 1673 706 donari.
1720 672 1821 707 Hanc
1835 674 2111 718 propositionem
2127 674 2282 719 propriis

1297 724 1412 756 verbis
1446 723 1615 767 positam,
1662 730 1781 768 postea
1816 731 1996 767 exaggerat
2030 724 2216 758 collatione
2245 731 2282 759 et

1298 774 1489 816 allegoriis,
1532 785 1718 815 enarrans,
1758 774 1922 809 videlicet
1948 782 2050 821 typos
2085 774 2279 810 Mosaicos:

1298 824 1418 857 Patres
1441 825 1666 857 comederunt
1684 824 1838 866 Manna,
1863 832 1897 859 et
1912 825 2043 859 mortui
2059 832 2160 865 sunt,
2185 837 2283 860 nunc

1299 876 1401 907 datur
1425 875 1524 907 vobis
1546 875 1635 907 alius
1653 875 1753 919 panis
1771 876 1945 917 coelestis,
1972 888 2043 921 quo
2062 888 2202 910 vescens
2218 873 2283 910 ha-

1299 925 1396 958 bebit
1426 926 1532 958 vitam
1562 932 1751 960 aeternam.
1810 926 1915 960 Hunc
1945 938 2049 970 supra
2079 926 2153 959 dixi
2175 927 2284 971 septi-

1299 987 1396 1007 mum
1428 986 1499 1008 esse
1528 975 1644 1008 locum
1677 973 1781 1010 huius
1812 989 1885 1021 cap.
1919 978 1962 1010 de
1995 977 2282 1011 manducatione:

1301 1024 1431 1057 Panem
1449 1025 1522 1068 ipse
1539 1025 1688 1059 affirmat
1705 1038 1776 1060 sese
1790 1038 1879 1068 esse,
1906 1027 2001 1068 item,
2029 1039 2126 1061 suam
2144 1040 2285 1061 carnem

1302 1087 1391 1115 esse,
1424 1082 1457 1108 et
1486 1075 1584 1109 addit
1614 1076 1765 1108 dandam
1797 1089 1860 1120 pro
1892 1078 2017 1111 mundi
2042 1078 2130 1119 vita,
2164 1078 2199 1111 id
2223 1086 2286 1120 est,

1302 1137 1483 1173 passuram
1500 1137 1583 1158 esse.
1627 1124 1696 1159 Hic
1711 1127 1869 1160 existimo
1884 1128 2008 1171 respici
2025 1129 2131 1161 alium
2150 1135 2286 1176 typum,

1303 1176 1434 1209 scilicet
1455 1173 1605 1217 Pascha,
1631 1183 1671 1210 ut
1693 1178 1890 1220 corporales
1906 1178 1974 1211 cibi
1991 1178 2133 1211 fuerunt
2150 1178 2287 1213 Manna

1304 1233 1336 1259 et
1361 1224 1512 1265 Pascha,
1549 1233 1582 1260 et
1605 1234 1722 1260 tamen
1746 1228 1977 1271 significantes
2003 1229 2117 1262 aliud:
2151 1228 2198 1264 ita
2220 1229 2288 1263 sci-

1303 1283 1374 1310 tote
1398 1289 1493 1309 nunc
1517 1289 1589 1309 non
1615 1278 1829 1321 corporalem
1855 1278 1994 1319 cibum,
2028 1291 2101 1312 non
2125 1280 2288 1314 umbram

1304 1327 1475 1371 proponi,
1500 1328 1559 1360 sed
1577 1328 1690 1371 ipsum
1708 1328 1955 1362 vivificatorem
1970 1341 2043 1369 me,
2070 1329 2229 1374 inquam,
2254 1337 2289 1365 et

1305 1377 1446 1421 quidem
1471 1389 1610 1410 carnem
1634 1390 1745 1411 meam
1771 1390 1950 1423 passuram
1975 1392 2040 1424 pro
2063 1381 2189 1413 mundi
2206 1381 2290 1422 vita,

1305 1427 1351 1461 ita
1367 1439 1439 1461 sese
1456 1427 1574 1460 cibum
1591 1435 1703 1463 vocat.

1407 1493 1476 1528 Sed
1494 1494 1577 1538 quid
1597 1500 1647 1527 est
1663 1492 1746 1528 haec
1763 1495 1987 1529 manducatio
1999 1523 2008 1537 ‚
2035 1503 2093 1531 aut
2109 1499 2287 1542 quomodo

1306 1545 1572 1579 manducandus
1589 1545 1655 1579 erit
1672 1543 1729 1578 liic
1745 1545 1867 1578 cilius?
1922 1546 2028 1580 Multi
2045 1550 2289 1582 accommoda-

1307 1602 1391 1629 runt
1408 1602 1537 1628 textnm
1555 1596 1598 1628 ad
1617 1607 1760 1628 coenam
1777 1594 1943 1635 Domini,
1972 1597 2053 1641 quia
2071 1595 2126 1631 liic
2142 1598 2288 1632 dicitur:

1307 1645 1398 1679 Caro
1415 1657 1488 1678 mea
1508 1657 1586 1678 vere
1602 1653 1652 1678 est
1668 1646 1785 1685 cibus,
1810 1653 1841 1679 et
1859 1647 1998 1688 sanguis
2014 1659 2111 1680 inens
2129 1660 2209 1681 vere
2224 1661 2289 1693 po-

1309 1703 1380 1736 tus,
1407 1702 1440 1729 et
1463 1696 1500 1728 in
1522 1707 1627 1728 coena
1652 1695 1797 1728 Domini
1820 1696 1950 1730 dicitur
1974 1698 2016 1730 de
2038 1698 2288 1733 distributione

1309 1747 1426 1780 carnis
1448 1753 1481 1779 et
1505 1746 1697 1788 sanguinis.
1748 1745 1792 1780 Et
1816 1745 1954 1780 Gerson
1976 1748 2131 1791 disputat
2153 1750 2196 1782 de
2221 1747 2289 1792 his,

1309 1797 1369 1841 qui
1396 1797 1653 1830 contenderunt
1676 1796 1871 1830 infantibus
1887 1798 2039 1830 dandam
2056 1810 2128 1832 esse
2145 1812 2289 1834 coenam

1311 1847 1480 1887 Domini,
1507 1853 1538 1880 et
1555 1847 1719 1880 dixerunt
1733 1858 1768 1879 se
1791 1847 1924 1880 moveri
1946 1845 2002 1880 his
2021 1849 2153 1890 verbis,
2180 1851 2290 1894 signi-

1309 1898 1492 1931 ficantibus
1515 1897 1770 1930 necessitatem:
1796 1896 1871 1930 Nisi
1894 1899 2187 1933 manducaveritis
2212 1913 2288 1935 car-

1309 1960 1392 1981 nem
1422 1948 1486 1981 filii
1517 1945 1691 1987 hominis,
1723 1954 1755 1980 et
1784 1947 1945 1981 biberitis
1973 1949 2177 1991 sanguinem
2205 1951 2290 1992 eius,
2320 1982 2323 1985 .

1311 2011 1383 2031 non
1411 1996 1544 2030 habetis
1570 1997 1673 2030 vitam
1697 1997 1733 2030 in
1756 1997 1866 2031 vobis.
1920 1997 1987 2032 Sed
2007 1999 2035 2032 si
2054 2000 2114 2045 qui
2132 2001 2290 2036 sentiunt

1314 2060 1456 2082 coenam
1476 2047 1620 2081 Domini
1640 2059 1727 2092 opus
1752 2060 1842 2089 esse,
1869 2050 1962 2094 quod
1987 2049 2061 2083 sine
2084 2063 2167 2085 vero
2193 2060 2291 2086 motu

1311 2099 1389 2132 fidei
1416 2099 1519 2132 efficit
1548 2097 1726 2131 hominem
1756 2099 1905 2140 iustum,
1945 2100 1980 2132 id
2009 2108 2077 2142 est,
2111 2109 2290 2146 acceptum

1311 2162 1426 2182 coram
1437 2148 1529 2189 Deo,
1556 2156 1588 2182 et
1605 2156 1757 2182 meretur
1772 2150 1878 2182 vitam
1895 2157 2082 2191 aeternam,
2108 2149 2144 2184 lii
2161 2160 2290 2195 errant,

1312 2201 1424 2243 ignari
1451 2200 1629 2232 doctrinae
1651 2201 1694 2232 de
1714 2200 1847 2233 iusticia
1866 2201 1957 2236 fidei.
2008 2200 2097 2234 Nam
2112 2214 2194 2235 usus
2211 2216 2291 2237 coc-

1312 2264 1375 2284 nae
1392 2250 1534 2283 Domini
1554 2251 1629 2283 sine
1654 2251 1817 2284 exercitio
1843 2251 1942 2291 fidei,
1975 2264 2040 2296 qua
2066 2258 2098 2285 et
2121 2253 2289 2288 beneficia

1312 2300 1442 2334 Christi
1474 2301 1710 2343 agnoscimus,
1744 2308 1776 2334 et
1808 2313 1886 2334 vera
1911 2302 2085 2335 invocatio
2108 2304 2289 2346 excitatur,

1312 2353 1420 2386 otiosa
1449 2352 1643 2384 ceremonia
1667 2358 1727 2386 est.
1779 2350 1958 2385 Praeterea
1983 2359 2115 2386 certum
2140 2361 2190 2387 est
2210 2367 2291 2388 coe-

1313 2415 1393 2435 nam
1405 2402 1550 2435 Domini
1572 2402 1765 2436 institutam
1786 2414 1868 2442 esse,
1893 2409 1930 2436 ut
1946 2403 1990 2436 sit
2007 2405 2202 2437 ceremonia
2222 2417 2289 2449 pu-

1311 2453 1395 2487 blici
1435 2464 1655 2496 congressus,
1695 2452 1882 2485 coniuncta
1918 2465 1996 2486 cum
2031 2455 2290 2497 praedicatione

1309 2502 1510 2545 Evangelii,
1540 2510 1571 2536 et
1591 2502 1718 2536 Paulus
1742 2503 1873 2547 inquit:
1901 2502 2029 2538 Probet
2052 2505 2204 2549 seipsum
2222 2504 2289 2540 ho-

1310 2567 1387 2595 mo,
1414 2561 1446 2587 et
1469 2554 1520 2589 sic
1542 2555 1585 2586 de
1610 2554 1672 2587 illo
1694 2565 1783 2597 pane
1800 2554 1999 2590 manducet.
2051 2554 2146 2588 Haec
2162 2568 2290 2590 conve-

1309 2605 1414 2640 niunt
1440 2616 1513 2639 non
1538 2604 1752 2647 infantibus,
1778 2604 1836 2638 sed
1861 2604 1903 2638 iis
1928 2617 2080 2650 quorum
2104 2613 2198 2641 aetas
2219 2607 2289 2641 iam
