2415 2942
94 102 167 140 545
298 103 397 140 xm.
450 106 486 141 2.
523 100 889 138 COMMENTARH
920 101 966 137 IN
995 99 1148 138 EPIST.
1178 101 1325 140 PAULI
1352 101 1419 138 AD
1447 101 1710 144 ROMANOS.
1762 105 1868 146 CAP.
1897 108 1925 148 1.
2056 111 2131 150 546

92 187 138 225 Εἰ
163 196 199 224 ut
224 199 277 222 res
303 189 360 223 fiat
391 189 551 234 planior,
582 189 863 223 transformanda
888 195 939 222 est
967 188 1081 222 oratio
1134 200 1215 222 cum
1234 187 1357 231 Paulo,
1380 196 1412 224 et
1429 202 1573 235 prorsus
1591 191 1773 228 tollentem
1791 206 1810 228 e
1826 205 2013 242 conspectu
2029 213 2127 235 veras

92 242 127 274 in
154 241 414 274 correlativam:
452 240 540 275 Fide
564 252 686 274 sumus
713 241 815 281 iusti,
850 240 884 272 id
912 245 982 280 est,
1019 251 1081 283 per
1132 239 1391 275 consolationes
1407 242 1545 286 piarum
1566 244 1750 278 mentium.
1790 246 1829 281 Si
1846 247 1883 280 in
1899 248 2124 286 invocatione

89 292 366 326 misericordiam
386 299 530 337 propter
546 290 726 326 Christum
743 302 863 324 sumus
886 289 989 328 iusti,
1018 291 1078 323 sed
1130 291 1287 334 aspicere
1308 303 1372 325 nos
1389 293 1484 337 ipsos
1510 294 1737 337 deberemus,
1765 308 1806 331 ac
1828 297 2032 343 imaginari,
2058 315 2122 338 nos

87 350 203 377 tamen
224 343 290 376 fide
309 345 533 377 statuendum
552 350 602 377 est
620 343 716 375 illam
734 341 1013 375 misericordiam
1032 343 1075 374 ad
1130 341 1178 373 ita
1197 353 1395 376 accessuros
1420 345 1462 376 ad
1481 342 1616 386 Deum,
1644 358 1723 379 cum
1749 348 1834 382 satis
1850 352 1967 385 ornati
1989 353 2120 388 erimus

86 405 151 427 nos
176 394 364 438 pertinere.
417 394 540 428 Minor
565 400 616 428 est
641 405 739 426 vera:
776 392 880 426 Fides
901 399 950 426 est
977 404 1076 436 opus,
1127 388 1183 424 his
1210 392 1423 434 virtutibus,
1465 394 1512 428 ita
1536 398 1752 439 sperandum
1779 411 1852 433 esse
1875 402 1983 436 vitam
2005 412 2118 439 aeter.

85 445 217 478 scilicet
246 452 283 479 ut
314 451 467 479 caeterae
496 446 660 482 virtutes,
694 443 857 483 dilectio,
892 443 1074 487 patientia,
1097 475 1099 488 s
1126 454 1227 481 nam,
1255 454 1334 476 cum
1351 445 1551 478 videbimus
1570 446 1606 479 in
1625 447 1728 482 nobis
1747 445 1837 483 hanc
1860 463 1988 487 novam
2011 467 2118 489 mun-

85 496 234 531 castitaS.
280 494 326 530 Et
341 503 381 530 ut
395 496 484 530 aliae
499 496 646 530 virtutes
661 502 739 528 sunt
760 495 1002 538 imperfectae,
1026 494 1073 527 ita
1095 498 1099 547 ἱ
1124 493 1268 534 distem,
1296 495 1456 538 sugerent
1477 497 1606 538 animi,
1633 504 1665 530 et
1692 499 1919 544 desperarent
1943 505 2115 540 auxilium

87 553 121 580 et
140 547 223 580 fides
241 553 289 580 est
308 547 509 580 imbecillis:
537 558 645 592 quare
662 557 733 578 non
751 557 872 579 sumus
889 545 971 578 iusti
989 557 1071 589 pro·
1093 549 1098 626 ἱ
1122 551 1156 578 et
1186 545 1347 580 salutem.
1399 546 1444 580 Et
1471 559 1541 592 quo
1566 548 1678 591 magis
1701 561 1935 594 expavescunt
1967 564 2114 599 mentes,

85 604 163 641 pter
188 598 295 642 ipsius
319 598 460 631 virtutis
484 597 710 642 dignitatem,
738 597 797 629 sed
822 596 904 641 quia
931 596 1071 629 miseri·
1121 608 1161 629 eo
1180 596 1326 640 propius
1345 598 1521 641 aspiciunt
1539 599 1800 634 immunditiem
1817 609 1851 636 et
1874 603 2114 642 infirmitatem

84 648 240 682 cordiam
262 647 506 693 apprehendit.
557 647 704 682 Necesse
728 654 780 682 est
803 649 898 681 enim
923 647 1069 693 aliquod
1121 654 1261 681 nostrae
1289 655 1447 684 naturae.
1508 648 1639 682 Paulus
1665 658 1783 685 autem
1811 650 1901 687 hanc
1928 656 2038 700 ipsam
2068 660 2113 693 ob

84 710 175 742 csse,
210 706 249 734 ut
275 700 321 734 ita
343 700 455 733 dicam
474 726 483 740 ‚
520 699 815 737 instrumentum,
850 711 920 744 quo
943 710 1070 743 appre-

82 747 258 784 hendatur
283 751 540 791 misericordia,
569 761 707 783 necesse
731 756 781 783 est
804 750 935 783 intueri
961 747 1068 784 Chri-

81 808 193 841 stum,
215 808 249 835 et
265 808 436 842 statuere,
460 802 554 847 quod
572 801 675 834 nobis
691 801 859 844 ignoscat.
901 800 1067 845 Respon-

79 853 203 886 deatur
219 864 300 895 ergo
316 853 359 886 ad
377 852 566 887 minorem:
594 851 700 886 Fides
717 859 766 886 est
782 863 890 897 opus,
915 853 974 885 sed
994 864 1067 886 non
1091 870 1092 886 ι
1119 863 1198 885 nem
1225 860 1368 896 propter
1384 851 1579 888 Christum.

1119 709 1280 740 causam,
1320 700 1402 744 quia
1431 700 1591 734 videmus
1616 712 1680 734 nos
1705 703 1748 736 ad
1773 701 1888 738 Deum
1914 718 1986 740 non
2012 721 2112 752 posse

1118 749 1244 783 afferre
1272 751 1396 784 merita
1421 758 1453 785 et
1475 751 1706 797 dignitatem,
1750 756 1920 799 proponit
1950 760 2111 802 gratiam,

1091 810 1093 864 ι
1119 801 1154 834 id
1179 807 1248 842 est,
1289 802 1478 845 gratuitam
1513 803 1812 838 condonationem
1841 813 1874 840 et
1902 812 2111 853 acceptatio-

1634 852 1710 888 Etsi
1737 868 1809 890 non
1826 858 1939 892 adfers
1956 861 2111 904 dignita-

77 912 197 936 sumus
214 903 295 936 iusti
312 910 455 948 propter
478 903 588 947 ipsius
611 904 728 948 operis
746 904 978 947 dignitatem,
1005 904 1066 937 sed
1089 925 1092 951 4
1116 913 1187 940 tem
1217 904 1262 936 ad
1289 903 1423 945 Deum,
1457 911 1576 938 tamen
1602 907 1727 940 accede
1752 908 1879 943 fiducia
1908 912 2112 948 mediatoris

77 953 159 997 quia
177 951 410 998 apprehendit
427 955 718 989 misericordiam.
764 954 847 988 ldeo
864 966 937 987 non
954 961 1068 998 potest

76 1004 194 1049 sequi,
222 1016 286 1038 nos
308 1012 452 1049 propter
476 1018 581 1051 opera
609 1006 718 1040 iustos
744 1017 828 1041 esse.

77 1052 143 1088 hoc
161 1056 297 1090 erudite
317 1057 404 1097 dici,
432 1058 511 1101 plus
530 1069 601 1091 esse
619 1057 656 1090 in
680 1057 930 1097 conclusione,
960 1068 1066 1102 quam

78 1105 115 1138 in
141 1107 355 1150 praemissis:
396 1120 478 1141 nam
506 1108 686 1142 conclusio
709 1108 786 1142 vult
803 1105 966 1141 homines
984 1119 1067 1152 pro-

76 1165 153 1200 pter
178 1170 281 1201 opera
307 1158 419 1193 iustos
439 1170 524 1193 esse.

74 1209 285 1251 praemissis.
424 1206 438 1211 ‘

499 1291 623 1328 Aliud.

176 1360 302 1394 Gratia
327 1372 449 1394 sumus
474 1361 575 1401 iusti,
617 1360 740 1394 Gratia
769 1367 820 1395 est
844 1361 987 1394 dilectio
1011 1361 1067 1393 in-

74 1411 149 1444 fusa
174 1411 317 1452 animis,
351 1410 446 1454 Ergo
471 1411 662 1444 dilectione
684 1423 806 1445 sumus
831 1411 925 1447 iusti.
993 1411 1063 1446 Re-

74 1464 231 1506 spondeo
247 1462 290 1494 ad
309 1462 502 1496 minorem:
539 1461 663 1496 Gratia
689 1463 874 1507 praecipue
893 1462 1065 1506 significat

74 1513 217 1547 relative
230 1513 401 1556 favorem,
420 1524 480 1546 seu
492 1513 786 1555 misericordiam,
802 1525 862 1547 seu
874 1515 1063 1557 gratuitam

71 1564 346 1608 acceptationem
376 1571 518 1608 propter
548 1561 743 1598 Christum.
808 1564 979 1598 Tenenda
1013 1572 1065 1600 est

72 1615 180 1658 igitur
196 1622 275 1659 apta
293 1616 455 1648 vocabuli
472 1616 729 1659 interpretatio,
776 1614 964 1650 Caeterum
983 1628 1062 1649 cum

71 1664 135 1699 hac
159 1666 396 1710 acceptatione
427 1666 616 1699 coniuncta
648 1673 700 1700 est
731 1667 876 1700 donatio
909 1666 1063 1710 Spiritus

71 1717 194 1751 sancti.
247 1716 315 1750 Sed
341 1717 401 1762 qui
419 1717 469 1750 sic
485 1724 669 1756 enarrant,
697 1718 808 1760 gratia
828 1729 950 1751 sumus
968 1718 1062 1759 iusti,

64 1764 106 1801 vid
127 1775 188 1809 est,
215 1775 358 1812 propter
373 1768 520 1801 virtutes
536 1768 668 1801 infusas
685 1780 806 1802 sumus
822 1768 917 1808 iusti,
942 1766 977 1801 hi
994 1769 1062 1802 fin-

71 1826 156 1864 gunt
189 1819 516 1864 interpretationem
553 1830 593 1852 ex
627 1819 802 1853 diametro
846 1827 1062 1864 pugnantem

450 2055 588 2110 Caput
641 2056 674 2097 Ι.

95 2134 240 2172 Paulus
274 2150 397 2172 servus
432 2136 537 2223 Iesul
554 2134 720 2181 Christi,
764 2143 911 2173 vocatus
938 2136 1038 2186 Apo-

462 2193 518 2224 sto
538 2201 580 2222 us
609 2193 670 2224 etc.

68 2253 314 2321 Epigrapha,
345 2275 646 2322 quemadmodum
664 2275 703 2308 fit
721 2274 758 2308 in
774 2274 944 2320 Epistolis
963 2286 1063 2320 prae—

69 2328 135 2362 fixa
158 2334 226 2366 est,
254 2340 324 2372 quo
350 2339 447 2360 more
469 2326 507 2360 in
528 2325 684 2359 Ecclesia
713 2326 863 2360 maxime
887 2338 978 2371 opus
1002 2333 1064 2367 est,

71 2385 111 2413 ut
126 2385 219 2412 certo
235 2379 316 2412 sciri
335 2378 454 2423 possit,
473 2377 673 2411 doctrinam
691 2376 865 2411 divinitus
881 2384 1059 2422 acceptam

71 2440 161 2470 etse,
178 2430 446 2464 concionantem
465 2441 538 2462 non
557 2430 600 2462 de
617 2429 722 2462 rebus
742 2428 961 2471 vulgaribus,
978 2439 1065 2474 quas

72 2480 162 2514 ratio
185 2480 334 2522 iudicat,
361 2482 422 2515 sed
449 2483 494 2514 de
515 2481 699 2514 voluntate
726 2478 806 2515 Dei.
872 2479 922 2513 Ita
951 2486 1065 2524 patres

70 2538 111 2566 ut
127 2531 257 2565 scirent
272 2533 366 2566 uude
383 2532 542 2566 doctrina
566 2531 693 2566 tradita
719 2537 823 2571 esset,
851 2531 1063 2565 nominatim

70 2582 255 2622 dicebant,
282 2582 377 2617 Deus
394 2581 597 2624 Abraham,
624 2581 721 2616 Deus
737 2581 866 2623 lsrael,
893 2588 934 2615 ut
956 2582 1065 2616 scire-

72 2640 132 2667 tur
152 2633 241 2667 illud
259 2634 424 2675 verbum,
451 2634 533 2668 illos
555 2633 672 2668 cultus
691 2633 958 2680 amplectendos
980 2645 1066 2672 esse,

69 2696 160 2731 quos
184 2682 280 2718 Deus
304 2685 451 2720 tradidit
474 2683 640 2720 Abrahae
665 2692 729 2720 etc.
805 2684 960 2720 Autores
982 2684 1066 2719 iude

122 2734 307 2769 Musaru-
337 2738 440 2771 Ormi.
464 2738 547 2770 Vor..
576 2738 653 2770 XV.

1117 950 1269 995 Christi,
1295 955 1384 989 sicut
1408 955 1543 1001 inquit:
1573 955 1679 991 Hunc
1704 954 1873 994 habentes
1893 963 2111 1007 pontificem,

888 1004 1008 1040 Potest
1033 1012 1068 1039 et
1116 1006 1322 1039 accedamus
1340 1007 1382 1039 ad
1401 1004 1570 1040 thronum
1589 1008 1733 1051 gratiae.

1219 1055 1293 1089 Has
1312 1058 1542 1091 refutationes
1560 1059 1685 1098 adieci,
1712 1067 1788 1094 tum
1807 1067 1846 1094 ut
1863 1063 2021 1106 eruditis,
2048 1067 2109 1111 qui

1118 1107 1160 1140 de
1178 1108 1392 1151 proprietate
1417 1109 1590 1142 sermonis
1609 1110 1809 1154 disputant,
1836 1121 2009 1157 quantum
2027 1128 2109 1160 pos-

594 1158 633 1193 ld
660 1171 733 1192 non
757 1159 919 1204 sequitur
947 1170 988 1192 ex
1013 1156 1069 1192 his
1118 1169 1190 1192 sem
1204 1159 1455 1192 satisfacerem:
1484 1172 1566 1192 nam
1582 1167 1614 1194 et
1629 1172 1694 1194 nos
1712 1173 1794 1195 vera
1810 1174 1849 1196 ac
1867 1171 1958 1198 recta
1983 1166 2111 1209 dicere,

1119 1216 1153 1243 et
1177 1209 1289 1243 vitare
1313 1207 1561 1258 ἄκυρολογίας
1584 1211 1765 1256 cupimus,
1800 1219 1874 1247 tum
1897 1222 1936 1249 ut
1955 1216 2108 1252 instrue-

1119 1272 1191 1293 rem
1212 1260 1403 1301 discentes,
1437 1268 1475 1294 ut
1500 1262 1625 1294 maiori
1643 1263 1848 1298 dexteritate
1864 1267 2109 1304 cavillationes

1116 1308 1342 1344 scholasticas
1371 1312 1508 1345 diluere
1540 1313 1685 1356 possint.
1752 1314 1804 1348 Ac
1834 1318 1997 1359 prodesse
2024 1318 2110 1355 haec

1116 1362 1274 1406 exempla
1292 1368 1396 1406 opto,
1423 1363 1578 1406 primum
1598 1365 1642 1397 ad
1660 1365 1946 1412 perspicuitatem
1974 1382 2109 1413 causae,

1115 1412 1246 1446 deinde
1262 1413 1367 1447 etiam
1386 1415 1428 1446 ad
1446 1415 1640 1448 acuendam
1658 1416 1817 1451 discendi
1834 1430 1953 1453 curam
1972 1421 2008 1455 in
2034 1431 2109 1458 stu-

1114 1463 1237 1498 diosis.
1314 1464 1405 1498 Nam
1436 1462 1502 1498 hae
1535 1466 1764 1502 refutationes
1799 1471 1990 1506 ostendunt
2020 1486 2109 1519 opus

1114 1526 1187 1548 esse
1213 1515 1415 1549 eruditione
1438 1523 1471 1550 et
1495 1519 1647 1562 quadam
1674 1519 1923 1555 exercitatione
1946 1520 2018 1566 his,
2046 1526 2108 1570 qui

1114 1566 1233 1599 dextre
1250 1567 1336 1600 tales
1353 1568 1611 1601 controversias
1626 1569 1800 1613 explicare
1815 1580 1999 1610 conantur.
2026 1575 2108 1610 Non

1115 1624 1237 1660 putent
1253 1629 1288 1650 se
1305 1618 1381 1651 leve
1400 1630 1491 1652 onus
1507 1620 1683 1663 suscipere
1700 1622 1870 1663 studiosi,
1897 1625 1957 1669 qui
1976 1626 2107 1660 doctri-

1115 1679 1179 1700 nae
1214 1666 1439 1703 Christianae
1480 1670 1752 1715 explicationem
1786 1674 1941 1717 profiteri
1978 1678 2109 1713 volent.

1114 1716 1228 1752 Deum
1247 1726 1363 1752 autern
1382 1732 1458 1759 oro,
1485 1727 1525 1754 ut
1541 1722 1656 1755 studia
1674 1723 1814 1766 piorum
1833 1726 2016 1768 gubernet,
2043 1742 2107 1764 nec

1113 1769 1206 1803 sinat
1222 1769 1259 1802 in
1268 1768 1424 1804 Ecclesia
1440 1772 1596 1816 extingui
1613 1773 1725 1807 lucem
1735 1773 1916 1820 Evangelii
1934 1789 1972 1812 ac
1989 1791 2107 1814 veram

1115 1817 1250 1855 Christi
1274 1822 1456 1858 noticiam.

1111 2080 1222 2114 usque
1248 2068 1293 2102 ab
1314 2068 1418 2104 initio
1439 2070 1618 2114 cogitandi
1643 2079 1746 2114 sunt,
1775 2086 1837 2119 per
1862 2088 1950 2122 quos
1977 2088 2105 2121 propa-

1111 2127 1189 2163 gata
1216 2127 1267 2153 est
1287 2133 1367 2154 vera
1384 2120 1450 2155 Dei
1469 2122 1619 2164 noticia,
1647 2130 1679 2157 et
1703 2127 1890 2169 promissio
1907 2125 2105 2172 Evangelii,

1112 2183 1156 2204 ne
1180 2171 1399 2206 existimetur
1415 2179 1545 2206 temere
1561 2181 1619 2208 aut
1637 2187 1718 2209 casu
1740 2183 1815 2211 orta
1840 2178 2029 2222 professio,
2056 2180 2104 2213 si-

1111 2229 1167 2256 cut
1191 2223 1460 2267 superstitiones
1484 2225 1672 2271 pleraeque
1697 2226 1734 2260 in
1756 2229 1909 2271 mundo,
1942 2230 1997 2263 vel
2021 2242 2104 2265 casu

1111 2279 1208 2307 ortae
1229 2280 1330 2315 sunt,
1357 2275 1412 2308 vel
1437 2276 1606 2310 excitatae
1624 2289 1643 2310 a
1665 2277 1830 2319 diabolo,
1857 2286 1895 2314 ut
1914 2293 2031 2315 veram
2049 2294 2105 2316 re-

1111 2324 1282 2368 ligionem
1303 2326 1545 2363 obscurarent.

1215 2374 1278 2410 Est
1300 2384 1417 2411 autem
1442 2375 1527 2412 haec
1550 2389 1686 2412 summa
1703 2377 1943 2425 Epigraphes:
1971 2382 2105 2418 Paulus

1113 2425 1305 2472 Apostolus
1323 2426 1498 2463 Romanis
1517 2435 1616 2473 optat
1632 2431 1779 2472 gratiam
1795 2438 1829 2465 et
1847 2444 1978 2477 pacem.
2032 2434 2103 2469 Sed

1114 2479 1244 2513 inserta
1280 2486 1331 2513 est
1366 2480 1588 2524 longiuscula
1629 2481 1818 2527 descriptio
1852 2483 1960 2518 officii
1988 2484 2105 2527 Pauli,

1114 2530 1197 2563 item
1220 2531 1409 2575 descriptio
1434 2530 1633 2574 Evangelii.
1701 2532 1753 2567 Ac
1781 2535 1975 2569 necessaria
2001 2548 2103 2570 causa

1113 2587 1182 2623 est,
1208 2593 1272 2615 cur
1288 2582 1395 2615 officii
1413 2582 1630 2616 mentionem
1647 2583 1763 2626 faciat,
1789 2592 1829 2620 ut
1846 2584 2002 2621 Ecclesia
2021 2589 2105 2621 sciat

1114 2632 1298 2666 doctrinae
1321 2631 1425 2667 Pauli
1456 2634 1671 2667 credendum
1700 2647 1793 2677 esse,
1827 2643 1995 2682 tanquam
2029 2639 2105 2671 voci

1114 2682 1180 2719 Dei
1197 2685 1241 2719 de
1258 2683 1356 2719 coelo
1373 2685 1526 2720 sonanti.
1572 2683 1620 2718 Ut
1637 2685 1746 2729 igitur
1760 2687 1893 2722 Moises
1913 2689 2106 2734 praefatur2

1572 2733 1623 2770 35
