2415 2942
281 105 375 143 1067

644 182 778 234 Caput
808 180 885 221 111.

383 270 422 303 ln
442 266 544 301 tertio
568 264 678 309 capite
696 264 850 308 primum
875 261 942 300 ait,
971 260 1153 294 ministros
1175 259 1267 292 idem

280 320 514 364 Evangelium
541 317 683 354 docere,
733 320 763 347 et
794 312 826 346 D
849 325 908 346 um
937 312 1069 356 pariter
1094 311 1266 344 efficacem

283 385 353 407 esse
389 382 449 415 per
481 380 599 401 vocem
627 364 833 406 Evangelii,
875 363 1116 407 cuiuscunque
1148 362 1268 403 lingua

283 429 392 457 sonet.
448 419 601 453 Damnat
628 416 734 459 igitur
758 414 995 457 arrogantiam
1030 424 1172 452 eorum,
1208 410 1269 455 qui

286 487 319 507 se
344 473 421 506 aliis
446 470 666 506 anteferunt,
717 467 813 510 quasi
839 477 939 498 suum
965 463 1201 497 ministerium
1226 461 1270 494 sit

285 524 476 559 efficacius,
505 531 608 565 quam
633 517 801 554 alioruin,
830 523 869 549 ut
890 514 1067 549 finxerunt
1084 513 1270 547 Pontifices

287 578 328 609 de
347 571 592 615 indulgentiis,
615 581 649 602 se
668 568 768 612 plura
792 574 927 610 peccata
947 565 1144 605 remittere,
1165 574 1269 609 quam

286 627 393 664 alios,
421 625 490 656 imo
509 633 543 654 se
563 621 708 653 educere
732 619 866 650 animas
884 629 922 649 ex
944 615 1159 662 purgatorio.
1213 612 1268 647 Si-

287 677 359 710 mul
378 682 493 708 autem
510 677 654 706 testatur
682 667 738 701 hie
763 669 881 707 locus,
911 665 1033 699 Deum
1058 677 1132 698 esse
1156 664 1272 696 effica-

289 739 360 760 cem
386 737 446 769 per
470 721 705 755 ministerium
731 718 969 761 evangelicum
986 742 996 757 ,
1041 723 1079 749 nt
1106 714 1210 749 Rom.
1241 715 1272 748 1.

289 778 433 811 dicitur:
465 772 694 814 Evangeliutn
719 769 874 813 potentia
899 766 964 801 Dei
991 773 1041 800 est
1060 767 1102 799 ad
1123 766 1271 799 salutem

289 828 385 862 omui
411 826 579 859 credenti.

390 884 513 918 Postea
531 881 627 914 addit
645 884 865 924 praeceptum
891 877 933 910 de
951 876 1112 910 doctrina
1137 873 1272 919 princi-

290 937 359 982 pali
377 933 561 976 Evangelii
580 930 782 969 retinenda,
808 935 840 962 et
859 927 1015 970 regulam
1033 927 1134 960 valde
1152 926 1274 960 utilem

292 988 415 1021 tradit:
451 983 691 1019 Retinendnm
718 992 789 1013 esse
815 979 1104 1018 fundamentum,
1143 978 1178 1010 id
1206 983 1275 1015 est,

292 1038 458 1072 articulos
488 1034 587 1073 fidei,
640 1041 670 1065 et
697 1031 745 1063 ibi
770 1028 962 1064 Ecclesiam
988 1028 1055 1062 Dei
1082 1039 1172 1066 esse,
1213 1027 1275 1060 ubi

292 1090 562 1123 fundamentum
589 1084 771 1116 retinetur.
836 1079 971 1113 Interea
997 1087 1114 1112 tamen
1148 1079 1185 1110 in
1211 1075 1276 1110 hac

293 1139 494 1173 infirmitate
513 1134 697 1168 hominum
718 1133 804 1164 alios
822 1130 931 1174 magis
948 1130 1035 1163 alios
1057 1130 1173 1162 minus
1189 1140 1276 1172 pure

295 1193 427 1223 docere.
483 1186 599 1228 Quam
621 1187 665 1216 nl»
691 1194 827 1216 causam
855 1193 978 1214 omnes
1003 1187 1129 1214 aetates
1152 1180 1188 1212 in
1214 1177 1278 1212 hac

296 1243 364 1274 vita
392 1240 530 1282 aliquos
558 1247 708 1274 naevos,
736 1231 802 1266 hoc
829 1239 897 1271 est,
925 1232 1060 1276 aliquas
1082 1231 1278 1264 incommo-

299 1294 359 1325 das
386 1289 571 1333 opinioni-s
602 1286 765 1319 retinent.
824 1282 919 1315 Haec
945 1288 995 1315 est
1020 1282 1189 1314 sententia
1214 1278 1278 1312 ho-

298 1355 375 1376 rum
410 1339 620 1372 verborum:
666 1335 952 1368 Fundamentum
978 1333 1074 1365 aliud
1100 1332 1183 1375 poni
1207 1342 1280 1363 non

297 1399 427 1437 potest,
468 1395 604 1433 praeter
626 1387 658 1418 id
686 1386 777 1429 quod
813 1384 965 1427 positum
993 1389 1060 1421 est,
1104 1383 1197 1425 quod
1231 1388 1280 1413 est

299 1444 395 1477 lesus
421 1439 591 1474 Christus.
658 1436 724 1469 Sed
761 1434 850 1467 alius
883 1445 986 1477 supra
1013 1433 1281 1465 fundamentum

299 1492 427 1528 extruit
451 1501 594 1528 aurum,
621 1493 824 1526 argeutum,
860 1495 1029 1525 gemmas,
1062 1483 1151 1515 alius
1177 1483 1284 1524 ligna,

299 1544 443 1591 stipulas
462 1548 543 1579 etc.,
572 1539 605 1571 id
633 1545 700 1576 est,
728 1536 816 1568 alius
840 1535 992 1567 illustrat
1014 1533 1179 1565 articulos
1203 1531 1282 1564 fidei

300 1607 380 1628 vera
405 1600 435 1626 et
460 1590 641 1636 perspicua
669 1586 849 1625 doctrina,
882 1584 985 1624 dicit,
1011 1595 1074 1616 cur
1100 1582 1194 1616 filius
1217 1580 1284 1615 Dei

302 1652 444 1678 vocetur
470 1638 593 1688 λόγος,
623 1638 705 1683 quid
726 1638 767 1670 sit
792 1642 970 1679 peccatum
995 1632 1174 1677 Originis,
1200 1632 1285 1677 qnid

305 1694 441 1730 intersit
470 1694 562 1725 inter
588 1690 714 1731 Legem
740 1694 771 1720 et
798 1686 1074 1725 promissiones,
1108 1684 1286 1729 quomodo

303 1750 406 1781 detur
429 1742 564 1777 homini
589 1740 746 1773 remissio
765 1744 1002 1782 peccatorum,
1030 1736 1112 1780 quid
1132 1735 1175 1767 sit
1195 1732 1286 1767 Gra-

303 1800 369 1838 tia,
396 1796 481 1841 quid
499 1793 618 1831 fides,
654 1801 741 1834 quae
760 1799 864 1832 opera
892 1787 1050 1830 placeant
1079 1784 1173 1825 Deo,
1201 1796 1288 1829 quae

304 1850 373 1882 sint
416 1843 620 1879 discrimina
664 1840 794 1885 peccati
839 1837 1016 1881 regnantis
1050 1843 1083 1869 et
1126 1848 1197 1869 non
1234 1847 1288 1867 re-

306 1898 455 1943 gnantis.

407 1956 480 1991 Alii
507 1966 587 1986 vero
621 1952 764 1994 stipulas
795 1961 898 1993 supra
927 1948 1195 1981 fundamentum
1232 1957 1290 1977 ex-

307 2016 452 2048 truunt,
480 2004 652 2038 utstatim
679 2002 780 2034 initio
806 2000 991 2043 scriptores
1013 1999 1290 2030 obscuraverunt

308 2059 504 2094 doctrinam
531 2056 573 2087 de
600 2053 736 2087 lustitia
756 2051 852 2089 fului,
880 2058 912 2083 et
937 2056 1110 2082 auxerunt
1133 2059 1289 2080 ceremo-

309 2112 403 2145 nias.
427 2116 460 2141 et
483 2107 669 2138 vinxerunt
685 2115 755 2136 esse
778 2102 969 2144 peculiares
987 2100 1119 2137 cultus,
1146 2098 1289 2131 suerunt

310 2162 469 2195 duriores
488 2168 592 2201 quam
612 2154 766 2198 oportuit
788 2153 821 2184 in
842 2151 1085 2195 praecipiendo
1106 2149 1293 2187 coelibatu,

312 2213 526 2245 miscuerunt
544 2207 696 2250 aliquam
714 2202 828 2235 adluic
848 2203 1080 2234 verecundam
1098 2199 1292 2232 invocatio-

313 2274 391 2295 nem
418 2266 655 2293 mortuorum:
684 2253 758 2288 Ora
774 2265 837 2297 pro
857 2265 910 2285 me
929 2258 1046 2284 sancte
1065 2250 1175 2284 Pon-e.
1222 2248 1293 2281 Ta-

313 2315 361 2346 les
382 2310 528 2354 stipulae
550 2308 681 2340 multae
703 2305 869 2338 omnibus
895 2303 1067 2335 aetatibus
1089 2302 1296 2334 condonan-

316 2371 372 2396 tur
394 2359 627 2394 retinentibus
646 2357 927 2390 fundamentum.

418 2419 522 2453 L'titis
549 2418 655 2456 igitur
679 2413 874 2448 admonitio
892 2413 928 2444 in
951 2410 1017 2444 hoc
1037 2410 1147 2453 capite
1165 2406 1295 2452 propo-

317 2474 431 2509 nitur,
459 2469 638 2508 videlicet,
667 2473 704 2499 ut
730 2465 876 2497 sciamus
901 2464 963 2495 ubi
980 2463 1022 2495 sit
1041 2460 1215 2497 Ecclesia,
1245 2459 1298 2491 vi-

318 2523 460 2560 delicet,
494 2519 553 2550 ubi
580 2518 847 2549 fundamentum
878 2515 1059 2547 retinetur.

318 2572 494 2607 Ecclesiae
523 2568 695 2606 membra,
730 2567 788 2610 qui
817 2565 909 2597 idola
934 2563 1158 2609 pertinatiter
1179 2561 1299 2594 defen-

320 2628 434 2662 dunt,
483 2627 515 2652 et
547 2618 700 2662 aliquem
737 2617 922 2649 articulum
961 2615 1041 2649 fidei
1076 2612 1325 2658 pertinaciter*

320 2678 396 2707 datr
404 2686 423 2705 n
431 2685 443 2704 ’,
450 2685 470 2704 n
477 2678 497 2704 t.

1121 2511 1192 2543 §ec
1218 2516 1300 2543 sunt
1323 2523 1326 2528 ¹

874 93 998 129 PHIL.
1028 91 1145 129 MEL.
1185 90 1395 129 SCRIPTA
1417 90 1719 130 EXEGETICA.

2207 96 2302 131 1068

1420 178 1558 214 Deinde
1579 186 1619 213 nt
1643 179 1792 214 sciamus
1815 181 1852 214 in
1877 193 1957 216 vera
1980 180 2136 216 Ecclesia
2161 193 2303 216 manere

1320 230 1455 275 aliquas
1485 231 1725 265 incommodas
1756 231 1964 276 opiniones,
1996 245 2084 278 quae
2109 234 2153 267 ab
2182 233 2302 266 erudi-

1320 282 1469 315 tioribus
1488 282 1729 315 emendandae
1747 290 1850 323 sunt,
1877 294 1940 316 nec
1957 290 2100 327 propter
2116 295 2172 318 eas
2190 284 2303 317 imbe-

1321 332 1413 366 cillia
1431 333 1586 366 membra
1610 333 1811 366 damnanda
1831 340 1930 374 sunt,
1956 334 1985 366 si
2000 340 2115 368 tamen
2132 334 2249 368 doceri
2267 346 2303 368 se

1321 383 1459 421 sinant,
1492 390 1526 417 et
1551 383 1643 416 absit
1669 383 1872 427 pervicacia.
2046 380 2048 382 ¹

1423 432 1506 467 Ideo
1524 433 1659 479 inquit:
1684 431 1768 467 Dies
1786 434 1999 476 declarabit,
2025 435 2205 476 videlicet,
2232 447 2305 468 non

1322 490 1457 518 tantum
1483 484 1627 518 extremi
1649 484 1792 526 iudicii,
1827 486 1885 518 sed
1905 497 2116 531 quocunque
2141 491 2309 530 tempore,

1323 547 1402 568 cum
1428 535 1587 568 doctrina
1615 535 1831 577 illustratur,
1873 543 1912 569 ut
1938 548 2033 570 nunc
2055 536 2130 569 dies
2155 536 2309 570 declarat

1323 586 1582 619 invocationem
1621 593 1844 620 mortuorum
1880 587 2004 620 falsam
2036 593 2069 620 et
2102 586 2309 621 commenti·

1324 637 1407 671 tiam
1434 647 1517 671 esse.

1424 686 1470 720 Et
1495 687 1590 732 quod
1615 686 1728 720 addit:
1766 685 1807 720 In
1831 687 1911 730 igne
1937 687 2104 728 revelari,
2138 687 2309 731 significat

1325 737 1551 778 tentationes,
1581 744 1618 771 ut
1637 736 1860 777 Bernardus,
1889 738 2139 772 Bonaventura
2165 738 2200 770 in
2227 750 2308 771 vera

1326 789 1518 821 tentatione
1545 788 1686 822 discunt
1713 789 1931 834 acquiescere
1965 789 2091 822 fiducia
2126 788 2188 821 filii
2223 787 2309 828 Dei,

1325 851 1398 871 non
1421 849 1564 872 suorum
1591 850 1751 885 operum.
1814 838 1865 873 lta
1893 840 2005 883 ignis,
2039 840 2074 874 id
2103 846 2169 878 est,
2198 845 2309 873 tenta-

1327 890 1440 923 tiones
1468 896 1502 923 et
1531 889 1642 923 multa
1664 890 1853 924 certamina
1877 898 2030 935 purgant
2056 897 2089 925 et
2114 890 2312 924 instaurant

1326 940 1535 975 doctrinam.

1427 989 1468 1024 In
1491 990 1612 1023 eodem
1634 989 1738 1024 tertio
1764 990 1875 1034 capite
1907 997 1984 1035 post
2008 990 2189 1032 medium,
2232 1001 2310 1025 cum

1330 1042 1396 1076 ait:
1442 1040 1523 1074 Non
1543 1041 1638 1074 scitis
1664 1052 1725 1074 vos
1742 1041 1914 1085 templum
1936 1040 2002 1074 Dei
2027 1042 2124 1074 esse?
2151 1041 2243 1075 redit
2269 1042 2311 1074 ad

1328 1092 1609 1126 extenuationem
1645 1089 1821 1125 humanae
1847 1091 2039 1135 sapientiae
2061 1092 2098 1124 in
2122 1092 2311 1126 iudicanda

1328 1143 1510 1177 voluntate
1528 1140 1624 1182 Dei,
1658 1148 1690 1175 et
1716 1143 1843 1176 acriter
1859 1143 2020 1186 obiurgat
2039 1149 2213 1176 tumentes
2231 1155 2312 1187 per-

1329 1194 1491 1227 suasione
1520 1193 1730 1237 sapientiae,
1759 1193 1818 1238 qui
1844 1193 2007 1227 videlicet
2034 1191 2190 1226 humano
2218 1194 2313 1227 iudi-

1330 1245 1383 1278 cio
1407 1244 1533 1277 volunt
1558 1243 1721 1287 amplecti
1745 1243 1940 1285 concinna,
1967 1251 2000 1278 et
2015 1245 2134 1287 fugere
2150 1245 2314 1280 absurda.

1333 1295 1429 1338 Quid
1449 1302 1564 1328 autem
1583 1294 1770 1327 absurdius
1794 1301 1843 1327 est
1859 1291 2016 1328 humano
2032 1294 2182 1336 iudicio,
2210 1307 2314 1340 quam

1333 1346 1444 1378 filium
1480 1344 1545 1378 Dei
1581 1344 1761 1387 crucifigi?
1814 1343 1934 1387 Quare
1971 1351 2003 1378 et
2039 1345 2316 1379 innumerabiles

1334 1394 1494 1429 homines
1523 1392 1785 1428 abhorruerunt
1809 1396 1852 1428 ab
1877 1393 2090 1439 Evangelio,
2139 1396 2225 1430 moti
2251 1394 2316 1429 hac

1334 1445 1567 1485 absurditate,
1595 1456 1698 1490 quam
1719 1451 1751 1477 et
1766 1445 2029 1488 exagitaverunt
2047 1446 2149 1479 multi
2167 1447 2316 1491 scriptis,

1337 1504 1374 1530 ut
1389 1496 1587 1536 Lucianus,
1618 1494 1794 1535 lulianus,
1821 1502 1853 1529 et
1870 1495 1942 1528 alii.

1438 1545 1520 1579 ldeo
1538 1545 1667 1578 Paulus
1682 1543 1740 1578 hic
1758 1546 1822 1579 ait:
1848 1545 1937 1579 Cum
1955 1545 2030 1580 sitis
2049 1547 2220 1590 templum
2240 1545 2318 1588 Dei,

1337 1598 1373 1630 iu
1395 1609 1464 1641 quo
1488 1596 1619 1629 scilieet
1636 1607 1715 1628 vera
1737 1596 1813 1628 luce
1830 1595 1983 1640 Spiritus
1999 1603 2138 1630 sanctus
2162 1597 2230 1630 iam
2254 1595 2318 1630 ha-

1339 1648 1442 1688 bitat,
1475 1647 1591 1680 videte
1606 1658 1650 1678 ne
1668 1643 1758 1679 hanc
1776 1646 1887 1679 lucem
1912 1647 2121 1690 extinguatis
2144 1648 2318 1682 accersitis

1339 1696 1505 1731 humanis
1531 1697 1778 1740 opinionibuS,
1831 1704 1863 1730 et
1889 1697 1934 1730 ita
1963 1698 2197 1742 corrumpatis
2230 1705 2320 1732 tem-

1341 1750 1438 1792 plum
1457 1747 1542 1785 Dei,
1569 1748 1658 1781 sicut
1674 1746 1834 1781 Iulianus
1854 1748 2024 1781 abiiciens
2049 1760 2164 1781 veram
2188 1750 2320 1784 doctri-

1340 1812 1439 1840 nam,
1466 1811 1505 1832 ex
1523 1797 1588 1831 Dei
1616 1798 1747 1841 templo
1769 1798 1879 1831 sactus
1903 1805 1952 1832 est
1977 1810 2147 1842 organum
2174 1800 2320 1844 diaboli.

1341 1850 1455 1893 Quam
1484 1849 1584 1882 multi
1611 1848 1777 1882 deficiunt
1808 1846 1892 1882 hodi
1925 1847 2030 1882 hodie
2060 1850 2104 1883 ab
2126 1848 2319 1894 Evangelio

1341 1901 1425 1934 moti
1453 1899 1605 1933 humana
1629 1899 1799 1943 sapientia
1819 1900 1874 1932 vel
1893 1900 1929 1932 in
1951 1900 2082 1934 iudicio
2107 1901 2322 1944 dogmatum,

1341 1952 1396 1985 vel
1420 1957 1563 1995 propter
1584 1950 1758 1985 scandala.

1442 2000 1607 2034 Humana
1625 2000 1792 2044 sapientia
1811 2008 1878 2041 est,
1908 2013 1986 2034 cum
2005 2001 2202 2045 disputant,
2231 2001 2320 2036 nihil

1342 2053 1550 2086 mutandum
1569 2063 1641 2085 esse
1658 2052 1696 2083 in
1715 2051 1785 2084 ritu
1804 2050 1932 2084 Missae
1946 2079 1954 2093 ,
1983 2052 2063 2097 quia
2084 2053 2236 2097 populus
2256 2052 2322 2087 hoc

1342 2103 1437 2136 cultu
1458 2109 1635 2143 teneatur,
1670 2114 1738 2147 quo
1764 2103 1910 2144 amisso,
1945 2103 2096 2151 populus
2121 2105 2242 2138 omnio
2267 2105 2323 2138 fiet

1342 2152 1557 2198 prophanus.

1445 2203 1610 2237 Humana
1641 2203 1811 2247 sapientia
1841 2210 1909 2244 est,
1949 2205 2042 2248 quod
2067 2204 2191 2238 iubent
2213 2205 2321 2251 aliqui

1346 2267 1463 2299 pacem
1490 2255 1663 2288 anteferre
1688 2266 1788 2287 verae
1816 2254 1994 2288 doctrinae
2010 2282 2019 2296 ,
2062 2262 2094 2288 et
2117 2263 2323 2299 praetexunt

1347 2304 1437 2339 lianc
1456 2317 1610 2339 causam:
1640 2303 1732 2347 Quia
1753 2305 1780 2337 si
1800 2312 1904 2338 erunt
1921 2305 2027 2346 bella,
2055 2313 2246 2350 sequentur
2264 2320 2325 2340 va-

1347 2357 1530 2396 stationes,
1559 2356 1596 2388 in
1614 2356 1742 2400 quibus
1765 2356 1940 2389 delebitur
1961 2356 2133 2391 doctrina.
2187 2355 2234 2391 Et
2253 2370 2325 2391 me—

1349 2408 1416 2440 lius
1438 2414 1543 2446 esset,
1581 2407 1736 2451 aliquam
1759 2407 1913 2439 fucosam
1938 2406 2140 2449 religionem
2169 2409 2325 2446 retineri.

1348 2470 1451 2504 quam
1476 2458 1622 2492 nullam.
1676 2456 1768 2489 Haec
1786 2454 1937 2489 humana
1955 2458 2099 2490 consilia
2121 2459 2236 2492 omnia
2261 2472 2324 2503 pu-

1348 2515 1455 2553 gnant
1473 2520 1551 2541 cum
1571 2506 1823 2541 mandatoDei:
1842 2506 1919 2539 Non
1936 2504 2325 2546 babebisdeosalienos.

1453 2558 1587 2601 Quanti
1616 2559 1750 2591 furores
1774 2563 1855 2590 sunt
1880 2555 1987 2591 hodie
2014 2559 2223 2601 multorum,
2266 2563 2326 2606 qui

1350 2611 1552 2653 dogmatum
1572 2608 1834 2642 conciliationes
1852 2614 1911 2642 aut
1928 2608 2113 2649 ἐπιεικείας
2129 2611 2277 2654 fingunt,
2295 2620 2326 2644 et

1351 2661 1532 2694 veritatem
1555 2658 1808 2703 corrumpunt?
