2415 2942
104 77 200 114 1269
322 74 421 112 XIII.

102 162 320 197 domicilium
342 169 374 196 et
392 174 565 206 organum
585 161 663 196 Dei.
708 163 791 196 Ideo
809 162 940 197 Paulus
963 162 1094 208 inquit,

107 213 278 248 honorem
297 214 530 247 tribuendum
546 226 618 247 esse
637 214 788 258 corpori.

202 270 405 314 Cogitemus
430 272 558 314 igitur,
585 279 755 316 quantum
783 271 865 303 mali
891 269 1018 305 sithoc
1036 283 1094 303 or-

104 334 220 366 ganon
250 329 284 355 et
316 323 534 356 domicilium
562 321 629 355 Dei
664 323 864 365 petulanter
904 324 1094 361 destruere,

105 374 160 406 vel
176 373 293 405 inedia
310 374 363 405 vel
381 373 548 416 ingluvie.
600 370 647 405 Et
669 373 771 405 valde
793 372 956 416 impediri
980 373 1094 405 ebrie·

103 431 173 458 tate
191 424 425 457 intentionem
441 423 662 465 cogitationis
681 424 723 456 de
743 424 833 463 Deo,
862 431 895 457 et
913 425 988 467 pios
1016 435 1093 455 mo-

103 481 160 507 tus
182 474 218 506 in
241 475 367 514 corde,
401 474 554 508 ostendit
580 473 712 506 dictum
731 471 843 507 Oseae
860 474 916 508 4.:
951 474 1092 507 Scorta-

106 525 173 564 iio‚
214 524 335 557 vinum
365 531 398 558 et
423 524 573 557 ebrietas
598 525 763 557 auferunt
785 537 855 558 cor.
921 523 967 558 Et
992 537 1091 567 expe-

104 575 230 608 rientia
248 575 370 617 genuit
390 572 474 607 haec
491 575 600 608 dicta:
627 572 672 607 Et
686 573 805 608 Venus
823 575 859 607 in
879 575 986 614 vinis,
1004 575 1094 616 ignis

106 627 144 658 in
163 626 241 668 igne
258 626 354 659 furit.
407 625 452 658 Et
468 627 592 670 Odyss.
611 625 680 658 Φ.’;
714 623 760 660 Οἷ
779 624 806 659 τ’
834 624 937 671 αὐτῷ
958 622 1094 670 πρώτῳ

106 674 222 710 κακὸν
243 674 369 722 εὕρετο
386 674 650 721 οἷιιόβαρείων,
668 676 703 708 id
723 684 783 717 est,
800 676 875 710 Sibi
897 677 961 720 ipsi
980 677 1093 720 primo

106 727 237 760 malurn
256 728 390 761 invenit
409 727 491 759 vino
510 733 682 769 gravatus.
732 726 850 769 Quare
869 734 899 760 et
918 726 1094 760 Dominus

104 778 237 822 inquit:
264 777 392 811 Cavete
409 790 452 810 ne
473 779 577 810 corda
599 784 710 810 vestra
737 784 928 820 graventur
952 777 1092 820 crepula

104 834 137 862 et
161 828 339 863 ebrietate.
394 828 440 862 Et
465 829 496 863 1.
514 826 611 861 Petri
627 828 663 862 4.
690 829 836 861 dicitur:
872 828 957 861 Sitis
983 828 1092 861 sobrii

104 880 145 912 ad
168 880 395 922 precationes.

206 936 325 970 Simus
356 938 463 981 igitur
485 949 524 971 eo
554 943 803 980 temperantes,
837 944 875 970 ut
902 948 1027 979 corpus
1055 936 1091 968 in

109 989 303 1032 praesentia
330 989 375 1021 sit
391 989 556 1022 idoneum
581 989 623 1020 ad
647 988 874 1031 cogitationes
897 989 940 1020 de
963 987 1034 1020 Deo
1062 994 1093 1020 et

105 1041 147 1072 ad
168 1045 281 1072 motus
304 1039 464 1079 divinos,
492 1047 524 1072 et
550 1040 594 1073 sit
618 1039 817 1072 durabilius
841 1046 873 1072 et
897 1039 1030 1071 firmius
1056 1038 1092 1069 in

105 1097 251 1123 senecta.

207 1148 313 1190 Quod
342 1156 456 1183 autem
483 1148 598 1192 inquit
622 1148 768 1181 Paulus:
796 1148 850 1182 Ad
876 1148 1090 1182 saturitatem

106 1200 238 1237 carnis,
280 1200 377 1232 iubet
403 1200 450 1232 sic
479 1200 634 1232 tribuere
659 1197 827 1232 honorem
855 1199 1013 1242 corpori,
1055 1205 1092 1231 ut

105 1258 276 1296 quantum
302 1251 384 1283 satis
408 1258 456 1283 est
476 1251 671 1290 tribuatur,
701 1251 790 1287 cibi,
818 1257 938 1292 potus,
965 1250 1092 1289 somni,

106 1302 363 1335 exercitiorum.
419 1299 584 1334 Excludit
601 1301 707 1343 igitur
727 1307 760 1334 et
778 1301 951 1333 defectum
975 1308 1007 1334 et
1033 1313 1091 1332 ex-

108 1364 254 1386 cessum.
330 1351 419 1385 Nam
450 1349 643 1396 πλησμονὴ
676 1363 747 1384 non
778 1351 947 1392 significat
976 1362 1092 1383 exces-

106 1416 182 1436 sum
206 1403 260 1435 vel
292 1403 589 1446 superfluitatem,
625 1404 683 1435 sed
713 1402 928 1435 saturitatem
965 1413 1091 1433 conve-

104 1455 259 1487 nientem
283 1453 442 1499 corpori,
470 1461 503 1487 et
528 1453 686 1486 existimo
705 1452 852 1485 Paulum
885 1453 991 1484 verbo
1019 1452 1094 1495 ple·

106 1506 198 1538 niori
219 1516 318 1537 usum
339 1516 411 1536 esse
433 1506 476 1537 ad
502 1505 672 1538 taxandos
689 1501 908 1548 hypocritas,
937 1503 998 1547 qui
1017 1514 1094 1534 ror-

108 1568 189 1597 pora
212 1555 361 1587 nimium
388 1555 599 1588 fraudabant
629 1554 832 1586 necessariis
860 1553 1096 1591 adminiculis,

110 1613 142 1638 et
172 1605 394 1638 accersebant
421 1607 563 1637 morbos
592 1612 623 1637 et
647 1604 771 1636 deliria
805 1604 969 1640 cerebri,
1012 1603 1094 1634 inde

107 1656 285 1698 fingebant
317 1655 383 1688 sibi
412 1657 550 1689 ostendi
577 1654 741 1688 vaticinia
767 1661 799 1688 et
825 1660 978 1698 spectra,
1007 1654 1095 1686 sicut

107 1707 236 1740 multos
256 1706 418 1740 vidimus.

432 1863 567 1915 Caput
604 1863 780 1903 tertium.

216 1964 255 1997 ln
280 1964 459 2009 prioribus
481 1964 621 1996 duobus
644 1962 816 2005 capitibus
842 1962 986 1995 tradidit
1004 1961 1095 1995 Pau-

111 2018 165 2050 lus
188 2028 358 2049 summam
388 2014 574 2058 Evangelii
604 2022 636 2046 et
660 2013 938 2046 admonitionem
972 2014 1015 2046 de
1042 2026 1096 2045 ca-

113 2068 236 2100 vendis
253 2066 460 2109 corruptelis
479 2066 670 2104 doctrinae,
692 2064 821 2097 taxavit
839 2064 940 2096 falsas
959 2065 1098 2106 opinio-

114 2130 175 2151 nes
204 2120 245 2150 de
279 2117 487 2149 ceremoniis
511 2115 677 2149 Mosaicis
705 2122 738 2149 et
768 2116 810 2147 de
840 2115 1100 2155 traditionibus,

113 2181 202 2214 quae
220 2170 400 2211 finguntur
419 2165 571 2200 humana
590 2166 733 2199 audacia
753 2165 789 2198 in
809 2163 976 2199 Ecclesia.

217 2236 321 2270 Nunc
351 2236 388 2267 in
415 2235 518 2268 tertio
542 2233 654 2277 capite
686 2232 803 2265 incoat
834 2232 1030 2265 doctrinam
1058 2234 1101 2265 de

117 2288 219 2321 bonis
237 2286 438 2332 Operibus,
467 2285 504 2318 in
522 2297 588 2330 qua
607 2290 688 2316 sunt
705 2283 835 2317 multae
852 2283 972 2316 dulces
989 2284 1097 2316 virtu-

117 2347 192 2373 tum
217 2337 470 2382 descriptiones
495 2342 526 2369 et
551 2335 700 2377 insignia
720 2335 890 2378 quaedam
910 2341 1100 2378 praecepta,

118 2390 221 2435 quale
247 2396 295 2422 est
320 2386 384 2422 hoc
415 2390 458 2420 de
488 2386 690 2419 assiduitate
712 2385 748 2417 in
774 2388 932 2417 docendo
954 2393 986 2418 et
1009 2385 1103 2428 cogi-

120 2442 228 2474 tando
255 2451 415 2473 sermone
443 2438 613 2471 divinitus
639 2435 799 2470 traditio:
827 2435 951 2469 Sermo
973 2434 1104 2469 Chi-isti

121 2489 256 2525 habitet
280 2491 316 2523 in
339 2490 440 2523 vobis
465 2489 604 2522 abunde
628 2499 706 2521 cum
735 2486 833 2519 omni
857 2487 1048 2530 sapientia,
1075 2494 1107 2520 et

125 2544 246 2575 docete
270 2549 302 2575 et
327 2540 613 2574 commonefacite
635 2549 696 2571 vos
721 2544 857 2571 mutuo.
910 2537 1004 2571 Huic
1026 2538 1107 2571 dul—

123 2593 282 2625 cissimae
316 2591 550 2625 admonitioni
580 2601 703 2622 omnes
738 2590 1039 2633 obtemperemus,
1077 2596 1111 2622 et

126 2656 224 2688 saepe.
241 2644 416 2686 leg-imus,
445 2643 627 2675 audiamus
645 2647 677 2674 et
701 2639 890 2683 cogitemus
914 2640 1111 2674 doctrinam

473 75 508 112 5.
535 74 838 113 ENARRATIO
867 76 1018 113 EPIST.
1046 72 1194 110 PAULI
1223 70 1289 106 AD
1317 71 1671 109 COLOSSENSES.
1724 73 1829 110 CAP.
1854 75 1920 111 111.

2038 79 2134 113 1270

1144 171 1162 192 a
1182 158 1256 192 Deo
1275 160 1455 197 traditam,
1484 166 1523 192 ut
1547 171 1610 192 nos
1636 160 1823 194 excitemus
1847 162 1889 194 ad
1912 161 2127 205 agnitionem

1145 209 1227 248 Dei,
1254 211 1298 242 ad
1320 222 1435 242 veram
1460 210 1717 243 invocationem
1746 219 1777 244 et
1800 213 1841 244 ad
1871 213 2030 246 timorem
2049 212 2126 249 Dei.

1143 258 1269 292 Deus
1298 260 1391 292 enim
1428 260 1546 293 efficax
1579 268 1627 294 est
1656 262 1866 304 cogitatione
1889 263 1986 296 verbi
2010 264 2130 307 ipsius,

1144 319 1181 344 ut
1216 317 1248 343 et
1283 309 1443 343 psalmus
1479 312 1594 343 docet:
1631 311 1807 345 Sustinuit
1842 314 1957 346 anima
1987 325 2062 347 mea
2090 314 2128 347 in

1144 362 1250 394 verbo
1275 360 1366 399 eius,
1394 361 1544 402 speravit
1569 362 1684 394 anima
1709 375 1784 395 mea
1809 363 1845 395 in
1863 362 2031 399 Domino.
2084 362 2130 397 Et

1143 411 1247 445 Rom.
1267 412 1298 444 1.
1324 411 1467 443 dicitur:
1496 409 1728 454 Evangelium
1747 420 1796 446 est
1820 414 1974 457 potentia
1991 414 2058 447 Dei
2084 416 2129 448 ad

1143 463 1290 496 salutem
1312 462 1409 494 omni
1429 463 1595 496 credenti.

1245 511 1405 556 Suntque
1433 512 1630 544 damnanda
1661 512 1889 547 deliramenta
1920 514 2128 548 Stencfeldii

1143 570 1175 596 et
1202 562 1370 595 similium
1401 560 1694 595 enthusiastarum
1713 590 1722 603 ‚
1763 564 1824 606 qui
1855 565 1991 607 fingunt
2014 565 2129 598 Deum

1141 625 1213 646 sese
1236 612 1497 646 communicare
1532 613 1607 645 sine
1633 613 1844 655 cogitatione
1878 616 1975 647 verbi
2000 616 2128 656 divini,

1143 671 1177 697 et
1199 664 1379 696 abducunt
1406 660 1568 695 homines
1591 676 1608 695 a
1627 664 1822 697 ministerio
1840 663 2023 708 Evangelii
2051 673 2084 700 et
2109 678 2128 699 a

1143 714 1291 748 lectione
1309 721 1342 746 et
1364 714 1574 756 cogitatione
1600 714 1791 748 doctrinae.
1851 714 1983 748 Paulus
2008 723 2129 749 contra

1143 765 1275 809 inquit:
1313 763 1458 797 Habitet
1484 764 1575 796 inter
1602 776 1681 802 vos,
1720 772 1752 797 et
1776 765 1936 808 quidem,
1965 764 2130 799 Abunde.

1146 815 1184 848 ln
1204 822 1351 859 utraque
1369 826 1451 847 voce
1471 814 1618 857 insignis
1640 812 1814 858 emphasis
1835 822 1895 850 est.
1949 815 2038 849 Vult
2057 828 2129 849 ser-

1143 878 1282 899 monem
1302 865 1461 899 divinum
1482 865 1528 898 ita
1546 865 1766 898 familiariter
1783 866 1884 899 nobis
1899 873 2022 900 notum
2047 878 2131 907 esse,

1144 924 1180 950 ut
1197 923 1279 949 sunt
1306 917 1365 961 qui
1391 917 1428 948 in
1456 917 1575 949 eadem
1595 916 1727 948 familia
1746 917 1931 950 nobiscum
1956 914 2130 953 habitant.

1144 967 1214 1000 Nec
1237 968 1387 1000 dubium
1415 973 1465 999 est
1496 967 1531 999 in
1557 967 1618 998 illo
1654 974 1789 1008 pectore
1818 965 1977 1000 habitare
2001 967 2129 1009 Deum,

1144 1019 1237 1063 quod
1264 1019 1300 1050 in
1325 1018 1553 1050 conversione
1581 1025 1611 1050 et
1633 1018 1701 1050 fide
1726 1018 1853 1060 cogitat
1882 1019 2026 1051 verbum
2051 1018 2131 1059 Dei,

1146 1081 1183 1101 ac
1208 1069 1283 1102 vult
1305 1068 1434 1101 Paulus
1467 1068 1605 1111 copiose
1634 1068 1794 1109 cogitare.
1861 1066 1972 1102 Addit
1996 1076 2129 1103 autem:

1146 1118 1233 1152 Cum
1260 1120 1357 1152 omni
1381 1119 1570 1162 sapientia,
1605 1119 1639 1151 id
1668 1126 1738 1159 est,
1778 1119 1852 1152 vult
1875 1119 1962 1162 legi,
1996 1131 2069 1152 non
2091 1125 2131 1153 ut

1147 1183 1369 1213 excerpamus
1396 1170 1553 1203 mutilata
1580 1170 1690 1207 dicta,
1718 1176 1755 1202 ut
1777 1170 1818 1202 ad
1846 1181 1969 1213 pravas
1993 1170 2131 1214 cupidi-

1145 1228 1250 1259 tates,
1287 1222 1328 1253 ad
1354 1221 1623 1260 assentationes,
1657 1221 1698 1252 ad
1727 1221 1968 1253 cavillationes
1990 1228 2023 1253 et
2052 1233 2130 1254 cor-

1146 1272 1299 1315 ruptelas
1314 1272 1608 1315 detorqueantur,
1632 1278 1669 1304 ut
1695 1283 1830 1314 semper
1848 1269 2011 1304 haeretici
2031 1283 2131 1316 prae-

1143 1322 1254 1364 stigiis
1273 1319 1526 1364 sophismatum
1546 1322 1705 1354 luserunt
1725 1328 1758 1354 et
1778 1321 1918 1354 ludunt.

1249 1373 1318 1405 Sed
1344 1373 1446 1404 redeo
1471 1374 1513 1403 ad
1544 1371 1684 1404 initium
1710 1371 1803 1404 tertii
1829 1371 1961 1414 capitis.
2014 1371 2132 1414 Argu-

1145 1430 1302 1456 mentum
1332 1422 1559 1465 praeponitur
1584 1422 1746 1455 concioni
1770 1423 1812 1454 de
1838 1422 1940 1454 bonis
1966 1422 2132 1466 operibus

1146 1474 1313 1507 usitatum
1352 1473 1479 1512 Paulo,
1512 1475 1655 1504 ductum
1691 1484 1708 1504 a
1751 1484 1852 1504 causa
1881 1479 1912 1506 et
1940 1473 2132 1506 effectibus.

1149 1524 1257 1557 Vetus
1282 1530 1405 1556 mini-a
1431 1530 1478 1555 est
1503 1531 1640 1555 mortua
1667 1523 1702 1554 in
1725 1523 1921 1563 conversis,
1949 1521 2043 1566 Ergo
2059 1535 2133 1557 non

1149 1574 1192 1607 sit
1206 1575 1335 1607 efficax.
1390 1572 1486 1606 Vivit
1513 1580 1627 1605 autem
1653 1574 1688 1605 in
1714 1573 1813 1605 vobis
1830 1571 2009 1612 Christus,
2037 1571 2132 1617 Ergo

1149 1625 1192 1658 sit
1219 1625 1356 1662 efficax,
1398 1631 1429 1657 et
1454 1624 1583 1656 inserta
1610 1632 1658 1657 est
1683 1623 1876 1667 occupatio.
1935 1623 2010 1658 Cur
2034 1624 2133 1663 dicis,

1149 1688 1221 1708 non
1239 1675 1458 1707 resuscitatos
1476 1686 1546 1707 esse
1562 1686 1640 1707 cum
1657 1671 1819 1714 Christo,
1840 1686 1918 1707 cum
1937 1682 2053 1708 tamen
2070 1676 2134 1708 ad-

1150 1724 1218 1759 huc
1243 1726 1352 1758 simus
1379 1725 1524 1758 subiecti
1551 1725 1673 1763 morti,
1717 1725 1918 1767 ingentibus
1942 1726 2132 1767 aerumnis,

1151 1775 1314 1809 horribili
1340 1776 1452 1809 luctae
1475 1788 1551 1807 cum
1580 1782 1736 1818 peccato,
1765 1776 1954 1819 pavoribus
1973 1783 2007 1809 et
2028 1777 2133 1809 dubi-

1150 1826 1366 1860 tationibus?
1393 1827 1447 1859 Aa
1468 1824 1557 1859 lianc
1574 1826 1805 1859 obiectionem
1822 1829 2027 1870 respondet:
2054 1826 2133 1860 Vita

1151 1886 1262 1911 vestra
1286 1878 1488 1910 abscondita
1513 1884 1562 1910 est
1585 1889 1662 1910 cum
1680 1875 1822 1910 Christo
1847 1877 1883 1909 in
1902 1876 1993 1917 Deo,
2022 1877 2056 1909 id
2074 1885 2135 1918 est,

1150 1930 1211 1962 etsi
1239 1929 1373 1961 incoata
1400 1936 1449 1961 est
1476 1928 1565 1967 vita,
1603 1934 1718 1960 tamen
1745 1929 1903 1961 nondum
1930 1928 2040 1971 gloria
2067 1926 2133 1961 Ec-

1150 1980 1273 2013 clesiae
1291 1980 1522 2022 conspicitur,
1549 1979 1794 2021 conspicienda
1812 1986 1895 2012 tunc
1912 1991 1989 2011 cum
2007 1978 2134 2012 Domi-

1152 2043 1215 2064 nus
1235 2042 1354 2063 rursus
1373 2030 1565 2073 apparebit.
1602 2029 1703 2062 Nunc
1726 2027 1894 2063 habemus
1911 2030 2027 2070 initia,
2045 2041 2134 2074 quae

1150 2079 1264 2114 adhuc
1286 2088 1372 2114 tecta
1390 2088 1471 2114 sunt
1494 2086 1604 2113 morte
1622 2080 1797 2123 corporis,
1825 2079 1982 2125 reliquiis
2004 2079 2135 2123 peccati

1151 2140 1182 2165 et
1207 2132 1342 2175 magnis
1367 2131 1545 2164 aerumnis
1565 2158 1573 2170 ,
1622 2131 1709 2163 sicut
1738 2131 1853 2175 inquit
1876 2129 1979 2166 Rom.
1999 2131 2051 2165 8.:
2095 2130 2135 2164 Si

1148 2181 1310 2217 Christus
1334 2189 1384 2215 est
1411 2182 1447 2214 in
1476 2183 1594 2222 vobis,
1623 2193 1749 2225 corpus
1775 2188 1954 2214 mortuum
1981 2188 2032 2215 est
2050 2193 2134 2225 pro-

1152 2241 1225 2277 pter
1259 2240 1438 2277 peccatum
1456 2259 1464 2273 ‚
1506 2233 1650 2277 spiritus
1675 2239 1789 2266 autem
1822 2232 1892 2265 vita
1921 2239 1970 2265 est
1993 2239 2137 2276 propter

1152 2284 1337 2318 iusticiam.

1253 2334 1321 2368 Hic
1354 2336 1485 2368 multae
1516 2335 1670 2378 insignes
1702 2333 1868 2366 materiae
1900 2333 2137 2375 continentur,

1154 2386 1343 2419 declaratio
1369 2386 1598 2420 articulorum
1618 2385 1784 2430 symboli:
1811 2385 1981 2418 Ascendit
1997 2385 2036 2417 in
2055 2396 2136 2418 coe-

1156 2439 1224 2476 los,
1249 2438 1345 2470 sedet
1362 2438 1404 2470 ad
1423 2438 1596 2470 dexteram
1608 2434 1673 2468 Dei
1690 2435 1797 2479 patris
1814 2442 1877 2469 etc.
1915 2434 2021 2476 Item,
2048 2446 2137 2480 quae

1156 2489 1227 2521 sint
1244 2488 1470 2531 proprietates
1487 2486 1670 2529 glorificati
1696 2485 1863 2529 corporis.
1916 2484 2023 2526 Item,
2050 2497 2139 2530 quo-

1158 2540 1263 2572 modo
1282 2539 1433 2572 dicatur:
1467 2535 1629 2570 Christus
1647 2543 1696 2570 est
1718 2536 1754 2569 in
1770 2536 1889 2577 vobis,
1913 2534 2075 2570 Christus
2090 2542 2141 2569 est

1161 2590 1232 2623 vita
1256 2597 1382 2623 vestra.
1444 2588 1496 2621 Ac
1519 2588 1672 2631 primum
1695 2588 1738 2620 de
1762 2587 1874 2623 dicto:
1911 2587 2079 2620 Ascendit
2102 2586 2141 2618 in

1163 2640 1312 2675 coelum.
1366 2639 1555 2683 Quomodo
1579 2636 1662 2672 haec
1688 2639 1914 2682 congruunt?
1941 2637 2039 2670 Alibi
2058 2636 2145 2670 dici-

1506 2686 1590 2724 80*
