2415 2942
96 99 170 135 913

98 184 278 220 hominem
304 183 435 218 iustum
469 181 562 218 nihil
595 185 631 218 in
657 186 770 229 seipso
799 191 973 220 mutatum
1002 197 1086 227 esse,

97 238 155 270 sed
173 243 309 270 tantum
328 247 400 269 esse
425 236 645 269 domicilium
671 234 862 270 habitantis
889 237 939 270 ibi
958 236 1085 278 Patris,

94 287 177 320 Filii
205 295 237 321 et
259 286 412 331 Spiritus
438 287 568 327 sancti,
595 294 634 321 ut
650 299 727 320 cum
745 287 780 320 in
798 287 933 320 dolium
957 287 1081 320 infun-

94 338 190 372 ditur
210 350 316 383 aqua,
344 339 440 371 nulla
460 338 497 371 fit
517 338 605 371 dolii
624 338 781 371 mutatio.

191 396 245 431 De
271 395 325 430 his
356 396 622 442 quaestionibus
661 396 857 440 respondeo
899 397 1081 441 proposito

90 448 249 492 exemplo
274 448 406 492 primae
428 447 680 482 conversionis.
734 445 824 480 Cum
840 447 955 480 Adam
978 448 1080 480 audi-

89 507 144 533 ret
167 498 280 532 Deum
304 499 522 543 loquentem,
553 497 658 531 simul
684 497 770 530 foris
798 498 899 531 audit
927 499 1079 542 promis-

90 550 224 584 sionem
243 549 418 590 vocalem,
446 560 550 593 quam
574 555 676 582 sonat
700 548 811 588 filius,
850 555 882 583 et
909 549 968 582 ille
985 549 1078 582 idem

91 601 183 634 filius
205 599 269 633 Dei
294 600 331 633 in
354 600 458 633 corde
480 596 636 631 hominis
660 605 744 633 tunc
768 600 884 641 adest,
925 607 958 633 et
983 600 1077 639 facit,

89 658 128 685 ut
145 651 257 684 luceat
275 651 419 684 illustris
438 650 565 682 noticia
581 655 615 683 et
632 650 784 683 assensio
811 650 848 683 in
875 658 1011 692 mente,
1040 651 1076 684 in

91 713 159 748 qua
186 702 315 735 noticia
343 700 505 743 intelligit
535 697 648 733 Adam
675 712 710 733 se
736 712 753 733 a
777 700 852 733 Deo
880 702 1010 745 recipi,
1044 709 1078 736 et

89 753 229 795 agnosci
247 752 377 785 aeterni
393 751 501 795 patris
518 751 755 792 voluntatem,
782 759 814 785 et
836 752 941 785 simul
961 753 1077 786 effun-

89 804 141 837 dit
162 804 254 836 filius
271 802 443 846 Spiritum
463 808 621 834 sanctum
640 802 676 835 in
695 814 754 835 cor
771 801 881 841 Adae,
911 815 980 849 quo
997 815 1077 837 sen-

84 854 128 888 tit
145 852 260 888 Adam
280 853 387 886 vitam
405 860 437 886 et
460 852 642 888 laetitiam.

184 911 253 945 Hic
287 912 324 945 in
355 918 471 945 mente
496 923 569 945 non
605 918 743 946 tantum
777 919 827 947 est
859 913 972 953 filius,
1014 914 1074 947 sed

85 963 189 997 etiam
206 969 318 996 creata
339 963 469 996 noticia
487 969 520 996 et
536 964 708 1004 assensio,
737 976 803 1008 qua
823 964 939 997 Adam
967 964 1074 998 intel-

86 1015 162 1057 ligit
185 1015 332 1047 verbum
360 1021 393 1048 et
417 1014 547 1058 credit,
584 1020 616 1048 et
641 1014 677 1046 in
706 1016 811 1048 corde
836 1027 909 1048 non
935 1022 1072 1049 tantum

85 1073 135 1099 est
159 1065 333 1098 increatus
361 1064 515 1106 Spiritus
539 1072 699 1105 sanctus,
726 1067 785 1098 sed
812 1066 915 1098 etiam
939 1066 1072 1100 laetitia

83 1127 225 1149 accensa
250 1128 312 1160 per
336 1115 508 1158 Spiritum
532 1122 713 1157 sanctum,
752 1117 834 1161 quia
857 1115 1012 1149 Verbum
1039 1123 1070 1150 et

84 1166 240 1210 Spiritus
263 1173 404 1199 sanctus
426 1177 498 1198 non
525 1173 605 1199 sunt
626 1166 696 1205 ibi,
732 1174 770 1200 ut
795 1167 831 1200 in
853 1168 949 1200 dolio
971 1179 1072 1212 aqna,

83 1218 140 1251 sed
165 1215 272 1250 homo
290 1217 500 1257 renascitur,
528 1224 559 1250 et
583 1215 689 1250 habet
705 1229 884 1251 accensam
904 1218 1069 1251 noticiam

83 1274 249 1307 creatam,
290 1274 323 1300 et
353 1274 468 1300 motus
495 1278 555 1300 seu
578 1268 722 1300 affectus
748 1280 765 1300 a
790 1268 925 1311 Spiritu
949 1276 1068 1302 sancto

81 1325 230 1358 creatos,
257 1318 347 1351 sicut
369 1319 411 1351 ad
433 1316 574 1351 Galatas
603 1319 751 1352 dicitnr:
787 1317 936 1352 Fructus
961 1320 1068 1362 spiri-

80 1378 136 1404 tus
154 1375 203 1402 est
220 1368 380 1406 dilectio,
405 1369 592 1410 gaudium,
620 1380 703 1411 pax,
732 1369 816 1401 fides
832 1377 894 1402 etc.
945 1371 980 1404 2.
998 1368 1067 1403 Co—

79 1417 189 1454 rinth.
207 1419 241 1454 3.
265 1419 413 1452 dicitur:
448 1418 520 1451 Nos
552 1425 678 1452 retecta
706 1419 792 1451 facie
822 1420 970 1463 gloriam
995 1420 1066 1454 Do-

78 1470 166 1504 mini
192 1469 392 1509 intuentes,
435 1469 471 1501 in
500 1471 644 1502 eandem
675 1469 863 1512 imaginem
895 1471 1066 1504 transfor-

76 1532 215 1554 mamur
246 1532 263 1553 a
289 1520 399 1563 gloria
433 1520 470 1553 in
501 1520 666 1563 gloriam,
701 1527 869 1566 tanquam
895 1533 915 1555 a
941 1522 1067 1566 spiritu

77 1571 236 1606 Domini.

176 1636 284 1672 Ratio
311 1648 430 1670 secura
455 1649 527 1670 non
551 1637 662 1671 cernit
692 1638 779 1670 iram
807 1636 872 1671 Dei
897 1639 1065 1673 adversus

77 1695 234 1733 peccata,
262 1700 333 1721 non
361 1687 472 1720 cernit
499 1688 728 1730 praesentiam
749 1687 815 1720 Dei
841 1689 877 1720 in
904 1690 1065 1722 consola-

77 1741 195 1780 tione,
222 1750 280 1771 seu
298 1738 463 1771 laetitiam
482 1738 517 1770 in
536 1737 621 1772 Deo.
676 1738 744 1772 Sed
762 1739 799 1770 in
819 1751 898 1772 vera
916 1752 1063 1773 conver-

78 1791 176 1824 sione
201 1789 306 1822 sentit
331 1787 437 1821 homo
463 1789 549 1821 iram
575 1787 640 1821 Dei
669 1795 700 1821 et
726 1789 894 1822 laetitiam
921 1790 957 1823 in
976 1789 1062 1823 Deo.

80 1841 133 1875 lbi
155 1848 278 1874 retecta
307 1840 393 1872 facie
416 1839 527 1872 cernit
551 1839 697 1882 gloriam
720 1838 802 1879 Dei,
831 1840 866 1872 id
886 1848 953 1880 est,
987 1853 1061 1874 cer-

78 1892 131 1925 nit
156 1892 192 1923 in
221 1891 329 1923 verbo
354 1890 524 1923 iudicium
551 1897 583 1923 et
608 1890 884 1923 misericordiam
909 1889 994 1930 Dei,
1030 1900 1062 1926 et

77 1943 183 1975 verbo
208 1942 344 1974 lucente
370 1941 407 1972 in
438 1947 554 1973 mente
579 1941 873 1975 transformantur
905 1954 1003 1975 mens
1029 1951 1062 1977 et
1087 1966 1089 1977 t

1088 1983 1261 2022 'debeat,
1305 1989 1338 2016 et
1379 1980 1471 2016 nihil
1507 1984 1590 2017 inde
1619 1987 1768 2030 accipiat
1806 1991 1986 2035 utilitatis,
2024 1997 2106 2040 quia

74 1993 186 2028 corin
204 1992 353 2025 similem
373 1991 538 2033 gloriam,
566 1991 600 2023 id
620 1999 688 2031 est,
716 1989 845 2025 habent
873 1993 940 2025 iam
966 1994 1060 2027 noti-

74 2045 143 2078 cias
159 2050 190 2076 et
206 2050 321 2076 motus
337 2049 567 2084 congruentes
584 2054 663 2074 cum
680 2043 798 2082 verbo,
816 2051 848 2077 et
865 2042 946 2076 baec
960 2044 1060 2085 fiunt,

73 2107 151 2129 cum
169 2094 289 2127 audito
307 2094 414 2125 verbo
439 2093 580 2136 spiritus
594 2091 661 2125 Dei
684 2095 841 2127 accendit
859 2107 968 2127 novos
985 2107 1060 2128 mo-

73 2154 130 2180 tus
154 2145 190 2177 in
215 2144 329 2177 nobis.
379 2142 459 2175 Non
486 2144 614 2176 diceret
636 2143 783 2183 Paulus,
813 2145 884 2178 Nos
911 2146 947 2178 in
975 2158 1059 2179 ean-

75 2199 153 2229 dem
182 2195 368 2237 imaginem
394 2194 658 2234 transformari,
685 2195 713 2226 si
740 2202 875 2229 tantum
903 2196 952 2230 ibi
972 2205 1057 2231 esset

73 2246 267 2285 divinitas,
310 2251 343 2277 et
375 2244 472 2277 nulla
507 2251 620 2277 creata
652 2245 779 2278 noticia
817 2247 871 2279 vel
904 2247 1056 2283 dilectio.

75 2297 180 2336 Item,
206 2295 310 2330 Rom.
332 2294 382 2329 8.:
416 2294 569 2336 Spiritus
584 2302 722 2328 sanctus
739 2297 795 2330 dat
815 2297 1054 2331 testimonium
1082 2327 1085 2336 ,

410 2344 504 2388 Ergo
523 2352 554 2379 et
574 2358 638 2378 nos
659 2343 829 2380 habemus
855 2349 1000 2382 noticias
1023 2356 1056 2383 et
1083 2381 1084 2392 ,

72 2398 214 2431 affectus
242 2403 473 2440 congruentes
501 2409 579 2430 cum
601 2395 738 2440 Spiritu
766 2405 885 2432 sancto
912 2399 949 2432 in
975 2412 1054 2433 vera
1083 2416 1084 2420 ¹

73 2347 211 2391 spiritui
230 2354 362 2381 nostro.

71 2448 319 2483 consolatione.

175 2514 384 2561 Quanquam
404 2516 511 2558 igitur
528 2515 689 2552 noticiae,
717 2527 874 2559 pavores,
902 2517 1054 2551 laetitiae

73 2565 269 2600 excitantur
295 2567 330 2599 in
357 2568 478 2607 nobis,
505 2573 621 2600 tamen
649 2567 838 2599 discrimen
863 2568 955 2601 inter
972 2581 1053 2602 cau·
1080 2605 1082 2609 ,

1079 2613 1082 2655 l
1105 2617 1152 2653 Et
1179 2618 1355 2653 Dominus
1379 2620 1481 2665 petit:
1524 2618 1583 2653 Sic
1606 2620 1749 2656 dilectio
1775 2630 1833 2658 tua
1859 2625 1895 2659 in
1922 2628 1988 2670 eis,
2023 2641 2090 2674 qua

71 2630 143 2652 sam
162 2624 195 2651 et
212 2617 353 2651 effectus
375 2618 565 2650 tenendum
589 2625 657 2657 est,
684 2624 722 2650 ut
746 2620 775 2652 1.
794 2616 916 2652 lohan.
937 2619 971 2654 3.
997 2620 1053 2652 di-

68 2669 177 2703 citnr:
205 2667 346 2702 Erimus
368 2667 400 2700 ei
423 2668 566 2701 similes.
623 2667 679 2701 Fit
703 2668 812 2712 igitur
836 2675 869 2704 et
894 2669 930 2703 in
949 2670 1052 2704 nobis

120 2722 298 2755 Mummi.
327 2720 430 2754 Orza.
471 2720 554 2751 Vox.
578 2720 656 2753 XV.

374 96 475 135 XIII.
512 99 544 136 3.
572 96 873 135 ENARRATIO
899 98 1053 136 EPIST.
1079 95 1230 133 PAULI
1257 94 1325 132 AD
1350 94 1612 135 ROMANOS.
1665 99 1769 138 CAP.
1798 103 1842 139 V.

2057 111 2130 148 914

1141 184 1310 225 mutatio,
1348 191 1380 219 et
1401 186 1580 229 quomodo
1605 186 1681 229 fiat,
1715 189 1753 222 in
1775 202 1857 225 vera
1885 195 2126 238 conversione,

1140 234 1175 266 in
1194 235 1377 269 doloribus
1396 243 1427 268 et
1445 237 1686 271 consolatione
1704 240 1880 276 discimus.
1922 243 2025 280 Hanc
2041 248 2127 280 sim-

1137 285 1264 327 plicem
1297 293 1327 319 et
1362 298 1478 318 veram
1513 290 1722 323 sententiam
1755 298 1952 336 teneamus,
1995 304 2025 331 et
2054 311 2126 332 non

1136 335 1321 369 turbemur
1347 337 1541 381 praestigiis
1576 337 1831 383 sophismatum
1851 372 1860 386 ,
1900 359 1989 392 quae
2013 360 2123 394 oppo-

1136 392 1282 422 nuntur.

1210 474 1385 511 Christus
1402 490 1479 511 cum
1499 477 1623 514 adhuc
1646 492 1802 518 essemus
1825 484 1968 532 infirmi
1986 495 2049 526 εἰσ.

1235 544 1406 590 Sequitur
1427 547 1675 591 amplificatio,
1703 563 1792 595 quae
1817 553 1949 598 colligit
1972 557 2068 601 signa
2090 566 2124 593 et

1132 596 1331 629 testimonia
1345 623 1353 635 ,
1381 598 1474 640 quod
1494 596 1588 632 Deus
1605 600 1727 643 diligat
1751 614 1835 643 nos,
1863 607 1920 638 sed
1943 604 2008 641 boc
2025 621 2122 642 sum—

1131 659 1227 679 mum
1247 654 1279 680 et
1305 647 1484 680 ineffabile
1509 649 1738 692 beneficium,
1765 653 1914 695 scilicet,
1942 661 2034 702 quod
2060 661 2121 693 de-

1131 697 1182 731 dit
1198 698 1309 731 filium
1327 711 1390 742 pro
1408 699 1523 738 nobis,
1548 707 1579 733 et
1597 701 1740 745 quidem
1759 704 1873 739 voluit
1891 703 1985 741 hunc
2004 710 2119 753 ipsum

1130 760 1202 781 esse
1221 756 1356 784 certum
1373 750 1500 794 pignus
1527 763 1629 784 verae
1652 759 1685 786 et
1709 753 1942 791 immutabilis
1961 759 2121 795 dilectio-

1130 811 1184 832 nis
1208 806 1272 836 etc.

1314 880 1357 917 V
1353 882 1396 916 ιζυ
1407 895 1477 930 pro
1496 882 1592 917 iusto
1610 883 1751 933 aliquis
1770 888 1935 925 moritur.

1230 950 1335 985 Hunc
1354 964 1507 985 amorem
1533 954 1721 997 amplificat
1747 957 1881 1001 duplici
1908 959 2116 998 collatione:

1130 1000 1199 1035 Vix
1224 1014 1288 1045 pro
1312 1003 1400 1036 iusta
1425 1016 1461 1036 re
1485 1004 1613 1049 aliquis
1640 1007 1808 1048 moritur,
1849 1009 1885 1042 id
1910 1017 1979 1053 est,
2015 1014 2119 1047 etiam

1127 1064 1205 1085 cum
1224 1054 1392 1087 debemus
1409 1055 1517 1092 mori,
1547 1062 1662 1088 tamen
1681 1057 1785 1091 inviti
1802 1061 2001 1103 oppetimus
2021 1076 2116 1097 rnor-

1128 1110 1209 1144 tem,
1237 1111 1275 1137 ut
1295 1105 1383 1138 latro
1402 1105 1535 1138 invitus
1552 1107 1721 1147 moritur,
1746 1110 1881 1143 etiamsi
1901 1112 2004 1146 dehet
2021 1126 2117 1148 mor-

1125 1160 1194 1187 tem
1220 1155 1368 1198 legibus.
1422 1155 1602 1199 intelligas
1631 1157 1739 1200 igitur
1764 1162 1867 1194 verba
1885 1161 2005 1196 Pauli:
2045 1164 2115 1200 Pro

1124 1205 1234 1243 iusta,
1262 1206 1297 1239 id
1324 1213 1391 1247 est,
1420 1218 1483 1251 pro
1513 1219 1549 1240 re
1575 1208 1686 1250 iusta,
1713 1221 1773 1243 seu
1792 1224 1893 1246 causa
1915 1213 2025 1255 iusta,
2055 1228 2115 1251 seu

1123 1255 1254 1291 debito.

1320 1336 1394 1372 Pro
1411 1338 1505 1374 bono
1529 1341 1630 1375 ausit
1650 1341 1790 1391 aliquis
1809 1347 1915 1383 mori.

1224 1405 1346 1440 Altera
1378 1408 1519 1442 collatio
1546 1416 1612 1443 est:
1654 1410 1723 1445 Pro
1748 1413 1842 1447 bono
1869 1418 1958 1451 ausit
1986 1419 2113 1465 aliquis

1120 1457 1228 1496 mori,
1261 1458 1295 1490 id
1322 1466 1391 1498 est,
1424 1472 1485 1502 pro
1518 1462 1608 1493 bona
1636 1468 1667 1494 et
1693 1466 1791 1496 suavi
1810 1478 1870 1507 re,
1902 1468 1934 1500 id
1960 1478 2027 1509 est,
2057 1473 2114 1504 in-

1120 1507 1214 1540 citati
1233 1509 1424 1552 cupiditate
1439 1517 1496 1543 aut
1514 1511 1683 1553 opinione
1703 1526 1848 1557 magnae
1866 1519 2028 1553 utilitatis
2049 1535 2113 1555 no—

1121 1564 1272 1590 strorum
1299 1560 1438 1592 facilius
1454 1562 1663 1604 suscipimus
1681 1565 1834 1607 pericula
1849 1594 1857 1606 ,
1886 1576 1924 1602 ut
1943 1571 1996 1603 vir
2012 1572 2113 1606 fortis

1120 1609 1192 1641 adit
1217 1616 1365 1642 mortem
1392 1622 1455 1653 pro
1482 1612 1686 1646 defensione
1709 1618 1889 1661 coniugis,
1918 1621 2112 1658 liberorum

1119 1667 1179 1692 aut
1203 1660 1396 1702 dignitatis.

1224 1717 1275 1751 Ex
1303 1717 1358 1752 his
1389 1720 1526 1753 duabus
1553 1723 1855 1766 propositionibus
1889 1739 2112 1772 argumenta-

1118 1774 1194 1809 tur,
1235 1776 1267 1803 et
1300 1770 1488 1813 amplificat
1517 1783 1672 1806 amorem
1704 1774 1769 1808 Dei
1802 1785 1834 1811 et
1865 1777 1998 1815 Christi
2032 1795 2111 1828 erga

1118 1832 1201 1861 nos,
1230 1832 1246 1852 a
1263 1821 1452 1854 collatione
1472 1833 1670 1857 causarum.

1218 1879 1363 1914 Necesse
1389 1888 1438 1915 est
1465 1879 1558 1915 hunc
1589 1895 1714 1928 magna
1744 1886 1777 1919 vi
1811 1891 1940 1924 amoris
1963 1895 2109 1934 moveri,

1116 1932 1176 1976 qui
1193 1931 1280 1964 bene
1296 1932 1377 1966 facit
1395 1933 1496 1965 alteri
1515 1945 1593 1966 cum
1611 1946 1674 1968 suo
1694 1937 1835 1980 dolore,
1859 1952 1936 1974 cum
1962 1942 2052 1977 nibil
2077 1947 2107 1979 ei

1114 2034 1218 2067 etiam
1244 2034 1304 2078 qui
1332 2034 1461 2068 debent
1495 2047 1644 2078 poenam
1671 2038 1822 2081 legibus,
1860 2049 1974 2077 tamen
2002 2046 2105 2081 inviti

1113 2084 1326 2119 moriuntur.
1374 2083 1447 2117 Alii
1464 2085 1640 2127 fortassis,
1667 2089 1696 2121 si
1717 2091 1776 2134 qui
1794 2100 1941 2126 mortem
1963 2097 2104 2139 adeunt,

1114 2142 1303 2169 moventur
1331 2135 1502 2179 opinione
1527 2137 1644 2183 aliqua
1669 2151 1812 2184 magnae
1837 2144 1998 2179 utilitatis
2022 2160 2103 2183 suo-

1111 2197 1209 2227 rum,
1237 2193 1296 2220 aut
1315 2198 1374 2219 sua
1394 2187 1516 2229 gloria.

1212 2245 1259 2279 At
1276 2243 1439 2279 Christus
1457 2259 1520 2290 pro
1540 2247 1642 2281 nobis
1660 2257 1820 2285 mortuus
1838 2260 1905 2293 est,
1931 2267 2009 2289 cum
2036 2271 2100 2293 no-

1110 2296 1164 2329 bis
1188 2308 1261 2330 non
1285 2297 1446 2339 deberet,
1482 2310 1546 2331 nec
1571 2298 1689 2344 aliqua
1713 2313 1773 2335 sua
1799 2304 1950 2339 utilitate
1976 2320 2098 2343 move-

1109 2354 1214 2382 retur.

1208 2404 1303 2449 Ergo
1320 2419 1457 2440 necesse
1476 2412 1526 2439 est
1544 2407 1721 2449 ingentem
1739 2417 1770 2443 et
1789 2411 2005 2449 ineffabilem
2026 2419 2095 2451 vim

1109 2468 1181 2490 esse
1200 2458 1330 2491 amoris
1346 2459 1383 2491 in
1403 2458 1478 2502 ipso
1499 2469 1577 2500 erga
1598 2470 1672 2492 nos.

1208 2517 1303 2551 Haec
1319 2524 1517 2561 congruunt
1534 2530 1611 2550 cnm
1629 2519 1740 2553 dicto:
1777 2522 1835 2556 Sic
1852 2522 1947 2558 Deus
1973 2528 2091 2562 dilexit

1107 2570 1300 2609 mundum,
1328 2576 1366 2603 ut
1388 2570 1499 2602 filium
1526 2569 1747 2611 unigenitum
1772 2574 1869 2607 daret
1895 2588 1958 2619 pro
1978 2580 2090 2612 nobis,

1105 2681 1164 2705 me
1189 2670 1317 2714 diligis.

1413 2718 1460 2755 58
