2415 2942
102 93 200 133 1357
306 93 408 130 XIII.

97 181 302 228 quissimam
328 193 412 224 prae
438 180 583 215 caeteris
604 181 883 226 amplectendam
903 191 987 215 esse.
1042 178 1094 213 Ac

94 234 183 267 utile
209 238 260 266 est
288 233 450 266 conferre
473 230 660 271 historias,
687 238 720 266 et
745 232 843 276 signa
869 231 1092 277 antiquitatis

94 285 295 318 observare.

197 334 320 368 Tertia
355 333 576 368 confirmatio
601 334 700 367 firma
726 341 796 375 est,
836 333 1015 368 Vaticinia
1047 335 1090 367 de

65 402 68 410 ¹
97 387 234 431 regnis,
266 398 356 430 quae
384 397 462 419 curn
491 392 637 418 eventus
666 386 860 420 ostenderit
889 398 969 419 vera
997 397 1089 424 esse,

94 438 322 472 manifestum
347 443 398 470 est
424 444 622 482 utrunque,
663 444 698 470 et
722 450 740 470 a
766 435 841 470 Deo
873 437 946 481 regi
979 448 1090 481 genus

93 486 289 523 humanum
302 513 311 527 ,
347 496 379 522 et
396 485 489 521 hanc
508 488 705 521 doctrinam
723 500 741 521 a
759 488 833 522 Deo
851 500 933 522 esse.

196 539 349 582 Quarta,
366 538 520 573 Collatio
538 540 791 575 doctrinarum.
845 538 991 574 Ethnici
1010 547 1088 573 tau-

94 599 168 626 tum
192 592 319 624 docent
343 590 471 634 legem,
501 597 533 624 et
559 591 701 635 quidem
724 599 975 638 corrumpunt,
1006 591 1087 636 quia

95 643 203 676 multa
222 649 423 685 portentosa
442 648 475 675 et
493 642 730 675 abominanda
750 641 888 683 fingunt
905 644 947 675 de
969 643 1087 682 idolis,
1113 657 1114 662 ¹

95 701 128 728 et
146 700 252 728 tetras
273 693 439 725 libidines
465 693 685 737 permittunt.
727 692 849 727 Postea
871 691 1016 726 Ethnici
1044 694 1087 726 de

91 745 297 778 remissione
315 751 556 788 peccatorum,
584 745 627 777 de
644 744 756 777 causis
782 745 1021 778 calamitatum
1049 744 1086 776 in

92 807 217 839 genere
242 793 398 828 humano
425 792 516 827 nibil
543 796 627 829 certi
655 796 796 828 dicitur.
853 795 1083 829 Manifestum

92 855 143 881 est
169 847 294 890 igitur,
334 858 457 879 eorum
485 847 683 880 doctrinam
708 846 976 880 insufficientem
1002 858 1085 884 esse,

91 907 124 932 et
160 910 233 931 non
269 898 454 930 ostendere
489 897 738 937 liberationem
765 910 782 930 a
809 898 921 933 malis.
983 896 1085 930 Hanc

90 949 315 983 collationem
341 949 493 992 cogitare
520 949 606 981 utile
632 956 702 989 est,
738 948 819 993 quia
845 949 998 982 ostendit
1025 960 1085 990 ge-

90 1013 174 1034 nera
194 1000 438 1033 doctrinarum
452 1027 460 1039 ‚
488 999 678 1032 discrimen
697 1000 782 1042 legis
800 1007 832 1033 et
849 998 1050 1042 Evangelii.

193 1050 347 1094 Quinta,
397 1050 551 1094 Spiritus
583 1058 722 1083 sanctus
749 1051 785 1083 in
813 1063 892 1084 vera
924 1051 1084 1084 consola—

90 1103 187 1137 tione
207 1101 390 1135 vivificans
416 1103 540 1141 corda,
567 1103 722 1135 ostendit
743 1100 931 1145 Evangelii
956 1102 1084 1135 verita-

90 1162 161 1189 tem
185 1160 217 1186 et
247 1153 455 1193 efficaciam,
490 1153 581 1186 sicut
604 1152 781 1186 Dominus
809 1153 927 1198 inquit
957 1151 1083 1187 [ohan.

93 1206 170 1240 16.:
200 1202 288 1238 Cum
314 1204 431 1237 veniet
455 1204 601 1247 spiritus
626 1205 800 1242 veritatis,
830 1205 933 1238 ducet
957 1216 1021 1238 nos
1046 1205 1083 1237 in

90 1268 232 1291 omnem
251 1255 444 1290 veritatem.
498 1254 542 1287 Et
559 1254 666 1289 Rom.
682 1256 733 1291 8.:
771 1255 927 1300 Spiritus
945 1263 1085 1288 sanctus

89 1310 150 1342 dat
174 1306 418 1341 testimonium
436 1305 577 1350 spiritui
605 1313 745 1346 nostro,
772 1308 867 1351 quod
894 1307 1002 1339 simus
1020 1307 1084 1338 filii

93 1358 168 1393 Dei.
224 1357 274 1392 Ita
299 1357 414 1391 Adam
441 1355 564 1390 habuit
590 1358 790 1391 testimonia
818 1365 959 1391 externa
978 1365 1010 1391 et
1028 1358 1085 1390 iu·-

90 1410 234 1445 teriora:
282 1409 367 1442 soris
401 1409 565 1441 audiebat
601 1421 720 1441 vocem
748 1409 906 1441 divinam
929 1435 938 1447 ‚
988 1409 1084 1442 intus

89 1461 263 1495 sentiebat
289 1471 324 1492 se
349 1472 388 1492 ex
413 1466 526 1492 morte
552 1458 696 1492 liberari
722 1466 754 1493 et
773 1460 954 1492 vivificari.

190 1511 271 1544 Hae
306 1522 428 1544 causae
464 1511 507 1543 de
536 1510 740 1543 discrimine
774 1508 1014 1544 Ethnicorum
1052 1517 1085 1544 et

90 1561 269 1596 Ecclesiae
288 1573 387 1604 saepe
405 1568 438 1594 et
457 1568 588 1594 attente
605 1562 881 1594 considerandae
901 1569 994 1596 suut.

192 1612 349 1646 Facilius
370 1618 417 1644 est
436 1612 589 1644 refutare
608 1611 756 1645 Iudaeos
782 1619 978 1655 pugnantes
1004 1623 1083 1645 cum

90 1663 246 1698 Ecclesia
264 1689 273 1701 ‚
308 1663 367 1708 qui
397 1662 605 1706 profitentur
630 1674 665 1695 se
690 1663 852 1695 assentiri
877 1660 1083 1705 Prophetis:

90 1729 130 1749 ex
155 1713 211 1748 his
237 1715 331 1747 enim
356 1713 519 1746 convinci
546 1720 712 1760 possunt,
742 1713 996 1757 Apostolorum
1020 1714 1084 1746 do-

90 1767 239 1801 ctrinam
267 1778 345 1798 cum
377 1761 580 1808 prophetica
606 1777 811 1807 congruere.
863 1763 1084 1797 Dissentiunt

89 1825 206 1852 autem
233 1815 353 1849 ludaei
376 1828 392 1848 a
420 1815 523 1848 nobis
553 1817 595 1847 de
627 1815 776 1854 Messia,
817 1827 921 1860 quem
955 1823 1084 1858 negant

90 1881 161 1903 esse
193 1869 304 1901 filiurn
334 1866 399 1900 Dei
429 1873 672 1906 coaeternum,
714 1873 843 1909 negant
869 1865 1084 1907 Passionem,

90 1927 217 1963 negant
235 1931 314 1952 eum
333 1919 415 1950 dare
433 1918 606 1950 iusticiam
624 1924 655 1950 et
672 1919 779 1950 vitam
797 1924 1082 1955 aeternam,con-

90 1973 243 2006 tendunt
275 1982 421 2012 regnum
455 1969 637 2012 politicum
672 1966 878 2001 habiturum
913 1980 985 2001 esse
1019 1977 1082 2003 etc.

89 2023 136 2057 Hi
165 2022 341 2066 praecipui
369 2032 505 2054 errores
528 2020 675 2053 refutari
694 2032 733 2053 ex
750 2017 1010 2064 Prophetarum
1033 2027 1083 2053 te-

90 2073 267 2109 stimoniis
294 2072 475 2115 perspicue
501 2078 660 2115 possunt.

193 2121 465 2157 Mahometistae
508 2134 632 2166 parum
676 2121 848 2155 differunt
884 2122 928 2155 ab
965 2122 1084 2166 impiis

91 2176 251 2216 Iudaeis,
288 2186 403 2218 neque
428 2180 547 2207 tamen
575 2173 750 2217 recipiunt
775 2170 987 2216 Prophetas,
1023 2175 1083 2206 sed

90 2227 237 2262 refutari
262 2232 408 2270 possunt
435 2237 453 2258 a
478 2224 740 2258 circumstantia
759 2225 939 2271 temporis.
993 2223 1082 2258 Cum

89 2279 183 2313 enirn
203 2275 360 2311 Ecclesia
384 2276 491 2309 fuerit
508 2275 630 2316 initio,
658 2276 784 2317 dogma
810 2282 926 2308 autem
953 2273 1083 2309 Maho-

89 2331 175 2364 meti
203 2340 322 2362 recens
349 2327 393 2361 sit
421 2334 544 2361 natum
579 2333 658 2371 post
687 2325 898 2371 Apostolos,
946 2327 1084 2360 circiter

91 2393 227 2415 annum
251 2378 563 2417 sexcentesimum,
598 2385 631 2411 et
650 2385 780 2422 pugnet
800 2390 877 2411 cum
895 2375 1083 2422 Prophetis

93 2439 127 2466 et
151 2431 349 2476 Apostolis:
386 2430 604 2474 impossibile
635 2437 686 2463 est
710 2426 980 2463 Mahometistas
1012 2441 1084 2462 esse

89 2481 285 2517 Ecclesiam
313 2481 391 2516 Dei.
447 2479 548 2514 Nihil
582 2488 697 2514 autern
732 2480 891 2514 continet
921 2481 1082 2514 doctrina

89 2532 308 2572 Mahometi,
350 2533 420 2566 nisi
457 2533 665 2576 particulam
700 2532 785 2575 legis
821 2531 864 2564 de
899 2531 1084 2575 operibus,

90 2586 219 2619 deinde
245 2585 343 2619 addit
373 2582 610 2628 blasphemias
636 2589 758 2617 contra
786 2582 898 2615 filium
922 2583 1011 2621 Dei,
1050 2589 1084 2617 et

93 2644 216 2670 contra
239 2636 413 2680 Spiritum
440 2643 619 2676 sanctum,
649 2641 681 2668 et
698 2633 959 2678 superstitiosos
977 2645 1082 2679 quos-

89 2688 170 2721 dam
193 2688 282 2721 ritus
301 2693 334 2721 et
354 2687 477 2722 stultas
495 2686 748 2721 satisfactiones
764 2697 829 2730 pro
853 2685 1007 2719 delictis:
1035 2685 1082 2719 ita

466 93 500 128 7.
529 90 830 130 ENARRATIO
859 91 1015 130 EPIST.
1043 90 1247 129 PRIORIS
1275 88 1343 127 AD
1369 89 1697 129 TIMOTHEUM.
1747 91 1851 129 CAP.
1880 93 1942 132 1V.

2049 96 2144 133 1358

1146 186 1262 214 totum
1300 178 1536 223 Evangelium
1572 180 1739 216 reiiciunt
1773 178 2066 224 Mahometistae,
2108 192 2141 219 et

1145 238 1379 275 corrumpunt
1412 232 1536 275 legem.

1245 282 1330 317 Dixi
1356 284 1397 315 de
1423 281 1607 325 Ethnicis‚
1635 284 1775 318 Iudaeis
1799 291 1833 319 et
1856 283 2136 328 Mahometistis,

1144 334 1206 367 ubi
1222 335 1265 367 de
1282 334 1431 376 singulis
1456 334 1752 369 considerandum
1777 343 1848 376 est,
1875 338 1971 370 unde
1993 349 2136 371 suman-

1143 391 1202 418 tur
1217 386 1460 418 refutationes.
1515 384 1588 419 Iam
1606 386 1720 420 dicam
1739 388 1782 421 de
1802 386 1874 430 his,
1897 400 1986 433 quos
2002 388 2135 423 Paulus

1143 436 1305 470 nominat
1337 437 1538 470 deficientes
1562 449 1580 470 a
1608 438 1686 471 fide.
1729 438 1869 473 Horum
1903 441 1974 473 duo
2007 452 2135 483 genera

1142 495 1234 523 sunt.
1287 487 1361 521 Alii
1380 496 1498 535 aperte
1515 496 1644 531 negant
1657 489 1845 524 articulum
1865 491 2018 537 aliquem
2038 504 2135 537 sym-

1144 539 1238 580 boli,
1283 545 1322 573 ut
1367 537 1571 573 Manichaei
1609 549 1805 584 posuerunt
1846 543 1917 576 duo
1958 543 2134 587 principia

1141 597 1344 631 coaeterna,
1388 589 1530 624 Bonum
1566 597 1600 624 et
1636 590 1788 628 Malum.
1853 591 1962 627 Arius
1993 594 2135 637 negavit

1139 642 1251 674 filium
1276 640 1343 674 Dei
1367 653 1439 674 esse
1462 638 1665 686 ὃμοούσιον
1690 650 1832 677 aeterno
1860 644 1969 688 patri,
2011 644 2133 678 Mace-

1140 693 1269 725 donius
1295 693 1478 727 contendit
1504 693 1678 737 Spiritum
1705 701 1865 728 sanctum
1897 702 2034 730 tantum
2060 707 2133 729 esse

1140 750 1275 777 motum
1294 750 1449 777 creatum
1472 744 1509 776 in
1527 744 1661 786 angelis
1689 751 1721 778 et
1745 745 1781 777 in
1801 743 1987 779 hominum
2012 747 2133 780 cordi—

1139 795 1215 829 bus,
1250 794 1376 839 Aliqui
1402 802 1620 838 negaverunt
1639 807 1785 840 corpora
1805 794 1991 830 hominum
2017 809 2133 831 resur-

1139 853 1276 879 rectura
1303 857 1387 878 esse.
1455 845 1562 879 Tales
1597 847 1712 890 palam
1748 847 1906 880 delentes
1943 848 2132 882 articulum

1138 897 1293 941 aliquem
1320 897 1474 942 symboli
1498 897 1600 930 facile
1623 898 1766 940 agnosci
1798 905 1965 942 possunt,
2009 906 2042 933 et
2076 911 2132 932 re-

1137 949 1277 981 futandi
1296 955 1379 981 sunt
1398 961 1439 981 ex
1457 948 1670 982 testimoniis
1694 947 1910 994 propheticis
1931 957 1966 984 et
1991 957 2131 994 aposto·

1138 999 1232 1039 licis,
1261 1012 1339 1032 cum
1359 997 1474 1033 adhuc
1498 1000 1611 1033 videri
1632 1000 1740 1035 velint
1764 1001 1926 1035 assentiri
1943 999 2132 1047 Prophetis

1138 1058 1171 1084 et
1193 1051 1385 1095 Apostolis.

1241 1101 1315 1135 Alii
1333 1102 1467 1135 nonita
1486 1102 1601 1146 palam
1621 1102 1740 1136 delent
1755 1103 1922 1137 articulos
1941 1103 2041 1142 fidei,
2071 1105 2131 1136 sed

1138 1153 1274 1186 occulte
1300 1165 1356 1186 eos
1382 1161 1615 1198 corrumpunt
1643 1153 2014 1199 interpretationibus,
2041 1167 2130 1200 quae

1140 1204 1354 1238 dissentiunt
1386 1205 1430 1236 ab
1460 1204 1544 1248 ipsis
1575 1205 1733 1239 articulis
1758 1206 1931 1251 symboli,
1972 1213 2011 1239 ut
2036 1204 2131 1249 Papa

1138 1263 1170 1289 et
1201 1253 1366 1288 monachi
1402 1256 1555 1289 retinent
1587 1256 1693 1290 verba
1727 1257 1898 1302 symboli,
1949 1264 1983 1290 et
2011 1264 2130 1290 tamen

1139 1307 1349 1351 quibusdam
1377 1306 1536 1339 articulis
1565 1308 1702 1341 addunt
1732 1308 1836 1341 falsas
1867 1308 2132 1352 interpretatio-

1138 1369 1199 1389 nes
1217 1370 1295 1389 cum
1312 1355 1506 1400 Evangelio
1531 1365 1743 1401 pugnantes,
1772 1365 1811 1392 ut
1834 1359 2047 1392 nominatim
2073 1356 2130 1392 his

1138 1408 1266 1441 duobis
1289 1408 1462 1448 articulis,
1494 1407 1609 1441 Credo
1628 1410 1871 1442 remissionem
1897 1417 2132 1453 peccatorum.

1138 1459 1242 1492 Item:
1271 1458 1386 1492 Credo
1414 1470 1486 1491 esse
1510 1457 1703 1492 Ecclesiam
1730 1467 1887 1495 sanctam
1910 1458 2130 1495 catholicam.

1137 1509 1382 1553 Corrumpunt
1401 1512 1495 1543 enim
1515 1511 1702 1543 articulum
1715 1539 1724 1551 ,
1754 1511 1869 1545 Credo
1886 1512 2130 1545 remissionem

1139 1567 1360 1605 pcccatorum
1372 1586 1380 1599 ‚
1410 1561 1491 1604 quia
1507 1562 1643 1595 addunt
1660 1561 2130 1606 iuterpretationem‚Credo

1138 1612 1382 1644 remissionem
1406 1612 1484 1644 aliis
1508 1612 1604 1651 dari,
1648 1626 1720 1646 non
1746 1611 1847 1647 mihi.
1900 1613 2004 1647 Item:
2046 1612 2130 1647 Non

1139 1664 1245 1696 credo
1271 1663 1531 1703 remissionem,
1557 1665 1616 1696 sed
1635 1665 1771 1699 dubito.
1826 1664 1905 1697 Non
1930 1665 2034 1697 credo
2050 1676 2131 1708 gra-

1138 1714 1182 1747 tis
1203 1714 1281 1746 dari
1301 1721 1443 1758 propter
1471 1714 1582 1747 filium
1609 1714 1693 1755 Dei,
1723 1716 1781 1748 sed
1800 1715 1877 1749 dari
1896 1722 2039 1759 propter
2055 1728 2130 1748 me-

1139 1765 1204 1798 rita
1233 1765 1462 1803 sufficientia,
1514 1773 1658 1809 propter
1685 1767 1915 1800 sufficientem
1943 1767 2130 1800 contritio-

1137 1828 1216 1849 nem
1245 1823 1277 1849 et
1303 1816 1371 1849 alia
1398 1829 1516 1860 opera.
1571 1816 1676 1858 Item,
1697 1825 1840 1862 propter
1865 1817 2130 1853 satisfactiones,

1137 1866 1212 1900 Hae
1240 1867 1441 1900 additiones
1460 1876 1616 1911 pugnant
1635 1881 1715 1902 cum
1732 1867 1927 1912 Evangelio
1943 1876 2130 1902 enarrante

1137 1925 1250 1951 totum
1297 1918 1484 1952 articulum
1506 1947 1515 1960 ‚
1568 1918 1684 1954 Credo
1729 1920 1973 1954 remissionem
2010 1932 2130 1964 pecca-

1136 1977 1266 2003 torum.

1240 2020 1399 2054 Alterius
1445 2022 1585 2055 articuli
1628 2023 1671 2055 de
1709 2020 1867 2056 Ecclesia
1910 2022 2130 2066 corruptelae

1138 2071 1241 2105 etiam
1275 2072 1491 2115 perniciosae
1522 2080 1622 2115 sunt,
1670 2073 1752 2119 quia
1779 2074 1916 2117 fingunt
1938 2073 2130 2106 Ecclesiam

1138 2135 1208 2155 esse
1228 2135 1374 2166 regnum
1395 2124 1599 2168 politicum,
1626 2125 1662 2157 in
1682 2137 1753 2170 quo
1776 2125 1952 2159 dominari
1971 2132 2131 2169 oporteat

1138 2172 1351 2222 Episcopus,
1386 2181 1420 2208 et
1442 2176 1593 2209 condere
1615 2177 1778 2220 dogmata
1795 2183 1826 2210 et
1844 2176 1979 2214 cultus,
2007 2182 2039 2209 et
2064 2173 2131 2208 ho—

1137 2237 1213 2258 rum
1234 2227 1453 2259 decretorum
1472 2227 1754 2261 observationem
1779 2239 1851 2261 esse
1877 2227 2050 2260 iusticiam
2071 2239 2130 2259 co-

1136 2289 1209 2309 ram
1230 2276 1317 2310 Deo.
1369 2276 1444 2311 Hac
1469 2275 1656 2323 hypothesi
1683 2279 1794 2322 posita
1821 2280 2015 2323 procedunt
2042 2275 2129 2321 Epi-

1137 2328 1232 2371 scopi
1260 2328 1421 2371 longius,
1448 2329 1669 2363 constituunt
1692 2330 1808 2369 idola,
1835 2336 1869 2363 et
1894 2330 2012 2363 ferunt
2038 2329 2130 2371 leges

1137 2390 1217 2412 suae
1241 2379 1446 2423 potentiae,
1481 2380 1553 2413 suis
1581 2381 1709 2423 opibus
1739 2381 2048 2421 accommodatas,
2092 2387 2130 2412 ut

1135 2430 1246 2473 legem
1278 2431 1321 2463 de
1352 2431 1531 2474 coniugio.
1592 2431 1716 2465 Postea
1739 2432 1774 2464 vi
1801 2431 1977 2476 corporali
2001 2437 2132 2474 cogunt

1137 2479 1319 2520 homines,
1345 2488 1384 2515 nt
1402 2482 1662 2526 obtemperent,
1691 2483 1780 2516 sicut
1797 2480 2131 2516 Nabuchodonosor

1136 2532 1248 2575 coegit
1268 2544 1347 2565 suas
1363 2539 1500 2576 gentes,
1528 2540 1566 2567 ut
1583 2540 1733 2567 statuam
1750 2534 1917 2569 colerent.

1240 2582 1292 2617 Ita
1318 2583 1503 2628 utriusque
1529 2585 1669 2618 articuli
1699 2585 1920 2630 corruptelae
1947 2584 2130 2618 abducunt

1136 2641 1271 2667 mentes
1303 2634 1346 2666 ab
1379 2635 1560 2678 agnitione
1596 2636 1812 2675 mediaoris‚
1849 2642 1882 2669 et
1911 2635 2129 2678 extinguunt

1136 2685 1249 2719 lucem
1284 2684 1468 2730 Evangelii
1497 2687 1540 2720 de
1567 2687 1775 2721 remissione
1802 2693 2047 2732 peccatorum,
2087 2686 2132 2718 de
