2415 2942
268 112 337 147 411

273 197 295 231 lx
311 210 356 230 icc
382 196 527 231 stultitia
547 192 740 226 communis
761 199 809 225 est
835 192 1006 225 maximae
1026 192 1116 236 parti
1141 190 1257 225 liomi-

445 246 536 278 Iliuc
570 245 628 276 illa
662 251 759 275 suut:
798 242 936 276 Medice
967 255 1048 275 cura
1074 250 1105 276 te
1131 243 1257 286 ipsum.

274 262 370 282 ilssill..

274 299 376 332 lwm:
406 296 525 329 ἀλλων
549 291 673 338 ἰατρὸς
695 291 804 332 (Ξιίὺς
825 292 936 327 ἕλκεσι
963 291 1095 339 stolum.
1155 294 1257 327 ltem:

274 349 345 381 ocii
384 348 591 390 sapientem,
627 345 687 388 qui
721 345 788 377 sibi
820 357 892 377 non
925 346 1026 386 sapit.
1098 343 1257 377 Primum

274 406 409 431 nostras
434 397 590 430 miserias
616 406 861 437 agnoscamus,
891 403 922 429 et
948 396 1142 437 discamus,
1170 407 1258 440 quae

275 449 429 482 remedia
446 448 538 480 Deus
558 446 658 479 uobis
675 446 869 479 tradiderit.

377 498 446 531 Nec
471 498 638 530 obscurae
663 503 743 529 suut
761 496 979 530 tristissimae
1006 495 1191 529 conciones
1217 494 1259 527 de

276 550 399 593 poenis
426 548 613 592 impiorum
630 574 638 586 ,
671 559 818 591 quarum
845 545 903 580 bic
926 548 962 580 stt
988 547 1137 580 mentio:
1176 552 1258 578 tunc

276 601 394 633 dicent
425 599 606 632 montibus
624 624 632 636 ,
666 597 788 631 Cadite
821 609 926 641 super
951 609 1025 632 nos,
1095 596 1162 629 llic
1188 607 1258 627 non

277 651 389 684 solum
419 649 713 693 lerosolymormn
740 649 913 681 excidium
948 649 1158 690 cogitemus,
1199 647 1258 678 sed

277 703 382 735 etiarn
409 701 536 733 similia
561 699 714 741 exempla
739 699 899 732 omnium
926 706 1142 741 temporum,
1172 708 1259 740 quae

276 752 465 785 ostendunt
483 762 582 793 saepe
599 750 751 782 accidere
763 747 966 782 homiuibus
983 748 1134 782 tristiora
1151 753 1261 779 morte

277 804 348 846 ipsa
362 830 370 838 ,
398 810 433 834 ut
452 801 653 845 parentibus
673 800 782 832 multo
801 800 934 832 tristius
951 807 1060 831 morte
1080 805 1127 830 est
1145 798 1261 829 videre

277 867 375 887 saer..
402 852 570 895 supplicia
604 857 787 889 natorum,
823 850 997 893 expetitur
1026 850 1132 891 igitur
1156 859 1260 886 mors,

277 912 315 937 ut
335 904 501 935 finiantur
521 912 670 945 poenae,
694 907 863 944 quantum
882 901 988 943 igitur
1016 899 1097 931 mali
1118 905 1165 931 est
1183 905 1260 941 post

277 953 366 987 lxiuc
387 954 510 989 vitam,
540 963 665 984 eumne
685 958 796 983 morte
818 951 958 995 quidem
977 950 1071 982 finiri
1095 948 1262 993 possunt?

278 1003 361 1037 llaec
390 1009 508 1035 mouet
536 999 697 1035 Christus
729 1013 799 1034 non
834 1008 971 1034 tantum
998 999 1059 1033 bas
1086 999 1262 1037 mulieres,

277 1056 335 1088 scd
365 1061 475 1087 totum
502 1064 609 1096 genus
638 1050 844 1086 humanum.
913 1052 964 1084 Ac
1000 1051 1182 1094 praecipua
1211 1057 1261 1083 tot

277 1105 553 1148 spectaculorum
579 1101 803 1135 horribilium
829 1103 865 1135 in
890 1100 956 1134 liae
981 1102 1051 1134 vita
1071 1113 1172 1134 causa
1199 1108 1260 1137 est,

278 1157 359 1200 quia
380 1155 467 1189 Deus
485 1154 561 1187 vult
581 1153 734 1196 conspici
754 1154 839 1186 iram
865 1165 961 1185 suam
986 1154 1153 1184 adversus
1181 1163 1259 1194 pec-

279 1214 372 1245 cata,
400 1206 474 1238 vult
500 1216 563 1237 nos
581 1204 859 1244 commonefieri‚
888 1212 926 1236 ut
947 1202 1105 1235 Psalmus
1123 1202 1181 1237 39.
1208 1202 1261 1233 in-

279 1258 378 1302 quit:
421 1255 567 1299 Propter
594 1255 796 1299 iniquitates
823 1254 970 1298 corripis
997 1251 1175 1296 homines,
1209 1253 1264 1284 iu-

279 1316 440 1340 tueamur
469 1318 548 1348 ergo
581 1313 715 1338 nostras
742 1312 773 1338 et
799 1305 930 1338 alienas
958 1305 1191 1344 calamitates,
1228 1310 1266 1336 ut

280 1359 386 1391 timor
404 1356 469 1390 Dei
487 1358 522 1388 iu
543 1356 644 1388 nobis
662 1356 840 1388 excitetur.

386 1407 424 1439 ln
445 1408 545 1440 tertio
563 1407 720 1438 membro
737 1406 884 1438 dicitur:
915 1404 951 1438 Si
978 1404 1013 1436 in
1042 1403 1147 1435 viridi
1171 1403 1266 1445 liguo

282 1457 348 1492 lioc
367 1458 521 1497 faciunt,
550 1457 585 1489 iu
603 1457 699 1488 arido
720 1457 803 1500 quid
825 1456 903 1489 fiet?
939 1456 973 1487 id
1000 1462 1067 1491 est,
1096 1454 1122 1486 si
1143 1454 1266 1486 viridis

283 1518 315 1543 et
347 1510 515 1542 foecunda
544 1509 649 1539 arbor
675 1508 885 1550 extirpatur,
922 1505 1004 1551 quid
1032 1506 1086 1537 fiet
1110 1505 1151 1536 de
1169 1504 1266 1537 arida

283 1568 314 1594 et
333 1559 469 1592 sterili?
510 1558 587 1600 Qua
621 1558 728 1600 figura
757 1558 975 1600 significatur
1004 1554 1086 1588 liacc
1113 1555 1265 1592 collatio,
1291 1579 1293 1604 ζ

285 1622 363 1642 sum
399 1610 553 1641 membra
587 1607 677 1648 Dei,
722 1620 810 1652 quae
837 1608 969 1640 fructus
993 1605 1067 1639 Deo
1093 1605 1266 1648 placentes

282 1662 419 1697 serunt,
447 1666 482 1692 ut
503 1658 612 1697 Abel,
647 1657 830 1698 Ieremias,
863 1656 1038 1700 Baptista,
1072 1657 1266 1688 sustineant

282 1721 424 1753 magnas
439 1710 661 1747 calamitates,
687 1709 773 1754 quid
792 1709 847 1742 fiet
863 1709 905 1741 de
925 1707 1066 1751 impiis?
1092 1705 1267 1749 Congruit

282 1758 505 1794 liaecCliristi
519 1760 641 1792 concio
657 1772 735 1792 cum
755 1760 846 1793 dicto
857 1757 1068 1795 Salomonis,
1081 1756 1183 1791 Prov.
1201 1758 1217 1790 1
1230 1759 1265 1789 l.:
1290 1790 1292 1795 f

282 1812 320 1845 si
346 1812 454 1844 iustus
484 1811 521 1842 iu
544 1818 633 1843 terra
659 1810 800 1854 recipit,
842 1817 973 1854 quanto
1005 1809 1114 1849 magis
1138 1808 1266 1850 impius
1290 1827 1291 1830 =

283 1870 318 1894 et
343 1861 524 1905 peccator?
564 1862 620 1893 Ad
647 1873 734 1905 quae
762 1864 791 1893 1.
814 1860 885 1894 Pet.
906 1858 940 1893 4.
971 1860 1150 1891 adduntur
1183 1856 1266 1891 llaec

283 1914 404 1945 verba:
435 1911 607 1944 Iudicium
630 1924 647 1944 a
675 1913 779 1943 domo
797 1911 859 1944 Dei
878 1910 1012 1954 incipit.
1066 1908 1132 1942 Hic
1149 1916 1265 1941 autem

282 1963 447 1995 reclamat
476 1960 626 1994 bumana
652 1962 760 2001 ratio,
787 1961 918 1994 offendi
943 1973 977 1994 se
1003 1958 1065 1993 hac
1089 1961 1163 2003 ipsa
1182 1972 1266 1992 con-

282 2014 438 2052 fusione,
466 2013 558 2057 quod
579 2013 679 2045 bouis
698 2014 786 2044 male
804 2014 864 2052 sit,
893 2019 925 2045 et
942 2011 1042 2043 malis
1061 2011 1167 2049 bene,
1194 2010 1265 2042 dis-

282 2070 407 2107 putant
424 2070 556 2095 mentes
577 2071 633 2095 aut
651 2074 730 2095 casu
757 2063 874 2095 omnia
899 2062 1003 2101 ferri,
1031 2073 1093 2093 nec
1119 2061 1189 2103 regi
1212 2071 1265 2092 res

283 2112 455 2146 humanas
496 2114 738 2157 providentia,
780 2120 835 2146 aut
883 2112 1169 2155 gubernationem
1210 2111 1265 2142 in-

282 2165 407 2197 iustam
425 2175 516 2197 esse:
547 2162 636 2195 hanc
653 2164 925 2206 disputationem
951 2159 1173 2205 philosophia
1193 2172 1264 2192 non

283 2215 364 2247 satis
383 2215 554 2257 explicare
569 2221 699 2261 potest,
728 2226 815 2258 quae
834 2225 905 2245 non
922 2212 1021 2244 novit
1037 2212 1167 2255 primos
1187 2212 1264 2243 son-

283 2273 333 2297 tes
351 2263 584 2297 humanarum
615 2264 853 2303 miseriarum,
881 2264 939 2295 sed
965 2259 1002 2294 hi
1024 2269 1266 2294 monstrantur

283 2315 319 2347 in
341 2315 498 2348 doctriua
520 2315 705 2349 Ecclesiae.

283 2414 446 2448 Ieremias
465 2442 473 2455 ‚
510 2415 684 2459 Baptista,
725 2422 807 2449 sunt
831 2415 936 2457 iusti,
971 2424 1050 2456 ergo
1081 2414 1168 2446 bene
1192 2425 1264 2446 esse

284 2466 333 2498 eis
358 2466 491 2498 debeat.
544 2465 611 2500 Hic
632 2466 821 2509 respondet
845 2463 1018 2504 Ecclesia,
1047 2464 1198 2507 primum
1222 2465 1264 2497 de

282 2515 433 2555 maiore,
477 2517 653 2549 verissima
679 2524 729 2549 est
754 2516 885 2555 maior,
919 2523 969 2549 est
992 2515 1084 2548 enim
1108 2514 1162 2547 lex
1185 2512 1265 2555 Dei,

280 2573 319 2598 ut
342 2566 492 2609 primum
519 2574 738 2610 praeceptum
758 2573 923 2607 testatur,
947 2573 980 2600 et
1003 2565 1145 2610 quidem
1171 2566 1258 2597 adeo

280 2627 360 2648 vera
386 2623 455 2656 est,
501 2624 538 2649 ut
562 2615 656 2649 Deus
688 2629 759 2649 non
791 2624 926 2651 tantum
962 2615 1126 2660 perituris
1158 2615 1262 2648 bonis

279 2673 480 2711 compenset
498 2667 687 2707 iusticiam,
717 2678 776 2700 seu
793 2667 1047 2707 obedientiam,
1073 2666 1131 2699 sed
1151 2672 1264 2699 acter-

861 107 984 142 PnlL.
1014 107 1127 143 MEL.
1155 107 1364 143 SCPAPTA
1394 106 1687 143 ExEGE'rlCA.

758 2313 847 2348 Cum
868 2325 947 2356 ergo
972 2313 1020 2344 sic
1042 2319 1265 2354 argumenta-

282 2372 340 2397 tur
365 2366 470 2399 ratio:
507 2365 610 2399 Iustis
634 2367 722 2398 bene
748 2376 819 2398 esse
843 2365 963 2403 debet,
991 2363 1129 2395 iniustis
1154 2363 1263 2395 male:

2218 110 2318 163 412-

1311 194 1382 233 uis,
1426 200 1463 227 ut
1489 193 1558 226 sint
1586 193 1702 233 firma,
1739 199 1772 226 et
1807 205 1879 226 non
1914 194 2094 237 pereuntia
2127 195 2293 237 praemia.

1309 244 1376 278 Sed
1399 257 1468 289 quo
1489 244 1613 277 ordine
1638 244 1696 276 siat
1713 240 1796 276 baec
1812 244 2034 285 distributio,
2059 244 2292 287 Evangelium

1310 296 1428 332 docet,
1457 295 1551 339 quod
1570 294 1675 326 simul
1695 294 1842 327 affirmat
1859 305 1978 328 omues
1998 293 2157 329 homiues
2174 296 2293 335 morti,

1310 353 1340 379 et
1363 346 1441 378 aliis
1469 344 1722 378 calamitatibus
1747 344 1921 377 subiectos
1949 357 2040 385 esse,
2066 347 2145 390 quia
2170 358 2293 380 omnes

1310 396 1587 429 circumferimus
1612 403 1799 439 peccatum.
1852 394 1954 428 Nunc
1979 395 2085 439 igitur
2108 398 2150 429 ad
2177 397 2292 430 mino-

1310 460 1381 480 rem
1414 446 1696 489 respondendum
1721 442 1792 478 cst:
1836 443 2017 486 Ieremias,
2050 444 2226 489 Baptista,
2261 453 2295 482 et

1311 498 1440 530 similes
1475 503 1555 529 sunt
1590 496 1690 535 iusti,
1730 495 1858 529 scilicet
1890 496 2120 540 imputatione
2153 504 2295 540 propter

1311 549 1420 581 filium
1446 546 1511 580 Dei
1536 547 1764 579 mediatorem
1781 572 1790 586 ,
1830 547 1887 579 sed
1920 548 2078 578 noudum
2106 554 2186 581 sunt
2212 547 2295 581 iusti

1311 607 1380 633 tota
1400 599 1565 637 novitate,
1589 597 1659 631 imo
1679 607 1802 639 magna
1826 603 1858 630 et
1875 597 1981 630 tristis
1999 597 2119 640 caligo,
2141 605 2174 631 et
2191 598 2293 632 multi

1311 649 1423 681 morbi
1452 646 1566 681 adbuc
1590 648 1624 680 in
1658 648 1823 680 cordibus
1849 648 2007 680 omnium
2030 655 2231 682 sanctorum
2256 649 2294 682 in

1313 698 1376 732 bac
1394 700 1461 731 vita
1483 698 1635 732 haerent.
1691 697 1780 730 Vere
1797 706 1910 730 autem
1932 698 2091 731 irascitur
2107 697 2200 732 Deus
2215 711 2294 743 pec-

1312 758 1404 789 cato,
1431 758 1462 783 et
1483 747 1571 782 lianc
1589 749 1674 781 iram
1693 748 1876 791 praecipue
1902 749 1944 781 ab
1962 747 2116 782 Ecclesia
2140 749 2215 783 vult
2239 749 2296 783 in-

1313 801 1433 843 telligi.
1489 800 1572 832 Ideo
1599 799 1721 843 premit
1745 797 1932 832 Ecclesiam
1952 800 1986 831 iu
2008 797 2070 831 hac
2088 800 2156 833 vita
2176 801 2295 843 magis,

1313 864 1416 896 quam
1435 850 1604 895 reliquam
1622 848 1804 882 homiuum
1826 850 1932 882 secem
1945 877 1954 890 ,
1991 857 2107 892 postea
2126 852 2296 886 accedunt

1314 910 1342 934 et
1364 902 1451 933 aliae
1470 901 1586 944 plures
1601 911 1739 939 causae,
1766 900 1928 934 videlicet
1948 901 2039 945 quod
2061 901 2133 933 vult
2150 899 2212 934 has
2237 901 2295 944 ip-

1314 964 1365 984 sis
1385 959 1583 984 sanctorum
1610 950 1815 983 afflictiones
1838 950 2036 984 testimonia
2062 963 2133 984 esse
2157 953 2201 984 de
2224 952 2295 986 vita

1314 1009 1465 1035 aeterna.
1527 1001 1618 1034 Cum
1640 1001 1733 1033 enim
1757 1000 1850 1033 Deus
1877 1008 2023 1034 testetur
2043 1013 2078 1034 se
2101 1003 2296 1045 approbare

1317 1053 1462 1085 Paulum
1483 1052 1519 1084 in
1537 1050 1600 1083 liac
1618 1051 1706 1090 vita,
1733 1063 1810 1083 cum
1829 1063 1887 1094 per
1905 1064 1983 1084 eum
2002 1053 2182 1085 resuscitat
2201 1064 2296 1085 mor-

1315 1110 1411 1143 tuos,
1439 1109 1470 1135 et
1487 1109 1601 1135 tamen
1625 1102 1715 1134 sinat
1737 1113 1815 1133 eum
1846 1102 1990 1134 interfici
2017 1103 2060 1135 ab
2085 1103 2297 1148 inquinatis—

1315 1155 1403 1186 simo
1434 1160 1604 1197 tyranno,
1641 1164 1777 1184 necesse
1810 1158 1860 1184 est
1895 1159 2009 1195 postea
2043 1160 2171 1186 restare
2200 1153 2294 1186 iudi-

1317 1205 1430 1246 cium,
1460 1204 1496 1236 in
1522 1215 1592 1248 quo
1613 1202 1707 1234 Deus
1730 1203 1889 1235 ostendet
1913 1214 1946 1235 se
1971 1215 2040 1235 uon
2060 1204 2207 1237 oblitum
2224 1215 2297 1238 esse

1320 1254 1439 1292 Pauli,
1481 1260 1514 1287 et
1545 1253 1715 1286 anteferre
1742 1252 1889 1285 Paulum
1925 1253 2103 1286 teterrimo
2132 1261 2296 1299 tyranno.

1318 1305 1387 1339 Svd
1413 1303 1498 1338 haec
1526 1304 1685 1336 doctrina
1710 1304 1751 1335 de
1780 1304 1890 1335 causis
1914 1303 1996 1335 alibi
2016 1304 2190 1346 copiosius
2209 1305 2295 1338 reci-

1319 1363 1388 1388 tata
1416 1363 1484 1394 est,
1511 1367 1604 1387 nunc
1621 1355 1661 1386 ad
1682 1360 1810 1386 textum
1830 1354 1943 1388 redeo.
1997 1353 2159 1387 Clu-isius
2176 1356 2299 1389 admo-

1320 1413 1374 1437 uet
1393 1406 1555 1438 mulieres
1573 1406 1615 1437 «le
1635 1404 1683 1436 ira
1703 1403 1769 1436 Dei
1792 1404 1956 1436 adversus
1979 1411 2111 1446 peccata
2137 1406 2297 1439 omnium

1319 1454 1525 1495 bominum,
1550 1467 1587 1487 ac
1611 1461 1755 1487 testatur
1779 1454 1881 1486 etiam
1908 1454 2037 1496 puniri.
2091 1453 2195 1497 Quod
2214 1468 2296 1489 vero

1320 1508 1391 1550 ipse
1417 1507 1565 1549 patitur,
1597 1505 1675 1537 ideo
1700 1504 1755 1545 fit,
1791 1504 1871 1549 quia
1898 1505 1969 1547 ipse
1996 1511 2042 1536 est
2069 1506 2241 1539 mediator
2264 1513 2298 1540 et.

1320 1557 1545 1597 intercessor,
1574 1556 1657 1600 quid
1684 1555 1720 1586 in
1744 1566 1815 1587 sese
1839 1555 2009 1587 derivavit
2033 1555 2120 1587 iram
2143 1556 2210 1589 Dei
2235 1558 2298 1590 ad-

1319 1619 1438 1640 versus
1455 1614 1570 1640 nostra
1589 1612 1744 1649 peccata,
1769 1605 1855 1637 sicut
1874 1603 2028 1648 Baptista
2046 1605 2176 1650 inquit:
2206 1605 2296 1641 Ecce

1319 1669 1428 1701 agnus
1444 1656 1527 1697 Dei,
1555 1656 1613 1701 qui
1634 1655 1724 1688 tollit
1745 1661 1882 1698 peccata
1902 1656 2039 1691 mundi.

1420 1708 1576 1750 Quartus
1593 1707 1689 1739 locus
1711 1713 1761 1739 est
1779 1706 1850 1749 ipsa
1868 1706 2064 1747 crucifixio,
2090 1707 2151 1740 ubi
2170 1707 2205 1740 in
2226 1708 2299 1752 pri-

1319 1759 1383 1790 nnis
1408 1759 1666 1791 observandum
1698 1763 1748 1789 est
1778 1757 1929 1796 dictum,
1971 1759 2064 1801 quod
2089 1758 2171 1791 citat
2197 1767 2231 1793 et
2254 1760 2298 1792 il-

1318 1809 1441 1842 lustrat
1460 1808 1586 1841 Paulus
1600 1807 1679 1842 Gal.
1697 1807 1748 1842 3.:
1778 1806 1986 1840 Maledictus
2005 1808 2119 1840 omnis
2135 1810 2194 1853 qui
2213 1821 2300 1853 pen-

1318 1861 1374 1893 ‹let
1393 1860 1428 1892 in
1448 1859 1561 1902 ligno,
1588 1870 1676 1903 quae
1695 1858 1798 1890 verba
1821 1869 1859 1890 ex
1886 1870 1959 1900 cap.
1980 1857 2035 1893 12.
2057 1857 2161 1892 Deut.
2184 1867 2298 1894 sumta

1318 1917 1418 1950 sunt,
1461 1910 1522 1942 ubi
1556 1920 1712 1952 expresse
1739 1908 1897 1940 additum
1927 1915 2000 1942 cst:
2042 1907 2253 1944 Maledictus
2277 1923 2296 1944 a

1318 1961 1410 2000 Deo,
1437 1960 1497 2005 qui
1517 1961 1642 2003 pendet
1659 1959 1695 1990 in
1714 1959 1809 2000 ligno
1822 1984 1831 1998 ,
1855 1958 1903 1990 sic
1926 1958 2011 1990 alibi
2028 1959 2070 1991 de
2087 1960 2208 2003 poenis
2225 1973 2297 1994 uon

1318 2010 1477 2055 loquitur
1505 2010 1687 2053 scriptura.
1754 2007 1842 2040 Nam
1872 2020 2005 2052 poenae
2030 2009 2123 2053 ipsae
2149 2022 2219 2044 non
2245 2012 2296 2044 fa-

1318 2061 1414 2093 ciunt
1439 2058 1598 2093 homiues
1621 2070 1716 2098 reos,
1744 2058 1776 2090 id
1803 2065 1871 2097 est,
1906 2068 2048 2103 propter
2070 2072 2199 2103 poenas
2223 2074 2295 2096 non

1318 2111 1480 2143 irascitur
1503 2109 1598 2143 Deus
1623 2107 1829 2142 hominibus
1845 2136 1853 2149 ‚
1896 2110 1953 2142 sed
1981 2113 2123 2154 propter
2149 2119 2296 2155 peccata.

1317 2161 1389 2195 (Tur
1414 2161 1520 2203 igitur
1550 2162 1592 2193 de
1624 2158 1687 2193 hac
1718 2172 1828 2202 poena
1857 2166 1925 2192 tam
1949 2161 2114 2195 atrociter
2139 2162 2298 2206 loquitur

1316 2211 1435 2244 Deus?
1476 2210 1649 2245 Existimo
1665 2217 1800 2244 tantum
1828 2218 1971 2254 propter
1999 2219 2144 2245 mortem
2163 2210 2295 2247 Christi

1317 2260 1384 2295 boc
1411 2262 1543 2295 dictum
1567 2273 1658 2301 esse,
1684 2268 1723 2295 ut
1740 2260 1956 2304 intelligatur
1980 2261 2016 2294 in
2038 2259 2133 2295 hunc
2155 2263 2294 2298 deriva-

1316 2321 1386 2347 tam
1421 2324 1493 2345 esse
1524 2312 1831 2351 maledictionem,
1871 2312 1926 2344 cui
1959 2323 2066 2354 genus
2095 2310 2292 2348 humanum

1316 2364 1510 2396 subiectum
1535 2363 1617 2403 fuit,
1645 2362 1679 2395 id
1706 2369 1774 2402 cst,
1803 2359 1897 2394 hunc
1918 2362 2123 2396 sustinuisse
2146 2375 2293 2406 poenam

1316 2414 1468 2447 debitam
1486 2413 1641 2446 iusticiae
1657 2411 1741 2455 Dei,
1771 2418 1803 2445 et
1824 2412 1869 2444 ita
1886 2424 1949 2454 pro
1967 2413 2069 2446 nohis
2087 2415 2293 2457 persolvisse

1317 2461 1463 2509 λύτρον.
1538 2463 1722 2497 Caeterum
1757 2474 1860 2507 quam
1891 2463 1999 2497 tristis
2032 2465 2219 2511 appellatio
2250 2466 2295 2501 sit

1320 2516 1389 2547 dici
1415 2514 1638 2547 maledictum
1660 2526 1677 2546 a
1698 2513 1794 2552 Deo,
1821 2513 1855 2545 id
1876 2525 1947 2545 non
1965 2521 2076 2557 potest
2099 2516 2214 2550 verbis
2234 2529 2294 2550 ex-

1315 2565 1458 2609 plicari,
1485 2566 1543 2598 sed
1570 2566 1741 2597 discamus
1766 2563 1819 2605 pia
1838 2564 2084 2606 meditatione,
2111 2578 2189 2599 cum
2208 2580 2294 2612 que-

1315 2616 1404 2649 relas
1420 2616 1456 2648 in
1473 2614 1619 2648 Psalmis
1639 2620 1672 2647 et
1696 2613 1780 2646 alibi
1798 2613 1956 2656 legimus.
2010 2614 2094 2649 Item
2121 2629 2200 2650 cum
2224 2617 2292 2661 ipsi

1316 2666 1435 2711 aliquo
1467 2666 1572 2699 modo
1603 2671 1719 2698 nostra
1746 2670 1886 2708 peccata
1912 2665 2099 2710 aspicimus
2125 2679 2165 2701 ac
2186 2679 2292 2713 expa-
