2415 2942
267 102 338 137 911
869 93 993 128 PHlL.
1022 91 1136 128 MEL.
1164 90 1371 128 SCRIPTA
1398 87 1698 125 EXEGETICA.

604 177 740 214 Proba!
745 179 780 213 ιό
804 191 912 226 spem.

377 261 414 294 ld
435 266 499 293 est:
539 257 579 290 lu
606 257 666 290 illo
694 257 857 289 exercitio
877 256 961 288 fides
983 263 1013 289 et
1029 265 1105 298 spes
1132 254 1258 287 confir-

275 320 424 347 mantur.
480 310 571 343 Sunt
596 315 710 340 autem
737 307 844 339 vicini
876 313 991 340 motus
1015 306 1098 339 fides
1116 312 1149 338 et
1167 316 1256 348 speS,

276 371 309 397 et
334 373 469 405 semper
492 359 669 392 coniuncti
702 365 802 397 sunt,
838 364 870 391 et
896 363 1012 390 tamen
1037 357 1180 401 aliquod
1207 362 1257 388 est

277 413 464 447 discrimen
489 410 718 443 obiectorum.

380 481 480 514 Fides
506 485 553 511 est
579 484 694 510 motus
719 474 984 520 apprehendens
1015 475 1160 508 verbum
1182 473 1261 513 Dei,

281 542 312 567 et
338 533 449 566 Deum
467 531 579 573 ipsum
593 555 602 568 ‚
629 535 660 561 et
680 528 715 559 in
734 527 927 571 praesentia
950 526 1122 568 accipiens
1139 536 1261 557 recou-

279 583 505 617 ciliationem,
563 578 612 612 lta
629 578 664 611 fit
682 578 874 610 consolatio
894 584 925 610 et
945 577 1076 610 laetitia
1099 587 1177 608 cum
1196 573 1261 607 boc

280 644 441 679 praesens
458 633 592 664 bonum
611 626 904 673 apprehenditur.

383 698 449 732 Sed
473 709 548 741 spes
572 702 619 729 est
647 702 736 728 certa
761 694 951 737 expectatio
979 694 1070 726 vitae
1087 699 1264 732 aeternae,

285 759 426 796 propter
443 749 668 781 mediatorem
695 746 895 789 promissae,
913 751 945 777 et
961 743 1150 786 expectatio
1169 744 1265 775 sutu-

288 814 346 835 rae
362 798 592 843 mitigationis
611 798 647 828 in
666 794 729 828 hac
752 795 820 828 vita
835 822 843 835 ,
866 796 960 828 iuxta
979 794 1167 827 consilium
1187 793 1266 827 Dei.

285 852 342 885 Sic
374 851 488 895 iuquit
513 847 652 882 Esaias:
690 845 732 879 In
758 845 899 879 silentio
930 851 962 878 et
987 856 1047 889 spe
1073 844 1137 877 erit
1162 843 1267 877 forti-

286 904 372 936 tudo
398 908 521 934 vestra.

387 967 545 1001 Primum
577 964 745 1009 praecipit
775 963 976 1003 silentium,
1010 963 1045 996 id
1072 970 1140 1003 est,
1175 960 1266 994 hanc

287 1019 545 1057 obedientiam,
567 1027 655 1060 quae
672 1022 721 1048 est
740 1026 811 1046 non
832 1014 934 1046 irasci
947 1013 1021 1048 Deo
1045 1014 1082 1046 in
1107 1012 1269 1046 afflictio-

287 1072 412 1109 nibus,
441 1075 473 1102 et
491 1079 562 1100 non
582 1078 748 1111 quaerere
765 1066 965 1097 inconcessa
991 1064 1183 1108 praesidia,
1209 1064 1267 1095 sed

288 1121 509 1165 praelucente
526 1118 593 1150 fide
610 1125 641 1150 et
673 1123 879 1159 :ignoscente
903 1116 1119 1148 voluntatem
1145 1113 1209 1147 Dei
1238 1120 1269 1146 et

290 1171 519 1214 praesentiam
546 1167 628 1207 Dei,
664 1168 799 1200 flectere
825 1167 928 1198 corda
954 1166 1072 1210 aliquo
1098 1166 1204 1198 modo
1227 1165 1270 1197 ad

290 1221 523 1255 obedientiam
536 1245 544 1259 ,
572 1225 611 1252 nt
627 1218 736 1251 velint
757 1217 908 1259 perferre
926 1216 1141 1251 afflictiones.

394 1287 531 1321 Deinde
555 1297 648 1328 spem
674 1285 861 1328 praecipit,
895 1296 982 1328 quae
1008 1285 1162 1316 intuetur
1186 1294 1271 1314 ven-

293 1349 406 1373 turam
433 1337 696 1375 liberationem,
729 1346 790 1367 seu
813 1335 1080 1377 mitigationem.
1143 1333 1192 1366 lta
1217 1333 1272 1364 in·

297 1391 386 1435 quit:
416 1387 565 1422 Silentes
582 1394 612 1419 et
631 1392 807 1429 sperantes
824 1384 1048 1417 servabimini
1061 1410 1069 1423 ,
1089 1384 1182 1416 eritis
1200 1383 1273 1415 for-

295 1449 364 1477 tes,
395 1438 608 1476 consistetis,
649 1434 821 1468 babebitis
846 1436 956 1467 honos
983 1441 1144 1474 eventus,
1177 1433 1271 1465 iuxta

297 1492 356 1523 illa
381 1491 492 1522 dicta:
530 1486 659 1520 Omnis
684 1486 742 1531 qni
761 1486 872 1518 credit
899 1486 935 1517 in
961 1497 1059 1525 eum,
1094 1496 1165 1516 non
1190 1495 1275 1516 con-

296 1542 476 1575 fundetur.
527 1537 617 1572 Psal.
633 1537 683 1571 9.:
713 1535 759 1569 Et
781 1543 920 1579 sperent
942 1536 978 1567 in
1003 1543 1055 1575 te,
1083 1535 1143 1579 qui
1168 1545 1276 1566 nove-

298 1598 381 1625 runt
399 1601 528 1623 nomen
544 1595 643 1622 tuum
655 1613 665 1628 ,
683 1587 765 1632 quia
784 1598 855 1619 non
872 1585 1088 1631 derelinquis
1105 1595 1276 1630 quaeren-

297 1651 346 1676 tes
362 1650 394 1676 te
411 1640 575 1675 Domine.

580 1753 669 1802 Spes
695 1766 766 1787 non
794 1750 999 1801 confundit.

401 1831 542 1867 Phrasis
562 1831 735 1865 Hebraica
760 1837 828 1863 est:
871 1829 957 1873 Spes
983 1840 1053 1860 non
1082 1827 1281 1868 confundit,

301 1887 334 1918 id
355 1892 423 1923 est,
450 1895 521 1916 non
540 1883 726 1915 frustratur
748 1889 965 1925 sperantem,
993 1880 1041 1911 sic
1065 1879 1157 1911 enim
1181 1890 1282 1923 saepe

302 1937 448 1969 verbum
466 1933 680 1966 confundere
697 1943 756 1964 seu
781 1931 984 1975 pudefacere
1003 1936 1193 1972 usurpatur
1218 1941 1281 1974 pro

303 1985 475 2020 frustrari.
512 1983 575 2017 Est
595 1990 710 2016 autem
729 1983 937 2015 asseveratio
957 1988 989 2013 et
1007 1980 1200 2013 consolatio
1218 1992 1282 2023 op-

303 2037 466 2081 ponenda
489 2032 680 2079 prophanis
708 2033 864 2071 iudiciis,
901 2044 988 2076 quae
1014 2031 1212 2063 existimant
1228 2031 1283 2062 di-

304 2096 356 2121 cta
374 2088 416 2119 de
433 2094 579 2119 venturo
597 2084 744 2124 iudicio,
772 2091 805 2115 et
830 2082 1062 2126 promissione
1081 2081 1222 2121 salutis,
1250 2088 1281 2114 et

304 2139 418 2171 minas
448 2147 640 2181 poenarum
681 2141 759 2179 post
791 2131 880 2166 hanc
920 2133 1024 2165 vitam
1059 2143 1130 2164 esse
1163 2132 1283 2164 inanes

304 2189 453 2222 fabulas.

406 2254 539 2288 Contra
572 2251 656 2286 haec
689 2250 841 2284 humana
882 2249 1010 2281 iudicia
1042 2248 1153 2281 edidit
1187 2248 1284 2280 Deus

307 2319 403 2341 suam
424 2317 543 2338 vocem
564 2311 596 2337 et
616 2303 813 2336 testimonia
844 2300 992 2332 illustria
1017 2299 1166 2331 affirmat
1190 2310 1283 2330 mor·

306 2364 384 2390 tuos
406 2356 599 2388 revicturos
620 2366 708 2393 esse,
735 2361 766 2385 et
790 2358 990 2384 secuturum
1016 2361 1087 2382 esse
1114 2349 1283 2382 iudicium

306 2404 490 2450 posthanc
506 2406 629 2443 vitam,
658 2405 693 2436 in
710 2415 779 2448 quo
797 2401 1018 2434 credentibus
1042 2400 1077 2431 in
1094 2400 1203 2431 filiurn
1223 2400 1284 2431 da—

309 2458 362 2491 bit
389 2457 517 2493 vitam,
545 2455 766 2498 sapientiam,
800 2451 994 2490 iusticiam,
1028 2450 1216 2489 laetitiam,
1252 2455 1286 2482 et

309 2508 417 2541 vitam
443 2513 629 2538 aeternam.
692 2504 820 2547 lmpios
848 2514 930 2534 vero
955 2501 1093 2534 abiiciet
1121 2500 1157 2532 in
1175 2506 1286 2532 aeter-

310 2569 374 2592 nos
397 2556 578 2590 cruciatus.
632 2553 677 2588 Et
699 2552 860 2587 Christus
884 2564 943 2585 sua
968 2550 1222 2584 resurrectione
1253 2556 1286 2582 et

310 2609 502 2642 multorum
527 2605 780 2638 resurrectione
804 2602 887 2637 haec
914 2608 1006 2636 certo
1031 2606 1197 2634 eventura
1215 2611 1286 2633 esse

309 2658 469 2692 ostendit.

2211 90 2284 126 912

1411 176 1466 209 Ad
1485 173 1571 209 haec
1587 173 1786 208 testimonia
1810 175 2021 220 adiungatur
2045 173 2110 209 hoc
2134 176 2284 215 dictum,

1310 227 1397 271 Spes
1419 238 1492 259 non
1516 227 1722 266 frustratur,
1751 225 1879 259 scilicet
1902 228 2081 260 credentes
2105 227 2141 259 in
2164 227 2287 262 filium.

1311 278 1378 312 Sed
1397 275 1453 311 liic
1472 278 1507 309 iu
1527 276 1674 319 singulis
1693 276 1903 309 couscientia
1922 277 2084 323 disputat.

1462 327 1651 361 promissio
1680 327 1831 370 pertinet
1853 327 1894 359 ad
1917 327 2058 369 dignos:

1463 377 1538 421 Ego
1566 384 1679 410 autem
1697 389 1773 410 sum
1796 377 1962 420 indignus
1986 383 2048 410 etc.

1416 427 1534 470 Quare
1562 427 1694 461 etiamsi
1718 428 1902 472 promissio
1929 428 2015 460 facta
2040 433 2108 466 est,
2137 433 2170 460 et
2191 440 2289 462 man-

1316 479 1434 513 datum
1453 486 1522 519 est,
1550 485 1589 512 ut
1605 489 1801 521 speremus,
1828 485 1942 511 tamen
1967 477 2122 510 fortassis
2141 479 2291 521 prornis-

1316 530 1366 562 sio
1385 527 1473 562 nihil
1492 530 1531 561 ad
1550 541 1604 561 me
1621 530 1758 563 attinet.

1415 581 1592 613 Adversus
1611 577 1700 612 hane
1718 578 1949 612 obiectionem
1976 589 2112 611 necesse
2129 584 2179 611 est
2196 590 2296 613 nosse

1319 631 1504 663 discrimen
1522 631 1605 674 legis
1623 638 1654 663 et
1674 629 1871 672 Evangelii,
1892 637 1922 662 et
1939 629 2025 662 scire
2040 629 2235 662 doctrinam
2253 631 2296 664 de

1320 681 1488 725 particula
1524 681 1716 720 exclusiva,
1752 680 1882 713 Gratis.
1949 678 2044 712 Haec
2073 686 2124 712 est
2156 680 2296 723 epitasis

1319 732 1536 771 certaminis,
1569 730 1627 764 An
1652 730 1748 763 Deus
1781 731 1865 763 velit
1889 730 1989 763 nobis
2018 730 2195 763 remittere
2217 742 2298 775 pec-

1321 790 1412 823 cata,
1430 789 1461 815 et
1478 794 1521 815 an
1539 782 1624 815 velit
1639 781 1742 814 nobis
1757 781 1839 814 dare
1858 787 2034 814 aeternam
2053 781 2200 814 salutern
2217 793 2298 815 cum

1319 833 1428 866 simus
1452 832 1614 875 indigni?

1422 883 1489 916 Hic
1514 894 1651 915 necesse
1678 889 1727 915 est
1750 893 1851 914 nosse
1876 892 1995 914 vocem
2018 878 2200 925 Evangelii
2219 893 2301 926 pro-

1323 935 1446 978 priam.
1498 932 1647 977 Propter
1664 933 1786 965 “filium
1809 932 1873 965 Dei
1898 931 2005 975 gratis
2032 932 2096 965 tibi
2123 933 2301 966 donantur

1321 984 1479 1018 remissio
1503 991 1743 1027 peccatorum,
1772 982 2030 1021 reconciliatio,
2053 994 2113 1016 seu
2136 983 2303 1015 iustifica-

1322 1036 1389 1073 tio,
1425 1034 1570 1067 donatio
1595 1033 1746 1077 Spiritus
1777 1033 1904 1073 sancti,
1945 1039 1976 1065 et
2007 1032 2096 1065 vitae
2131 1040 2302 1073 aeternae,

1323 1097 1522 1131 quanquam
1542 1096 1661 1118 sumus
1681 1084 1836 1127 indigni,
1862 1083 2066 1115 mandatum
2084 1082 2149 1116 Dei
2176 1083 2304 1116 immu-

1324 1137 1431 1170 tabile
1450 1143 1518 1176 est,
1554 1143 1592 1169 ut
1618 1132 1684 1168 hoc
1701 1135 1902 1173 credamus,
1930 1133 2024 1166 iuxta
2047 1134 2196 1167 dictum:
2223 1133 2305 1167 Ideo

1324 1200 1363 1221 ex
1382 1188 1447 1220 fide
1465 1187 1588 1230 gratis,
1617 1193 1653 1219 ut
1673 1186 1716 1218 sit
1736 1186 1832 1218 firma
1849 1184 2047 1228 promissio.

1365 1267 1465 1316 Quia
1484 1266 1628 1301 dilectio
1643 1265 1720 1300 Dei
1737 1263 1855 1316 effusa
1879 1270 1928 1299 est
1945 1265 1983 1299 in
2000 1262 2109 1299 corda
2127 1271 2267 1302 nostra.

1431 1335 1580 1368 Videtur
1608 1336 1754 1367 obscura
1795 1344 1867 1366 esse
1908 1332 1996 1365 ratio
2029 1334 2309 1378 consequentiae,

1327 1386 1412 1429 Spes
1431 1398 1502 1418 non
1527 1385 1732 1421 confundit,
1760 1383 1841 1428 quia
1866 1382 2006 1415 dilectio
2035 1383 2103 1416 Dei
2130 1384 2235 1417 effusa
2259 1393 2308 1418 est

1327 1438 1364 1469 in
1381 1438 1484 1469 corda
1503 1443 1631 1468 nostra.
1685 1433 1809 1466 Minus
1827 1433 2005 1465 videretur
2022 1433 2167 1466 obscura
2185 1446 2307 1467 conse-

1329 1487 1491 1532 quentia,
1518 1487 1544 1518 si
1564 1486 1611 1518 sic
1630 1484 1777 1518 diceret:
1803 1483 1889 1527 Spes
1905 1495 1976 1515 non
2000 1483 2203 1524 confundit,
2226 1486 2307 1529 quia

1330 1537 1516 1582 promissio
1539 1543 1586 1568 est
1603 1542 1692 1568 certa
1711 1542 1742 1567 et
1760 1541 1851 1567 rata:
1879 1545 1959 1565 nam
1984 1531 2066 1565 haec
2084 1536 2172 1566 ratio
2196 1536 2307 1567 sumi-

1330 1595 1388 1621 tur
1412 1600 1450 1620 ex
1479 1587 1637 1629 proximo
1664 1585 1800 1617 obiecto
1823 1583 1916 1627 spei,
1944 1584 2037 1627 quod
2065 1591 2187 1617 notum
2203 1592 2253 1618 est
2270 1597 2308 1618 ex

1332 1637 1574 1682 proi'uissione.
1627 1634 1755 1678 Reipsa
1774 1645 1855 1666 vero
1874 1633 1966 1665 idem
1988 1633 2073 1666 dicit
2090 1633 2236 1676 Paulus,
2253 1637 2312 1668 sed

1333 1689 1432 1721 addit
1450 1687 1604 1732 aliquid,
1632 1684 1693 1719 Est
1707 1685 1800 1717 enim
1817 1683 2005 1717 sententia:
2033 1682 2118 1728 Spes
2137 1698 2208 1718 non
2228 1697 2313 1719 con-

1333 1740 1467 1779 fundit,
1494 1739 1574 1782 quia
1599 1736 1693 1769 Deus
1718 1743 1810 1768 certo
1837 1745 1900 1767 nos
1924 1733 2059 1776 diligit,
2086 1743 2117 1768 et
2144 1734 2233 1769 lianc
2257 1737 2311 1769 di-

1333 1791 1517 1823 lectionem
1551 1785 1848 1831 apprehendimus
1875 1786 1949 1828 ipso
1983 1791 2079 1818 motu
2109 1787 2207 1827 fidei,
2243 1799 2312 1832 quo

1334 1841 1438 1874 simul
1458 1839 1608 1883 Spiritus
1633 1845 1770 1870 sanctus
1794 1843 1843 1869 est
1861 1836 1997 1876 efficax,
2025 1845 2056 1870 et
2083 1837 2183 1879 erigit
2208 1839 2313 1871 corda

1335 1893 1372 1924 in
1389 1891 1480 1923 veris
1501 1889 1703 1930 doloribus,
1730 1887 1969 1920 consolatione
1988 1893 2019 1918 et
2034 1887 2182 1927 laetiiia‚
2209 1896 2311 1932 atque

1336 1944 1381 1975 ita
1407 1941 1560 1985 Spiritus
1581 1946 1720 1971 sanctus
1750 1944 1799 1970 est
1827 1938 1972 1980 artabu,
2014 1944 2048 1970 et
2067 1939 2124 1971 dat
2154 1939 2312 1972 testimo-

1336 1993 1433 2026 nium
1459 1990 1598 2035 spiritui
1622 1996 1752 2023 nostro.

1438 2041 1618 2084 Significat
1643 2040 1748 2082 igitur
1770 2038 1910 2071 dilectio
1934 2038 1998 2072 Dei
2032 2036 2098 2072 hoc
2121 2041 2198 2073 loco
2224 2041 2312 2074 dile-

1337 2095 1488 2127 ctionem
1506 2119 1514 2132 ,
1550 2103 1616 2136 qua
1643 2102 1706 2122 nos
1731 2089 1847 2131 diligit
1871 2088 1983 2129 Deus,
2019 2097 2055 2122 ut
2080 2091 2188 2124 infra:
2224 2090 2312 2134 Quis

1336 2143 1509 2188 separabit
1539 2153 1603 2174 nos
1625 2154 1641 2172 a
1659 2141 1846 2172 dilectione
1868 2138 1957 2172 Dei?
1983 2141 2131 2181 scilicet,
2158 2154 2223 2186 qua
2250 2153 2312 2174 nos

1337 2195 1464 2237 diligit.
1518 2191 1563 2225 Et
1591 2192 1695 2223 simul
1720 2203 1840 2223 verum
1866 2198 1933 2229 est,
1968 2197 2050 2223 tunc
2077 2192 2112 2223 iu
2141 2193 2243 2224 corde
2260 2192 2311 2222 vi-

1337 2246 1452 2279 cissim
1471 2243 1613 2276 accendi
1640 2242 1862 2274 dilectionem
1880 2248 2032 2274 nostram
2050 2253 2127 2283 erga
2145 2240 2270 2276 Deum.

1437 2295 1505 2328 Hic
1528 2294 1657 2326 multae
1685 2291 1905 2337 quaestiones
1935 2297 2137 2329 moventur,
2173 2293 2228 2325 An
2256 2292 2311 2324 di—

1337 2345 1439 2379 lectio
1457 2347 1498 2378 sit
1526 2345 1598 2388 ipse
1615 2343 1767 2386 Spiritus
1790 2350 1928 2375 sanctus
1949 2342 2240 2380 substantialiter,
2268 2340 2312 2376 Et

1338 2397 1433 2429 nulla
1452 2397 1493 2429 sit
1515 2395 1674 2439 ponenda
1693 2393 1833 2426 dilectio
1857 2391 1922 2425 Dei
1947 2398 2056 2424 creata
2086 2393 2121 2424 iu
2146 2391 2314 2426 homine?

1341 2447 1444 2485 Item,
1474 2447 1530 2479 Au
1556 2444 1704 2481 noticia,
1743 2454 1830 2487 quae
1854 2448 1903 2474 est
1926 2442 2028 2481 fides,
2064 2443 2107 2476 sit
2133 2444 2206 2487 ipse
2220 2443 2312 2476 filius

1338 2498 1420 2535 Dei,
1446 2496 1601 2529 Verbum
1616 2521 1624 2534 ,
1653 2493 1698 2527 Et
1714 2493 1810 2526 nulla
1836 2492 1878 2525 sit
1904 2493 2067 2536 ponenda
2087 2494 2215 2528 noticia
2231 2506 2313 2538 pro-

1338 2548 1516 2581 missionis
1533 2552 1642 2579 creata
1660 2544 1697 2576 in
1715 2541 1882 2576 homine?

1439 2597 1515 2630 Hae
1532 2595 1753 2642 quaestiones
1768 2599 1800 2626 et
1819 2592 1903 2625 olirn
1921 2601 2036 2627 motae
2051 2601 2150 2635 sunt,
2167 2601 2199 2628 et
2219 2607 2313 2628 nune

1339 2649 1382 2682 ab
1399 2646 1579 2681 Osiandro
1596 2649 1835 2691 renovantur:
1865 2642 1912 2677 Ut
1937 2644 1963 2676 si
1990 2646 2067 2690 quis
2094 2645 2315 2689 imaginetur,
