2415 2942
114 104 161 139 73
521 104 602 139 ΧΠ.

113 193 174 225 bat
189 191 282 224 enim
300 191 387 236 quid
413 196 500 225 esset
524 191 562 223 in
584 188 746 229 homine,
781 190 818 222 id
844 196 910 230 est,
942 190 1105 222 omnium

113 243 312 276 voluntates
337 254 410 276 esse
434 242 610 282 infirmas,
652 242 847 275 multorum
870 240 975 272 etiam
1000 240 1106 284 perfi-

113 294 246 332 diosas,
274 301 312 327 ut
329 294 414 327 alibi
439 293 587 326 dicitur:
614 292 734 325 Nolite
751 289 929 324 confidere
946 291 983 322 in
1001 291 1106 335 prin-

113 345 266 388 cipibus,
294 357 409 390 neque
425 344 462 377 in
481 344 562 376 filiis
587 341 790 380 hominum,
819 341 856 373 in
880 342 1008 386 quibus
1032 354 1106 374 non

113 403 163 430 est
194 396 298 431 salus.
356 394 404 429 Et
432 394 586 437 vulgaris
617 393 760 437 querela
794 398 846 425 est
869 393 905 424 in
930 392 1107 433 amicitiis,

113 458 192 480 cum
211 447 249 479 in
265 445 439 486 Ecclesia,
467 452 542 478 tum
562 450 656 477 extra
671 442 885 483 Ecclesiam,
908 443 1010 476 facile
1027 455 1106 476 mu-

112 498 180 531 tari
203 498 402 531 voluntates
426 495 632 530 amicorum.
698 493 793 527 Hinc
828 494 918 527 illud
945 493 1105 537 Virgilii:

113 548 293 593 Nusquam
318 554 392 580 tuta
414 546 514 587 fides;
553 553 587 579 et
607 550 725 578 extant
749 545 909 578 infinitae
924 545 1010 578 tales
1026 557 1106 578 sen-

112 599 253 633 tentiae.
307 595 430 630 Cicero
458 597 522 630 ait:
555 595 692 629 Nervus
716 602 821 640 atque
847 603 943 630 artus
959 607 1032 628 esse
1050 607 1105 628 sa-

110 648 264 692 pientiae
299 647 390 681 illud
422 645 653 692 Epicharmi:
707 645 891 680 BIemento
931 646 1105 681 diffidere.

110 698 270 732 Primum
290 705 408 732 autem
425 696 481 731 hic
505 699 674 731 docemur
699 709 745 730 ne
768 709 822 730 res
846 697 1012 738 iniustas,
1044 705 1105 731 aut

110 762 183 783 non
200 750 412 783 necessarias
430 760 633 782 moveamus
651 748 774 781 confisi
798 749 938 789 amicis,
965 755 1025 782 aut
1047 760 1104 782 so-

110 801 182 836 ciis.
235 800 422 841 Secundo,
459 800 563 833 etiam
588 811 642 832 res
667 800 798 839 bonas,
826 799 953 840 iustas,
982 811 1102 833 neces-

108 852 218 886 sarias
235 851 283 884 sic
300 863 454 894 agamus,
480 858 519 885 ut
537 864 555 884 a
574 849 648 884 Deo
666 851 959 893 gubernationem
978 857 1010 884 et
1026 863 1105 883 suc-

108 914 224 936 cessus
254 909 432 945 petamus,
472 909 504 935 et
536 913 733 945 speremus,
767 909 798 934 et
822 903 960 934 sincero
983 902 1102 934 animo

108 966 220 987 unum
255 953 361 985 finem
401 959 617 997 spectemUS,
667 952 833 986 videlicet
869 953 994 993 officii,
1044 964 1104 985 seu

107 1005 257 1048 gloriam
276 1003 354 1039 Dei.
408 1003 480 1037 Nec
503 1004 630 1036 fiducia
656 1003 791 1036 nitatur
814 1005 999 1048 praecipue
1018 1016 1103 1036 con-

107 1055 290 1089 iunctione
327 1055 540 1093 amicorum,
587 1061 647 1087 aut
678 1054 881 1087 foederibus
915 1055 1103 1093 sociorum,

105 1118 170 1139 nec
198 1105 420 1150 implicemus
447 1117 512 1138 nos
550 1106 679 1138 arctius
702 1105 868 1139 amicitiis
902 1103 1102 1146 hominum,

110 1158 171 1202 qui
203 1157 382 1190 interdum
410 1157 540 1189 invitos
565 1167 604 1188 ac
626 1155 787 1188 nolentes
818 1156 963 1200 rapiunt
986 1168 1103 1189 secum

108 1209 145 1240 in
163 1208 302 1250 negotia
328 1208 459 1241 iniusta
482 1213 514 1239 et
532 1206 689 1241 exitiosa.
745 1206 899 1250 Vulgare
917 1214 966 1239 est
982 1208 1026 1239 de
1046 1219 1104 1239 so-

107 1259 256 1292 dalitiis:
285 1258 383 1291 Nulli
409 1265 441 1291 te
457 1257 563 1290 facias
580 1258 686 1290 nimis
711 1258 886 1299 sodalem3
918 1256 1103 1290 Gaudebis

106 1310 243 1347 minus,
273 1316 306 1342 et
324 1309 441 1342 minus
464 1308 610 1341 dolebis.

208 1359 277 1393 Sed
296 1359 387 1392 dicat
407 1359 554 1404 aliquis,
592 1356 676 1391 haec
699 1369 772 1391 esse
798 1359 994 1402 paradoxa,
1020 1359 1102 1403 quia

106 1408 199 1444 nihil
222 1411 258 1442 in
281 1411 352 1443 vita
377 1410 453 1442 sine
473 1410 593 1442 amicis
613 1410 684 1452 geri
704 1416 827 1453 potest.
887 1409 1000 1443 David
1028 1422 1101 1442 non

104 1468 217 1506 potest
233 1461 324 1494 tueri
342 1473 441 1494 suam
468 1461 636 1498 salutem,
671 1460 746 1494 sine
773 1460 886 1494 amico
913 1458 1099 1493 Ionathan.

104 1512 338 1557 Respondeo:
368 1511 449 1546 Sint
474 1511 667 1552 amicitiae,
700 1518 733 1544 et
755 1523 820 1544 nos
843 1512 993 1545 candide
1017 1512 1101 1545 dili-

104 1575 227 1608 gamus
246 1575 387 1603 omnes,
414 1563 564 1596 maxime
584 1574 666 1596 vero
690 1563 840 1603 amicos,
864 1563 899 1596 id
925 1570 994 1603 est,
1020 1563 1100 1596 offi-

104 1615 166 1649 ciis
187 1614 413 1655 coniunctos,
443 1626 596 1659 quorum
620 1614 724 1647 etiam
751 1626 856 1657 opera
880 1622 1043 1654 utamur,
1067 1621 1099 1647 et

104 1666 296 1699 reddamus
323 1664 478 1697 vicissim
510 1671 649 1698 nostras
673 1676 809 1708 operas.
869 1664 950 1698 Dux
972 1663 1100 1699 habeat

106 1715 297 1748 exercitum
329 1715 562 1755 benevolum,
598 1716 834 1749 obedientem.
896 1715 992 1748 Haec
1026 1728 1099 1748 non

105 1773 266 1811 pugnant
296 1777 375 1798 cum
400 1765 472 1797 illis
497 1765 621 1805 dictis,
657 1778 746 1810 quae
778 1766 902 1799 iubent
927 1767 1099 1807 diffidere,

105 1818 187 1861 quia
208 1816 351 1849 dilectio
371 1823 402 1849 et
420 1817 552 1848 candor
576 1823 797 1859 praestentur
821 1828 900 1859 erga
925 1815 1098 1852 homines.

103 1867 173 1902 Sed
192 1867 299 1900 simul
316 1866 478 1906 sciamus,
505 1866 706 1900 voluntates
726 1865 911 1900 hominum
929 1879 1001 1900 esse
1019 1880 1098 1901 mu-

104 1919 248 1958 tabiles,
275 1923 313 1950 ut
333 1917 463 1950 scimus
480 1914 662 1949 hominem
679 1929 750 1950 esse
767 1918 963 1953 mortalem.
1001 1917 1099 1959 Item,

101 1970 252 2003 sciamus
279 1980 298 2001 a
322 1966 398 2002 Deo
425 1968 660 2012 expectandos
695 1980 767 2000 esse
799 1980 997 2007 successus,
1041 1967 1099 2002 hic

101 2019 328 2055 confirmabit
355 2019 556 2053 voluntates
591 2016 800 2060 hominum,
837 2021 952 2065 quoad
987 2021 1097 2054 volet:

101 2071 241 2106 Rursus
258 2071 407 2104 sciamus
422 2070 531 2104 iustas
550 2082 668 2103 causas
689 2082 762 2104 non
782 2071 998 2104 abiiciendas
1015 2083 1099 2113 esse,

101 2122 240 2157 etiamsi
256 2121 492 2154 destituamur
508 2119 673 2154 humanis
689 2123 884 2167 praesidiis.
934 2122 993 2156 Sic
1010 2135 1098 2156 con-

101 2181 197 2208 stans
216 2180 267 2207 est
284 2171 412 2205 Daniel
434 2172 471 2204 in
496 2172 735 2214 confessione,
763 2174 900 2207 etiamsi
922 2175 966 2207 ab
984 2174 1097 2207 amico

102 2237 182 2269 rege
198 2223 308 2257 Dario
327 2223 512 2256 deseritur.

202 2274 272 2308 Hic
301 2286 425 2308 rursus
456 2273 640 2308 obiicitur:
686 2273 781 2318 Ergo
808 2275 922 2309 virtus
947 2281 997 2309 est
1023 2288 1096 2309 esse

102 2326 338 2371 suspicacem?
396 2324 650 2371 Nequaquam,
692 2323 761 2359 hoc
794 2327 888 2360 enim
926 2339 1004 2360 cum
1040 2328 1097 2360 di-

102 2378 252 2412 lectione
277 2384 428 2421 pugnat,
463 2374 530 2410 hoc
555 2384 623 2417 est,
658 2389 737 2411 cum
763 2379 933 2418 candore,
959 2378 1020 2423 qui
1046 2386 1094 2412 est

101 2441 181 2472 pars
197 2428 373 2468 veritatiS,
400 2428 436 2461 id
463 2435 532 2467 est,
567 2440 649 2461 vere
672 2436 705 2463 et
728 2441 768 2461 ex
792 2429 912 2462 animo
938 2430 1095 2462 tribuere

101 2480 220 2520 alteri,
245 2480 340 2524 quod
360 2491 396 2511 re
422 2479 497 2523 ipsa
525 2486 700 2520 meretur,
732 2478 848 2513 David
876 2481 964 2513 bene.
989 2481 1095 2514 sentit

100 2532 143 2562 ‹le
160 2529 261 2569 Ioab,
286 2531 398 2563 donec
415 2531 551 2563 nullam
571 2531 646 2564 eius
667 2532 826 2565 fraudem
846 2528 1092 2574 deprehendit,

101 2582 158 2613 sed
183 2587 300 2614 tamen
322 2581 385 2614 scit
410 2593 482 2614 esse
507 2583 735 2621 mutabilem,
764 2590 802 2616 ut
827 2582 1031 2623 mortalem,
1060 2591 1092 2617 et

100 2631 176 2665 Deo
191 2630 355 2670 confidit,
380 2633 516 2666 etiamsi
534 2645 553 2666 a
569 2632 656 2667 Ioab
676 2634 782 2667 fuerit
806 2634 973 2667 desertus.
1026 2632 1092 2668 Est

100 2695 181 2726 ergo
207 2682 384 2726 suspicax,
415 2684 478 2728 qui
503 2690 596 2718 recte
621 2685 711 2720 facta
734 2685 929 2720 amicorum
956 2685 1090 2719 calum-

657 102 957 140 ENARRATIO
986 103 1036 138 ΙΝ
1061 104 1241 141 EVANG.
1273 103 1490 141 IOAN‘NIS.
1543 106 1645 144 CAP.
1677 108 1736 144 111.

1122 2189 1125 2203 τ
1149 2174 1226 2209 bus.

2100 111 2148 146 74

1158 191 1257 225 niose
1289 191 1560 238 interpretatur,
1605 202 1639 229 et
1667 196 1743 229 sine
1773 196 2020 239 probabilibus
2043 208 2149 239 argu-

1157 243 1286 276 mentis
1309 245 1353 277 de
1376 246 1520 279 alterius
1546 247 1665 280 animo
1690 248 1781 280 male
1810 247 1926 281 sentit.
1987 246 2066 280 Hoc
2093 248 2148 279 vi-

1158 292 1247 326 tium
1270 301 1363 328 taxat
1386 295 1534 338 Paulus,
1561 309 1640 331 cum
1657 298 1721 332 ait:
1749 298 1902 332 Dilectio
1927 299 2047 331 omnia
2074 310 2148 331 cre-

1157 343 1226 384 dit,
1254 345 1403 385 scilicet‚
1430 359 1519 390 quae
1537 355 1619 380 sunt
1636 346 1776 382 homini
1792 350 1984 390 credenda,
2011 356 2043 382 et
2061 360 2147 394 qua—

1156 401 1258 428 tenus
1291 407 1364 428 non
1394 405 1565 439 apparent
1591 401 1765 433 contraria
1791 407 2008 444 argumenta.
2068 400 2149 433 Non

1157 446 1326 480 debemus
1351 447 1472 479 amicis
1503 449 1644 482 credere
1677 450 1720 482 de
1748 451 1834 484 falsa
1867 452 2048 491 doctrina,
2088 451 2148 484 sed

1158 508 1327 541 quaerere
1352 498 1498 531 verbum
1518 497 1599 533 Dei.
1651 499 1733 533 Non
1758 502 1908 535 debebat
1924 501 2047 535 Cicero
2073 513 2148 534 cre—

1157 549 1260 589 dere,
1311 546 1504 582 Octavium
1546 550 1708 583 futurum
1752 552 1956 584 amiciorem
1999 552 2148 593 senatui,

1156 610 1261 644 quam
1285 598 1458 634 Antonio.
1516 598 1608 633 Nam
1644 602 1682 633 in
1709 602 1941 635 adolescentia
1965 615 2029 635 nec
2054 603 2148 636 iudi-

1156 650 1248 682 cium
1267 649 1426 691 firmum,
1454 663 1518 684 nec
1542 653 1739 686 constantia
1756 653 1980 687 voluntatum
2000 660 2060 686 est.
2103 653 2148 686 Et

1156 698 1328 734 Octavius
1346 713 1418 733 non
1442 699 1596 737 habebat
1617 703 1655 736 in
1677 710 1849 748 potestate
1871 705 2060 745 exercitus,
2088 705 2148 748 qui

1155 759 1256 785 erant
1280 752 1464 797 aequiores
1482 753 1661 795 Antonio,
1695 762 1729 789 et
1752 762 1826 788 tota
1849 767 1904 788 res
1927 755 2037 798 magis
2060 766 2147 799 pen-

1155 803 1259 836 debat
1275 815 1292 835 a
1310 804 1492 837 voluntate
1513 805 1681 840 militum.
1735 805 1944 841 Rectissime
1960 813 2076 840 autem
2093 806 2148 837 in-

1156 854 1232 899 quit
1251 851 1484 899 phocylides:

1235 903 1239 908 ¹
1309 911 1379 945 Λιιῷ
1396 911 1433 945 μή
1455 913 1581 945 πίστευε,
1601 912 1777 946 πολύτροπος
1795 913 1872 940 ἐστὶν
1891 911 1992 947 ὅμιλος.

1256 963 1328 998 Nec
1352 966 1490 999 confide
1512 967 1664 1010 populo,
1699 968 1781 1012 quia
1806 968 2045 1002 inconstantes
2064 975 2147 1002 sunt

1155 1016 1354 1050 voluntates
1380 1017 1514 1061 populi.
1567 1017 1636 1051 Sed
1651 1015 1736 1051 haec
1752 1030 1770 1052 a
1787 1020 2023 1063 prudentibus
2047 1019 2149 1052 facile

1155 1068 1307 1100 discerni
1326 1075 1473 1112 possunt
1490 1067 1574 1113 quid
1591 1069 1635 1102 sit
1652 1069 1883 1103 tribuendum
1899 1071 2012 1104 amico
2025 1098 2034 1112 ,
2062 1071 2147 1115 quid

1155 1117 1250 1159 Deo,
1279 1118 1446 1162 inprimis
1469 1125 1585 1151 autem
1613 1119 1649 1151 in
1667 1117 1825 1153 Ecclesia
1847 1121 2002 1154 multum
2025 1133 2148 1165 pecca—

1154 1176 1213 1203 tur
1229 1169 1267 1201 in
1292 1167 1359 1202 boc
1385 1180 1523 1212 genere.
1576 1168 1759 1213 Sapientes
1777 1171 1860 1216 quIa
1877 1171 2043 1205 diffidunt
2059 1171 2148 1208 Deo,

1154 1220 1376 1263 applaudunt
1409 1226 1595 1264 potentum
1635 1221 1826 1255 erroribus.
1888 1220 1964 1255 Atii
2002 1229 2149 1267 peccant

1154 1270 1280 1304 fiducia
1298 1282 1424 1314 prava,
1450 1271 1532 1315 quia
1552 1279 1727 1316 quaerunt
1752 1273 1926 1317 praesidIa
1944 1280 2066 1307 contra
2085 1286 2148 1307 vo-

1154 1322 1324 1355 luntatem
1345 1319 1432 1361 Dei,
1460 1333 1498 1355 ac
1524 1329 1669 1356 movent
1692 1324 1883 1363 tumultus,
1918 1337 1998 1358 cum
2024 1326 2061 1358 in
2084 1324 2149 1358 bo-

1154 1372 1228 1412 nis,
1256 1378 1330 1405 tum
1348 1373 1385 1404 in
1403 1372 1505 1406 malis
1528 1374 1659 1414 causis,
1685 1380 1723 1407 ut
1748 1386 1849 1420 saepe
1875 1376 2013 1409 accidit.
2066 1375 2149 1409 Mo-

1153 1424 1311 1457 netarius
1343 1430 1378 1457 et
1410 1423 1484 1457 eius
1514 1424 1600 1457 socii
1635 1426 1826 1460 movebant
1862 1427 2037 1460 tumultus
2072 1427 2148 1459 sine

1153 1475 1358 1514 vocatione,
1384 1474 1465 1508 freti
1483 1476 1610 1509 studiis
1625 1476 1745 1519 vulgi,
1773 1489 1863 1522 quae
1886 1484 1968 1512 sunt
1991 1478 2147 1512 mutabi—

1153 1526 1243 1560 liora
1260 1525 1386 1561 ventis.
1439 1525 1496 1559 Ad
1514 1527 1601 1560 tales
1619 1539 1716 1560 casus
1739 1529 1892 1572 pertinet
1920 1527 2005 1562 haec
2023 1530 2147 1562 admo-

1152 1577 1241 1610 nitio
1267 1576 1304 1609 in
1329 1574 1397 1609 hoc
1421 1583 1535 1611 textu:
1583 1577 1635 1611 Ne
1669 1590 1733 1611 nos
1764 1580 1986 1623 implicemus
2018 1580 2146 1614 arctius

1152 1627 1317 1661 amicitiis
1344 1625 1553 1669 hominum,
1589 1641 1679 1661 neve
1705 1630 1787 1664 elati
1813 1631 1940 1664 fiducia
1969 1628 2144 1664 humano-

1151 1691 1229 1712 rum
1256 1679 1513 1722 praesidiorum
1539 1679 1675 1724 aliquid
1703 1692 1907 1716 moveamus
1938 1682 2014 1715 sine
2043 1694 2145 1716 voca-

1150 1730 1257 1764 tione.

1529 1836 1667 1891 Caput
1702 1839 1777 1880 ΠΙ.

1251 1917 1329 1951 Hoc
1346 1924 1450 1962 caput
1467 1918 1570 1951 initio
1596 1919 1754 1954 continet
1780 1922 2052 1955 eruditissimam
2070 1924 2143 1957 dis-

1151 1969 1371 2014 putationem
1396 1970 1439 2001 de
1465 1969 1732 2012 iustificatione,
1760 1972 1803 2004 de
1819 1973 2022 2006 discrimine
2041 1974 2142 2008 iusti-

1150 2021 1222 2053 ciae
1239 2020 1326 2063 legis
1343 2027 1376 2054 et
1391 2020 1550 2053 iusticiae
1566 2021 1664 2062 fidei,
1693 2023 1736 2055 de
1754 2023 1871 2056 officio
1889 2025 2032 2068 proprio
2045 2025 2140 2059 Mes-

1150 2072 1232 2105 siae.
1286 2070 1424 2104 Deinde
1447 2072 1618 2115 repetitur
1641 2073 1777 2107 illustre
1806 2075 2048 2109 testimonium
2071 2075 2143 2109 Ba—

1151 2123 1294 2166 ptistae,
1318 2134 1397 2155 curn
1416 2123 1586 2156 concione
1611 2123 1685 2157 eius
1708 2125 1908 2158 dulcissima
1928 2126 1996 2170 piis
2013 2128 2142 2161 menti—

1288 2173 1358 2207 Sed
1394 2174 1598 2219 priusquam
1629 2175 1734 2209 venio
1771 2177 1813 2209 ad
1855 2177 2142 2220 disputationem,

1150 2236 1258 2268 pauca
1282 2225 1325 2258 de
1349 2225 1451 2258 sectis
1484 2226 1609 2269 populi
1639 2225 1772 2260 Iudaici
1797 2227 1945 2260 dicenda
1978 2237 2077 2269 sunt,
2103 2239 2140 2262 ut

1149 2274 1318 2310 historIae
1342 2276 1623 2311 considerentur.
1679 2277 1767 2310 Nam
1787 2275 1873 2311 haec
1891 2279 2033 2313 collatio
2049 2288 2139 2313 tem-

1146 2329 1274 2371 porum
1303 2325 1480 2360 Ecclesiae
1512 2329 1680 2361 admonet
1712 2339 1796 2368 nos,
1838 2327 2032 2363 Ecclesiam
2065 2343 2137 2364 non

1147 2390 1219 2412 esse
1237 2378 1413 2421 alligatam
1431 2378 1555 2419 titulis,
1582 2378 1750 2421 gradibus
1766 2380 1990 2423 dignitatum,
2020 2388 2053 2415 et
2070 2380 2138 2416 bu-

1147 2430 1261 2463 manis
1285 2429 1511 2469 ceremoniis,
1550 2431 1608 2461 sed
1635 2436 1771 2464 tantum
1797 2433 1906 2465 verbo
1928 2432 2015 2472 Dei,
2049 2434 2135 2467 sicut

1145 2479 1271 2515 Ioann.
1293 2482 1349 2514 10.
1370 2480 1518 2513 dicitur:
1554 2477 1650 2514 Oves
1672 2493 1768 2517 meae
1790 2494 1911 2516 vocem
1937 2495 2049 2517 meam
2074 2496 2137 2518 au-

1144 2532 1267 2573 diunt;
1303 2539 1336 2565 et
1360 2542 1518 2574 expresse
1541 2539 1644 2574 negat
1669 2530 1831 2567 Christus
1852 2537 1932 2567 suas
1959 2546 2031 2568 esse
2055 2547 2136 2569 oves

1143 2590 1315 2623 caeteros,
1342 2582 1403 2627 qui
1420 2593 1492 2614 non
1509 2583 1668 2616 credunt.

1247 2633 1438 2678 Postquam
1476 2631 1678 2666 Maccahaei
1716 2634 1837 2668 divina
1867 2647 1935 2679 ope
1965 2634 2134 2670 Antiochi

1143 2685 1335 2719 exercitum
1360 2684 1539 2724 vicerunt,
1575 2692 1606 2718 et
1631 2697 1672 2718 ex
1692 2685 1821 2719 Iudaea
1847 2687 2075 2731 expulerunt,
2105 2697 2135 2722 et
