2415 2942
74 231 191 264 nibus.

79 90 153 129 433
180 136 185 137 ⁷
487 87 569 126 ΧΠ,

76 191 141 213 nos
158 178 338 217 exaudiat,
365 188 409 211 an
430 174 723 223 acquiescendum
741 173 786 209 sit
804 172 841 207 in
858 174 1064 218 promissio-

246 230 300 263 Ad
329 226 414 263 haec
431 228 551 263 omnia
569 224 708 261 ethnico
729 237 826 259 more
847 226 1062 269 respondent

74 278 246 315 Monachi
258 288 289 314 et
301 278 580 320 Mahometistae,
590 277 824 312 dubitandum
835 288 916 311 esse.
944 274 1061 309 Econ-

74 340 127 366 tra
150 344 233 366 vero
259 329 508 365 Enthusiastae
532 336 565 364 et
587 328 838 372 Anabaptistae
856 352 865 366 ‚
903 339 981 360 cum
1008 327 1060 359 vi-

73 383 181 417 deant
205 380 296 416 hanc
320 382 577 416 dubitationem
606 377 782 413 ethnicam
812 390 904 418 esse,
934 378 1058 412 iubent

72 441 188 478 petere
201 460 209 475 ‚
234 441 274 468 ut
288 433 438 467 visibilis
455 432 585 477 species
601 430 704 463 nobis
721 431 936 463 ostendatur.
988 428 1055 463 Sed

72 497 173 518 error
195 491 427 529 utrorumque
449 482 672 517 detestandus
690 487 758 518 est,
801 487 833 513 et
857 482 1056 525 quaerenda

25 540 26 561 ³
73 547 153 569 vera
172 542 204 569 et
220 536 320 569 firma
345 535 502 569 doctrina
519 534 562 567 de
575 533 662 573 fide,
697 538 729 565 et
747 531 954 564 discendum
970 531 1055 577 quid

71 587 115 620 sit
140 587 235 622 fides.

171 636 230 671 Sic
246 635 351 680 igitur
366 634 576 679 respondeo:
605 632 765 666 Primum
778 645 851 666 non
868 633 1054 677 petendam

70 699 142 720 esse
165 688 312 731 speciem
336 685 402 720 Dei
419 685 613 725 visibilem,
642 697 704 717 nec
721 684 958 718 dubitandum
982 696 1054 718 esse

70 750 114 771 an
131 746 222 772 recte
240 737 350 771 Deum
366 737 585 776 invocemus,
613 736 670 768 sed
695 742 779 769 tunc
803 748 883 768 vere
904 742 939 770 et
963 743 1054 770 recte

69 787 185 823 Deum
215 789 435 827 invocamus,
485 799 562 820 cum
595 798 693 819 mens
726 787 921 831 alloquitur
951 787 1052 821 illum

68 838 202 880 Deum,
232 839 292 884 qui
316 851 351 871 se
369 837 529 882 patefecit
546 838 627 870 dato
645 836 861 880 Evangelio,
892 845 925 872 et
948 839 1052 872 misso

68 890 142 923 filio
155 888 310 923 Domino
331 895 449 922 nostro
467 889 543 921 Iesu
553 886 707 922 Christo.
762 887 858 922 Haec
876 889 1052 923 invocatio

66 939 232 973 discernit
256 937 551 983 Xenophonteam
587 946 620 973 et
641 938 846 981 Paulinam,
881 947 915 974 et
942 941 1053 985 placet

66 989 163 1030 Deo,
199 997 231 1025 et
253 991 348 1035 quod
376 991 458 1023 satis
486 991 530 1024 sit
555 990 604 1023 sic
627 990 811 1031 invocare,
852 991 952 1025 docet
985 989 1052 1024 hoc

66 1042 215 1075 dictum:
243 1040 345 1075 Beati
370 1042 526 1086 quicum
547 1053 619 1074 non
637 1041 809 1081 viderint,
836 1048 952 1075 tamen
979 1054 1052 1075 cre-

65 1093 179 1131 dunt,
220 1098 255 1126 et
279 1099 478 1134 congruunt
510 1093 552 1124 ad
584 1089 673 1125 hanc
703 1093 900 1126 doctrinam
932 1093 1051 1126 omnia

65 1143 156 1176 dicta
176 1144 220 1175 de
234 1143 312 1177 fide.
340 1142 447 1178 Rom.
467 1140 519 1176 5.:
547 1141 635 1176 Fide
657 1144 853 1177 accedimns
868 1145 910 1177 ad
925 1142 1052 1185 Deum,

65 1200 98 1227 et
114 1192 220 1228 Rom.
237 1193 313 1228 10.:
352 1192 467 1237 Prope
483 1200 533 1227 est
550 1193 696 1227 verbum
714 1194 749 1226 in
766 1206 826 1227 ore
841 1202 912 1230 tuo.
954 1194 1051 1228 Tan-

63 1251 139 1279 tum
160 1256 224 1277 nos
243 1246 283 1277 ad
302 1241 367 1277 hoc
383 1245 529 1277 verbum
552 1245 710 1284 deducit,
738 1245 775 1277 in
801 1244 868 1278 hoc
893 1246 969 1279 vult
992 1257 1050 1278 co-

65 1295 167 1338 gitari
192 1293 326 1335 Deum,
363 1302 395 1328 et
420 1293 482 1327 hac
507 1295 574 1328 fide
607 1306 686 1328 eum
720 1296 944 1338 compellari,
986 1308 1049 1329 nec

64 1345 160 1379 aliud
188 1345 347 1390 requirit.
401 1344 538 1378 Deinde
568 1345 610 1378 de
643 1346 824 1379 voluntate
855 1346 1047 1390 plurimum

621 84 859 124 ENARRAT
863 84 916 121 10
945 85 993 121 ΙΝ
1022 82 1204 122 EVANG.
1230 81 1442 120 IOANNIS.
1502 82 1605 118 CAP.
1632 82 1728 117 XXI.

2032 84 2106 122 434

1118 171 1339 217 templemur.
1393 170 1434 204 ln
1461 168 1525 205 hac
1550 167 1695 204 historia
1722 180 1810 215 quae
1836 166 1893 203 hic
1921 170 2100 211 recitatur,

1118 230 1186 256 tres
1202 231 1285 258 sunt
1300 224 1367 258 loci
1385 223 1578 269 praecipui:
1607 221 1748 255 Primus
1764 223 1806 254 de
1824 221 2018 256 ministerio
2035 225 2099 256 da-

1116 281 1172 308 tur
1189 276 1394 309 mandatum
1413 275 1601 314 ministris,
1629 281 1666 307 ut
1684 273 1831 315 diligant
1846 271 2025 306 Christum
2038 301 2045 314 ‚
2064 282 2097 308 et

1117 333 1256 367 pascant
1278 324 1483 358 Ecclesiam.
1535 325 1718 358 Secundus
1746 325 1788 356 de
1817 324 2018 357 discrimine
2040 325 2096 358 di-

1114 376 1283 419 sciplinae
1301 384 1333 409 et
1350 377 1473 409 crucis.
1521 375 1662 407 Tertius
1680 376 1721 406 de
1739 375 1936 415 vocatione,
1957 382 1994 408 ut
2013 387 2094 409 suae

1113 426 1260 471 quisque
1279 426 1454 460 vocationi
1474 427 1777 467 obtemperet,nec
1795 425 1968 470 relinquat
1984 438 2093 464 suam,

1111 484 1170 510 aut
1194 477 1375 521 frangatur
1400 477 1537 515 animo,
1566 476 1701 509 etiamsi
1718 476 1825 508 alium
1849 477 1951 510 aliter
1976 478 2093 510 vocari

1110 528 1216 561 videt.

1186 579 1243 612 De
1267 579 1380 623 primo
1407 579 1498 617 loco,
1529 578 1691 610 videlicet
1720 578 1761 608 cle
1784 576 1973 614 mandatis,
2003 589 2091 622 quae

1109 631 1240 664 dantur
1255 629 1447 675 ApostoliS‚
1466 637 1503 662 ut
1522 629 1670 671 diligant
1686 625 1881 665 Christum,
1900 634 1930 659 et
1948 635 2091 670 pascant

1108 693 1265 724 gregem,
1293 683 1441 715 sciamus
1459 679 1514 713 hic
1531 680 1685 723 regulam
1711 679 1821 716 tradi,
1850 678 2092 711 continentem

1107 733 1312 776 praecipuas
1337 733 1481 767 virtutes
1506 731 1665 764 omnium
1693 729 1895 761 docentium
1915 729 1950 760 in
1967 727 2089 762 Eccle-

1107 784 1170 817 sia.
1212 783 1315 817 Prior
1332 792 1399 824 est,
1421 791 1458 815 nt
1477 782 1625 824 diligant
1642 778 1837 819 Christum,
1863 780 1895 811 id
1915 786 1964 812 est
1980 791 2090 822 agno-

1106 842 1221 875 scant,
1249 842 1282 868 et
1301 848 1381 868 vera
1397 836 1464 867 fide
1483 835 1646 866 invocent
1665 829 1865 871 Christum,
1891 838 1921 863 et
1941 831 2089 874 diligant

1107 886 1181 918 eius
1198 886 1410 927 doctrinam,
1428 897 1491 918 nec
1508 884 1615 927 magis
1632 889 1747 915 ament
1768 894 1865 915 suam
1885 882 2087 924 potentiam,

1105 948 1204 980 opes,
1233 937 1448 981 voluptates,
1486 948 1589 980 quam
1615 932 1806 968 Christum.
1862 932 1937 965 Hoc
1960 932 2087 966 sunda-

1105 995 1261 1021 mentum
1287 989 1354 1021 nisi
1380 988 1423 1021 sit
1446 988 1482 1020 iu
1505 988 1647 1019 doctore
1668 997 1727 1017 seu
1745 985 1995 1027 gubernatore,
2022 996 2086 1017 nec

1105 1039 1302 1072 doctrinam
1322 1046 1521 1073 constanter
1542 1037 1702 1069 desendet
1716 1060 1723 1073 ‚
1750 1047 1813 1067 nec
1837 1042 1986 1068 caeteras
2004 1046 2085 1078 par-

1104 1096 1154 1122 tes
1170 1090 1356 1124 ministerii
1376 1090 1526 1123 fideliter
1540 1086 1816 1125 administrabit,
1840 1092 1877 1118 ut
1894 1085 1996 1118 multi
2011 1097 2084 1118 am-

1104 1141 1237 1173 bitione
1255 1148 1288 1174 et
1307 1141 1497 1184 cupiditate
1515 1139 1700 1177 vindictae,
1718 1143 1919 1179 sparserunt
1937 1143 1969 1169 et
1987 1148 2085 1180 spar-

1101 1198 1188 1234 gunt
1212 1191 1298 1224 falsa
1323 1193 1501 1233 dogmata,
1548 1190 1628 1234 quia
1658 1187 1766 1229 magis
1792 1194 1911 1220 amant
1936 1187 2082 1229 gloriam

1101 1253 1220 1280 suam,
1250 1254 1353 1287 qnam
1373 1241 1554 1275 Christum
1574 1248 1605 1273 et
1622 1240 1800 1271 veritatem
1820 1235 2023 1280 Evangelii,
2051 1246 2084 1273 et

1100 1304 1196 1324 nunc
1212 1293 1434 1325 manifestum
1453 1299 1502 1325 est
1520 1287 1720 1328 monachos,
1740 1296 1879 1332 propter
1901 1296 2083 1332 quaestum

1101 1343 1191 1376 tueri
1208 1343 1335 1386 impios
1352 1343 1466 1375 cultus
1484 1350 1720 1381 mortuorum,
1746 1347 1778 1373 et
1794 1351 1873 1372 suns
1891 1339 2033 1380 Missas,
2050 1347 2082 1373 et

63 1396 168 1429 refert
190 1393 256 1428 hoc
278 1395 475 1429 firmissime
501 1396 630 1437 teum-5,
658 1397 951 1441 acquiescendum
975 1409 1048 1430 esse
1072 1405 1075 1447 ι
1099 1394 1185 1426 alias
1211 1395 1490 1438 superstitiones.
1544 1392 1592 1427 Ut
1619 1392 1724 1434 igitur
1750 1392 1908 1423 doctores
1934 1391 2083 1434 integri-

62 1447 100 1478 in
123 1446 434 1490 promissionibus,
464 1447 609 1490 perinde
633 1459 670 1480 ac
694 1448 722 1480 si
748 1459 860 1480 novae
882 1460 983 1481 voces
1004 1450 1046 1482 de

61 1497 159 1530 coelo
185 1496 277 1530 inter
301 1497 456 1531 tonitrua
479 1504 510 1530 et
528 1497 676 1531 fulmina
695 1505 734 1531 ut
754 1499 791 1531 in
811 1506 930 1532 monte
950 1499 1047 1540 Sina,

65 1555 243 1582 sonarent.
269 1546 347 1581 Etsi
363 1555 478 1580 antem
498 1549 639 1581 difficile
652 1555 701 1582 est
720 1551 823 1582 nobis
837 1551 886 1583 sic
905 1551 1047 1595 acquie-

64 1610 172 1639 scere,
185 1604 220 1632 et
237 1610 361 1641 magna
375 1599 466 1631 lucta
483 1606 532 1633 est
549 1600 894 1644 cordisdisputantis‚
912 1613 954 1634 an
968 1614 1048 1634 rere

63 1646 150 1682 haee
172 1648 218 1682 sit
239 1648 401 1681 voluntas
430 1648 493 1681 Dei
516 1661 594 1692 erga
620 1656 653 1683 te
678 1663 838 1696 quoque,
882 1665 986 1696 quam
1008 1653 1046 1685 in

63 1699 297 1742 promissione
312 1699 477 1739 tradidit,
503 1706 543 1733 ut
560 1712 636 1733 cum
655 1701 757 1734 dicit:
789 1701 915 1735 Venite
930 1704 973 1735 ad
994 1715 1047 1736 me

64 1760 186 1783 omnes
211 1750 270 1795 qui
298 1749 485 1793 laboratis,
512 1757 546 1783 et
563 1762 624 1794 ego
645 1752 793 1785 reficiam
814 1765 892 1790 vos,
929 1761 1046 1786 tamen

62 1800 302 1833 confirmanda
320 1807 369 1834 est
383 1812 483 1832 mens
501 1801 602 1834 dictis
619 1803 661 1834 de
679 1803 765 1840 fide,
794 1802 958 1838 Rom.5.:
987 1804 1045 1838 Iu—

62 1851 199 1886 stificati
217 1851 283 1884 fide
302 1863 419 1894 pacem
434 1850 626 1892 habemm,
655 1859 687 1886 et
703 1854 878 1887 simiiihus
895 1856 1007 1890 dictis,

162 1901 235 1935 Nec
260 1902 348 1935 aliae
383 1901 662 1936 illuminationes
693 1911 786 1937 extra
812 1903 1044 1948 liv-angelium

61 1953 283 1998 quaerendae
297 1959 358 1986 aut
374 1954 568 1996 poscendae
585 1961 679 1989 sunt.
732 1954 828 1988 Haec
852 1958 1044 1989 neccssaria

60 2010 94 2037 et
123 2003 286 2038 salutaris
314 2003 472 2037 doctrina
496 2005 540 2038 de
562 2006 742 2048 agnitione
766 2017 799 2040 et
822 2007 1045 2041 invocatione

61 2055 211 2088 traditur
228 2053 266 2087 in
282 2051 350 2086 hoc
367 2054 477 2088 dicto:
502 2054 603 2089 Beati
621 2057 682 2101 qui
703 2069 774 2090 non
794 2058 953 2092 videntes
971 2072 1044 2092 cre—

61 2105 169 2145 dunt,
193 2112 225 2138 et
242 2105 352 2148 magis
366 2106 546 2149 perspicua
562 2107 620 2141 fiet
636 2105 741 2141 buius
759 2108 842 2142 dicti
862 2111 1045 2150 sententia,

59 2162 93 2188 et
108 2155 164 2189 fiet
181 2155 353 2190 illustrior
369 2156 503 2191 utilitas
515 2181 524 2196 ,
552 2158 582 2191 si
598 2170 675 2192 eam
695 2171 796 2205 saepe
814 2161 1045 2204 cogitabimus

59 2205 152 2241 inter
177 2206 426 2241 invocandum.
594 2212 598 2214 ’

405 2317 542 2372 caput
574 2319 697 2361 XXI.

114 2404 157 2439 ln
174 2412 350 2450 postremo
370 2409 483 2452 capite
500 2418 621 2444 narrat
640 2411 738 2454 plura
750 2412 897 2452 facta‚in
916 2415 1046 2458 quibus

63 2453 226 2490 Christus
247 2469 282 2491 se
301 2466 379 2502 post
403 2462 695 2494 resurrectionem
720 2463 901 2508 Apostolis
924 2465 1046 2499 claris-

63 2507 150 2541 sime
159 2509 323 2544 ostendit.
352 2509 422 2543 Nos
433 2512 553 2545 omnia
564 2513 763 2546 testimonia
775 2515 930 2556 collecta,
943 2528 1044 2561 saepe

64 2565 260 2601 repetamus
275 2561 318 2592 ad
334 2562 609 2596 confirmandam
634 2565 736 2597 fidem
754 2573 921 2599 nostram.
974 2566 1044 2601 De-

64 2609 148 2642 inde
164 2621 243 2643 enm
263 2610 333 2644 fere
355 2612 393 2645 in
418 2613 566 2658 singulis
589 2616 776 2649 conciones
802 2617 940 2662 aliquae
965 2618 1046 2659 sint,

62 2659 237 2702 insignem
254 2661 447 2697 doctrinam
466 2665 707 2711 continentes,
725 2664 786 2701 has
803 2681 944 2714 quoque
960 2682 1044 2703 con-

112 2712 289 2746 Mrmxrn.
308 2715 410 2748 Orza.
438 2714 523 2752 Vox..
541 2719 617 2751 XV.

1099 1452 1203 1477 tatem
1225 1452 1255 1478 et
1276 1446 1377 1478 fidem
1404 1445 1440 1477 in
1466 1445 1661 1477 ministerio
1687 1442 1868 1484 Evangelii
1893 1449 2081 1485 praestent,

1100 1496 1198 1539 prius
1224 1496 1262 1528 in
1287 1497 1334 1529 eis
1359 1494 1519 1529 Clu-istus
1544 1495 1768 1528 dilectionem
1789 1493 1931 1534 flagitat.
1985 1492 2081 1526 Haec

1099 1547 1201 1590 plana
1229 1554 1260 1579 et
1284 1548 1465 1591 perspicua
1485 1553 1582 1586 sunt,
1612 1546 1692 1591 quia
1712 1556 1814 1577 nemo
1838 1543 1992 1576 fideliter
2010 1555 2080 1577 ser-

1099 1598 1148 1631 vit
1164 1597 1227 1630 ulli
1249 1599 1412 1638 domino,
1441 1598 1510 1630 nisi
1529 1597 1649 1639 diligat
1666 1609 1757 1629 euin.

1203 1648 1307 1691 Quod
1334 1657 1449 1681 autem
1473 1661 1513 1681 ex
1539 1646 1604 1681 hoc
1632 1649 1708 1680 loco
1737 1652 1847 1678 sumta
1871 1651 1951 1678 sunt
1976 1655 2081 1688 argu-

1071 1687 1074 1743 ἰ
1099 1707 1214 1733 menta
1235 1701 1277 1732 de
1297 1701 1449 1744 primatu
1473 1698 1627 1734 Romani
1656 1696 1849 1741 pontilicis,
1874 1696 2081 1729 brevissima

1071 1746 1073 1756 ¹
1098 1752 1279 1794 responsio
1299 1759 1347 1784 est
1368 1751 1523 1794 piorum:
1558 1751 1694 1782 etiamsi
1715 1749 1786 1781 iure
1807 1747 1927 1780 dixino
1945 1745 2080 1780 Roma-

1099 1814 1164 1834 nus
1183 1802 1365 1845 episcopus
1389 1809 1476 1835 esset
1499 1814 1562 1835 sun
1579 1813 1673 1840 mus,
1701 1808 1815 1832 tamen
1838 1810 1974 1830 necesse
1992 1805 2081 1831 esset

1098 1854 1141 1885 ab
1162 1865 1200 1885 eo
1220 1854 1424 1893 dissentire,
1453 1866 1530 1886 cum
1550 1853 1713 1884 defendat
1729 1852 1889 1892 dogmata
1914 1859 2078 1892 pugnan-

1098 1904 1143 1936 tia
1169 1917 1246 1937 cum
1267 1902 1480 1947 Evangelio,
1516 1911 1547 1936 et
1572 1903 1684 1943 idola,
1726 1909 1764 1934 ut
1788 1900 1917 1933 Paulus
1945 1899 2078 1944 inquit:

1097 1954 1133 1988 Si
1155 1955 1232 1999 quis
1253 1956 1395 1997 angulus
1419 1957 1460 1987 de
1486 1955 1581 1987 coelo
1607 1954 1701 1986 aliud
1721 1951 1955 1994 Evangelium
1978 1962 2079 1994 prae-

1097 2006 1245 2043 dicabit,
1288 2005 1474 2039 anathema
1499 2007 1554 2040 sit.
1615 2004 1845 2038 Manifestum
1879 2009 1930 2036 est
1962 2008 2079 2034 autem

1097 2065 1228 2090 atroces
1246 2069 1380 2090 errores
1391 2065 1422 2090 et
1434 2058 1526 2090 idola
1543 2056 1685 2089 defendi
1697 2070 1712 2087 a
1724 2054 1886 2089 Romano
1904 2053 2078 2096 episcopo,

1096 2115 1128 2141 et
1152 2108 1226 2141 eius
1251 2109 1474 2142 satellitibus.
1539 2107 1588 2141 lta
1618 2106 1796 2143 Ieremias,
1822 2113 1852 2137 et
1877 2101 2077 2142 Zacharias,

1096 2166 1129 2192 et
1153 2159 1213 2191 alii
1238 2160 1478 2193 dissenserunt
1502 2171 1521 2191 a
1545 2159 1616 2192 suis
1644 2157 1886 2200 pontificibus,
1940 2155 2079 2188 tametsi

1097 2211 1320 2243 manifestum
1339 2210 1617 2243 eratLeviticum
1639 2209 1840 2242 Pontificem
1858 2207 1934 2239 iure
1953 2205 2077 2239 divino

1095 2262 1312 2305 superiorem
1342 2274 1414 2294 esse
1446 2262 1589 2294 caeteris
1614 2259 1861 2293 sacerdotibus.
1922 2256 1998 2290 Hac
2022 2268 2080 2289 re-

1098 2314 1287 2356 sponsione
1322 2313 1473 2356 primum
1508 2312 1554 2354 pii
1579 2324 1614 2344 se
1641 2312 1846 2344 confirment
1878 2308 1916 2341 in
1950 2305 2078 2341 horum

1096 2370 1294 2407 temporum
1322 2363 1580 2397 controversiis¹

1200 2415 1337 2448 Deinde
1356 2415 1456 2447 facile
1474 2422 1522 2447 est
1541 2414 1750 2457 respondere
1768 2412 1809 2444 ad
1829 2409 1971 2444 vitiosas
1993 2421 2078 2443 con-

1096 2466 1281 2507 nexiones,
1312 2468 1354 2499 ad
1381 2465 1522 2498 Petrum
1550 2464 1758 2497 nominatim
1791 2462 1937 2495 dicitur:
1973 2460 2078 2494 Pasce

1097 2529 1178 2550 oves
1202 2530 1313 2557 meas,
1360 2528 1440 2558 ergo
1465 2516 1609 2549 caeteris
1633 2514 1815 2554 Apostolis
1839 2511 2078 2556 anteponitur.

1095 2567 1262 2612 Neganda
1283 2577 1331 2601 est
1350 2567 1608 2612 consequentia.
1663 2565 1749 2599 Nam
1775 2564 1858 2596 alibi
1879 2562 2079 2596 communia

1097 2621 1261 2652 mandata
1287 2620 1418 2652 dantur
1442 2618 1626 2660 omnibus,
1663 2625 1701 2651 ut
1725 2616 1839 2650 Lucae
1863 2614 2029 2653 ultimos
2047 2619 2081 2646 et

1097 2681 1201 2719 supra
1226 2670 1263 2703 in
1289 2667 1466 2704 Iohanne:
1508 2668 1670 2705 Ounruin
1704 2666 1905 2702 remiseritis
1930 2672 2081 2709 peccata,

1528 2719 1578 2755 28
