2415 2942
292 109 361 146 175

875 98 1002 136 PHlL.
1030 96 1145 132 MEL.
1172 96 1382 133 SCRIPTA
1410 95 1713 134 EXEGETICA.

2229 97 2301 134 176

290 195 437 230 ctrinam
461 188 665 232 Evangelii,
699 186 787 218 sicut
819 193 955 216 neccsse
984 182 1049 216 suit
1072 180 1163 215 hanc
1185 194 1272 216 con—
1294 183 1299 208 ¹
1323 183 1377 217 bit
1405 183 1522 216 lumen
1545 181 1654 227 vitae,
1689 180 1726 215 id
1750 188 1818 223 est,
1849 182 2041 218 donabitur
2062 193 2142 216 vera
2167 182 2245 217 luce
2269 189 2304 218 et

290 247 426 280 cionem
451 253 550 284 saepe
577 237 684 281 repeti
711 243 739 268 et
770 233 957 273 inculcari,
984 233 1065 277 quia
1085 230 1141 266 ln'c
1160 244 1272 277 popu..

291 299 361 336 lus,
401 305 478 327 cum
504 290 645 324 haberet
671 285 866 319 doctrinam
893 284 978 326 legis
1005 290 1037 317 et
1060 283 1173 316 cultus
1191 283 1272 317 Mo-

290 347 417 381 saicos‚
452 353 523 374 non
554 337 771 372 existimabat
799 347 834 367 se
858 346 945 378 opus
966 332 1095 367 babere
1118 334 1183 367 alia
1208 335 1272 368 do-

292 397 422 433 ctrina,
464 390 636 436 putabant
666 399 700 420 se
731 387 777 420 ita
799 384 874 419 Deo
906 392 1064 429 acceptos
1098 392 1130 418 et
1163 385 1272 418 iustos

291 449 383 485 fore,
423 443 450 476 si
476 446 688 474 conarentur
712 437 821 479 legem
845 443 1018 480 praestare
1045 442 1078 468 et
1101 436 1180 468 illos
1198 436 1272 468 cnl-

290 506 345 531 tus
381 493 551 527 divinitus
587 489 732 523 traditos
771 499 926 526 servare,
969 498 1039 519 non
1073 486 1272 528 cogitabant

289 546 455 581 Messiam
483 543 670 576 allaturum
694 539 787 572 aliud
814 538 994 570 doctrinae
1016 548 1135 579 genus.
1191 535 1272 569 Ideo

288 609 367 632 cum
399 594 587 629 audierunt
620 589 680 623 has
704 600 817 622 voces:
851 587 926 631 Ego
951 599 1026 620 sum
1056 587 1114 620 lux
1138 587 1273 626 mundi,

289 649 317 682 si
349 646 427 692 quis
458 644 548 678 sitit.
583 641 700 674 veniat
724 641 865 677 adme,
897 645 929 671 et
953 638 1103 676 similes,
1135 649 1272 670 necesse

288 699 355 733 suit
379 697 480 729 valde
502 692 635 727 offendi
658 703 734 730 eos,
761 689 821 734 qui
841 696 937 722 erant
955 688 1132 731 praecipui
1151 689 1272 720 docto-

288 761 343 783 res
366 746 508 791 populi,
536 751 567 777 et
592 742 764 786 sapientes
789 740 1038 782 gubernatores
1063 750 1102 770 ex
1128 738 1270 771 sublimi

289 800 491 834 deriserunt
521 801 554 828 et
585 791 678 826 hunc
703 792 902 829 doctorem,
938 796 969 821 et
998 788 1180 822 stultitiam
1209 800 1272 831 po-

288 850 384 895 puli,
413 847 472 892 qui
498 857 577 878 eum
595 843 731 876 audiret
750 848 819 873 tam
837 840 1008 878 absurda,
1035 846 1072 871 ut
1094 839 1157 881 ipsi
1179 838 1271 870 iudi-

287 902 432 938 cabant,
460 898 503 929 de
520 906 595 928 sese
615 892 890 936 praedicantem,
919 890 1007 921 sicut
1026 895 1141 931 postea
1152 887 1271 921 Evan—

287 951 408 995 gelista
442 952 559 979 narrat
588 943 694 976 obiici
718 939 859 974 Christo
887 952 904 972 3
931 937 1143 979 pharisaeis,
1177 940 1269 983 quod

288 1003 362 1034 eius
394 996 632 1031 testimonium
665 1004 736 1025 non
767 991 810 1024 sit
839 1002 978 1030 verum,
1010 990 1091 1034 quia
1116 992 1272 1023 testimo-

287 1052 386 1085 nium
407 1045 588 1092 perhibeat
608 1045 650 1077 de
668 1055 702 1076 se
723 1043 809 1084 ipso.

389 1099 456 1133 Sed
483 1095 567 1130 haec
590 1094 718 1127 iudicia
735 1090 895 1125 Christus
911 1103 983 1123 non
1003 1096 1179 1131 moratur,
1209 1089 1271 1123 scit

286 1151 377 1187 hanc
397 1148 610 1183 doctrinam,
637 1156 740 1189 qnam
760 1145 832 1186 ipse
851 1142 962 1181 affert,
990 1153 1063 1173 non
1082 1152 1272 1182 congruere

286 1215 365 1237 cum
390 1198 619 1244 opinionibus
643 1193 817 1228 humanae
839 1192 1047 1234 sapientiae,
1080 1203 1168 1236 qnae
1195 1199 1271 1225 tan-

285 1261 359 1287 tum
384 1252 492 1293 legem
520 1247 638 1291 aliquo
665 1245 770 1277 modo
791 1243 975 1285 intelligit,
1004 1254 1066 1274 nec
1083 1248 1198 1274 tamen
1218 1242 1271 1274 vi-

287 1307 345 1338 det
370 1314 404 1335 se
430 1312 504 1333 eam
531 1310 603 1330 non
631 1301 822 1339 praestare,
849 1295 906 1326 sed
934 1294 977 1326 ab
1002 1305 1039 1325 ea
1063 1293 1215 1325 accusari
1239 1300 1271 1325 et

286 1352 447 1388 damnari
465 1360 586 1383 omnes
605 1345 779 1380 homines.
831 1343 906 1376 Hac
923 1344 1028 1376 densa
1046 1343 1194 1384 caligine
1210 1344 1270 1375 de-

286 1414 419 1439 mersos
442 1408 472 1434 et
496 1400 642 1431 obrutos
667 1397 731 1429 sub
756 1396 805 1428 ira
819 1393 905 1433 Dei,
932 1400 967 1426 et
990 1400 1102 1425 morte
1120 1401 1271 1433 aeterna,

287 1456 473 1488 miseratur
505 1449 681 1483 Christus,
749 1446 831 1478 ldeo
867 1442 930 1477 has
969 1455 1068 1476 voces
1102 1444 1269 1477 inculcat:

287 1505 362 1548 Ego
389 1515 463 1536 sum
490 1502 546 1533 lux
575 1498 721 1535 mundi,
750 1497 811 1541 qui
834 1495 993 1539 sequitur
1010 1506 1082 1533 me,
1107 1506 1177 1527 non
1197 1507 1270 1527 am-

287 1555 424 1589 bulabit
458 1554 493 1585 in
526 1549 698 1586 tenebris,
727 1554 788 1580 etc.
846 1545 928 1578 Dixi
959 1551 1073 1577 autem
1106 1556 1209 1587 supra
1233 1545 1268 1577 in

286 1606 344 1641 1115
368 1602 597 1638 concionibus
621 1611 697 1632 cum
717 1595 878 1631 Christus
903 1602 1048 1628 vocatur
1064 1595 1141 1634 lux,
1169 1596 1269 1638 longe

288 1655 437 1691 discerni
472 1651 566 1686 hunc
595 1662 613 1683 a
639 1648 783 1693 reliquis
807 1647 1009 1679 doctoribus
1034 1651 1066 1678 et
1091 1645 1271 1686 ministris,

287 1716 327 1743 ut
354 1708 444 1740 clare
469 1705 504 1736 in
534 1704 563 1736 1.
581 1713 655 1744 cap.
681 1698 893 1731 discernitur
910 1696 1086 1739 Baptistae
1106 1708 1235 1729 munus
1252 1708 1269 1729 a

287 1768 436 1804 persona
462 1761 495 1787 et
517 1752 630 1785 officio
653 1748 796 1783 Christi.
855 1747 991 1787 Moses,
1017 1745 1156 1785 Patres,
1183 1746 1269 1780 Pro-

289 1808 432 1853 phetae,
460 1802 640 1848 Apostoli,
668 1800 731 1833 etsi
755 1805 835 1832 sunt
858 1798 1041 1842 praecipua
1064 1797 1218 1829 membra
1238 1803 1270 1830 et

287 1859 422 1894 lumina
456 1853 650 1894 Ecclesiae,
692 1858 807 1884 tamen
840 1855 975 1881 tantum
1006 1854 1087 1880 sunt
1118 1848 1270 1881 ministri

289 1909 469 1944 doctrinae
493 1903 670 1941 coelestis,
697 1912 768 1933 non
792 1898 949 1932 efficiunt
973 1898 1038 1941 ipsi
1064 1910 1191 1930 novam
1216 1899 1270 1930 ln-

288 1973 362 1995 cem
398 1965 430 1991 et
461 1956 565 1988 vitam
597 1953 634 1985 in
667 1951 845 1984 mentibus
870 1947 1037 1983 hominis.
1111 1948 1177 1981 Sed
1214 1946 1271 1982 hic

289 2010 438 2046 Messias
469 2013 519 2039 est
551 2003 787 2041 illuminator,
821 2000 881 2045 qui
908 2011 978 2032 non
1005 1999 1116 2031 solum
1141 1999 1270 2032 doctri-

289 2074 371 2094 nam
401 2058 499 2092 affert
525 2067 543 2088 a
567 2061 663 2098 patre
687 2051 843 2091 coelesti,
876 2052 934 2083 sed
959 2049 1063 2082 simul
1088 2056 1136 2081 est
1154 2050 1271 2082 efficax

290 2114 326 2145 iu
355 2109 530 2143 mentibus
554 2116 695 2142 eorum,
723 2102 782 2146 qui
807 2100 1045 2134 assentiuntur
1067 2098 1272 2142 Evangelio,

290 2166 370 2195 (1010
392 2159 525 2204 Spiritu
550 2162 686 2193 sancto,
712 2153 902 2185 accendens
928 2162 1054 2182 novam
1078 2150 1209 2190 lucem,
1235 2157 1272 2183 ut

292 2220 384 2245 certo
412 2217 602 2243 statuamus
627 2210 768 2248 propter
792 2203 904 2245 ipsum
930 2201 1032 2233 nobis
1059 2200 1187 2244 placari
1212 2211 1272 2243 pa-

292 2272 398 2299 trvm,
422 2268 453 2293 et
479 2270 541 2291 nos
568 2256 692 2298 recipi,
728 2261 759 2285 et
784 2254 869 2285 dans
892 2263 1017 2282 novam
1042 2257 1073 2283 et
1098 2257 1271 2283 aeternam

293 2312 464 2346 iusticiam
489 2317 517 2340 et
546 2318 672 2349 pacem.
726 2303 821 2336 Ilaec
838 2304 879 2335 de
897 2301 1037 2334 nemine
1054 2301 1142 2340 alio,
1169 2313 1272 2344 quam

294 2367 337 2397 ‹le
364 2363 435 2394 filio
456 2359 516 2392 Dei
543 2358 609 2390 «lici
636 2362 796 2400 possunt,
823 2365 930 2398 quare
954 2351 1048 2383 solus
1066 2359 1155 2383 recte
1173 2364 1273 2384 voca-

295 2424 352 2447 tur
371 2414 428 2445 lux
446 2408 567 2442 1111111111
581 2435 588 2444 ,
617 2406 681 2439 lioc
701 2414 765 2445 est,
792 2417 863 2436 non
883 2410 1016 2435 tantum
1036 2401 1214 2441 minister,
1238 2409 1274 2434 ut

295 2465 375 2503 alii,
400 2469 431 2495 et
454 2472 494 2494 ne
519 2459 660 2502 quidem
685 2458 806 2488 doctor
831 2454 933 2496 legis,
961 2459 999 2484 ut
1022 2451 1138 2484 Moses
1162 2459 1194 2485 et
1210 2452 1274 2485 Le-

296 2516 407 2552 vitae,
452 2511 510 2542 sed
535 2509 593 2552 qui
622 2509 692 2549 ipse
717 2506 819 2538 efficit
844 2515 970 2537 novam
996 2503 1107 2534 lucem
1134 2508 1166 2535 et
1199 2515 1275 2546 per-

297 2572 433 2610 petuam
450 2562 554 2593 vitam
573 2559 606 2590 in
627 2555 698 2596 1115,
724 2557 783 2600 qui
803 2556 959 2588 credunt.

397 2613 449 2647 De
467 2610 531 2643 hoc
550 2609 673 2641 effectu
694 2607 868 2650 loquitur,
895 2616 973 2637 cum
991 2603 1104 2636 addit:
1134 2601 1205 2644 Qui
1225 2614 1278 2634 se-

298 2666 419 2711 quitur
437 2674 511 2701 me,
542 2671 612 2692 non
630 2657 824 2691 ambulabit
840 2657 876 2688 in
897 2654 1067 2694 tenebris,
1093 2654 1151 2686 sed
1171 2651 1277 2686 habe-

1324 233 1504 277 agnitione
1518 232 1603 272 Dei,
1632 245 1719 279 quae
1743 233 1863 267 asseret
1880 246 1997 267 veram
2016 233 2303 274 consolationem,

1322 297 1390 329 qua
1415 284 1529 318 vincet
1553 291 1722 323 terrores,
1750 284 1956 318 liberabitur
1980 297 1998 318 a
2020 291 2133 318 morte
2152 291 2304 318 aeterna.

1323 334 1418 368 Haec
1441 335 1532 368 dicta
1553 341 1591 368 ut
1615 335 1742 367 clarius
1764 334 2024 377 intelligantur,
2050 346 2171 368 rursus
2188 334 2305 368 consi-

1322 387 1476 419 deranda
1511 393 1561 419 est
1593 383 1795 426 antithesis,
1826 386 2054 419 conferantur
2081 383 2166 419 haee
2189 385 2304 426 ambo,

1323 443 1356 470 et
1377 436 1535 470 doctrina
1560 436 1644 479 legis
1668 448 1706 469 ac
1729 434 1929 479 Evangelii,
1963 442 1996 469 et
2017 435 2199 480 utriusque
2219 435 2303 468 effe-

1322 494 1415 527 ctus,
1441 487 1503 520 etsi
1522 484 1683 520 homines
1699 487 1904 520 naturaliter
1919 484 2050 520 habent
2066 485 2219 531 aliquam
2236 497 2304 519 no-

1323 538 1439 571 ticiam
1473 537 1576 579 legis,
1606 544 1638 570 et
1673 537 1804 581 populo
1836 536 1943 570 Israe'l
1974 537 2144 579 singulari
2169 536 2304 570 revela-

1322 588 1416 621 tione
1433 594 1464 620 et
1485 587 1683 620 testimonio
1701 588 1839 620 coelesti
1857 588 1983 621 tradita
2000 594 2071 620 erat
2088 587 2162 626 lex,
2185 593 2303 620 tamen

1323 636 1405 671 baec
1429 638 1557 670 noticia
1581 649 1653 670 non
1676 637 1775 671 affert
1794 638 1925 679 lucem,
1953 650 2024 671 non
2042 638 2169 671 liberat
2184 649 2202 670 a
2219 637 2305 670 cali-

1322 689 1401 731 gine
1426 695 1457 721 et
1476 688 1644 728 tenebris,
1674 688 1802 732 quibus
1823 688 2024 721 immersum
2043 695 2092 721 est
2109 699 2218 730 genus
2235 685 2305 721 hu·-

1323 751 1474 772 manum.
1530 737 1667 771 Mentes
1697 736 1891 779 humanae,
1925 751 2003 772 cum
2036 738 2225 771 audierunt
2253 737 2304 770 le-

1322 801 1396 832 gem
1410 817 1419 829 ,
1447 796 1477 822 et
1498 796 1674 833 praestant
1691 789 1913 832 disciplinam
1933 795 2109 822 externam
2127 794 2160 822 et
2178 799 2304 832 corpo-

1323 840 1448 877 ralem,
1476 846 1509 873 ct
1533 841 1667 872 addunt
1692 840 1827 884 aliquos
1852 839 1965 873 cultus
1988 851 2152 886 operum,
2181 845 2305 882 putant

1322 888 1387 922 boc
1420 890 1662 934 qualecunque
1694 891 1848 923 studium
1881 897 1914 923 et
1944 890 2176 923 imitationem
2205 889 2304 932 legis,

1323 952 1393 972 esse
1419 940 1590 973 iusticiam
1615 952 1730 973 coram
1748 940 1842 979 Deo,
1869 952 1941 973 non
1967 941 2087 974 vident
2110 952 2174 972 nec
2195 951 2306 982 agno-

1323 997 1441 1027 scunt,
1476 1002 1548 1023 sese
1572 997 1602 1023 et
1630 989 1719 1023 hanc
1745 998 1853 1024 totam
1878 997 2038 1024 naturam
2064 1002 2135 1023 esse
2161 990 2304 1022 immet-

1321 1052 1393 1073 sam
1419 1047 1579 1083 peccato,
1608 1041 1777 1083 pollutam
1801 1042 1967 1075 interiore
1995 1050 2026 1074 et
2048 1041 2218 1074 exteriore
2235 1040 2304 1073 im-

1322 1091 1513 1131 munditia,
1542 1102 1634 1122 ream
1662 1091 1732 1123 irae
1749 1090 1814 1124 Dei
1841 1099 1871 1124 et
1895 1091 2018 1124 mortis
2039 1098 2221 1131 aeternae,
2248 1088 2304 1123 his

1323 1153 1464 1185 prorsus
1495 1141 1605 1174 velata
1638 1148 1687 1174 est
1719 1141 1822 1174 facies
1846 1141 1959 1182 Mosi,
1992 1148 2023 1174 et
2056 1148 2238 1174 versantur
2265 1141 2304 1174 in

1322 1192 1542 1224 crassissimis
1558 1191 1712 1224 tenebris
1729 1198 1762 1224 et
1778 1193 1972 1230 erroribus,
2001 1204 2142 1236 prorsus
2158 1203 2231 1224 non
2248 1191 2304 1224 in-

1321 1242 1481 1284 telligunt
1513 1254 1575 1274 nec
1606 1243 1760 1275 sentiunt
1789 1243 1859 1274 vim
1891 1242 1994 1284 legis,
2027 1243 2102 1275 sine
2126 1242 2305 1285 agnitione

1322 1292 1511 1325 voluntatis
1537 1291 1618 1332 Dei,
1652 1293 1727 1325 sine
1753 1293 1986 1336 poenitentia,
2020 1292 2111 1325 caeci
2136 1299 2168 1325 et
2192 1292 2306 1326 securi

1322 1350 1429 1375 ruunt
1452 1343 1635 1375 manifesto
1660 1349 1836 1376 contemtu
1855 1342 1941 1382 Dei,
1969 1349 2000 1375 et
2018 1343 2207 1386 impietate.
2262 1341 2304 1375 ln

1322 1394 1399 1425 aliis
1422 1394 1652 1437 quibusdam,
1678 1393 1740 1425 etsi
1763 1393 1816 1425 lex
1841 1399 1974 1425 exercet
1992 1403 2087 1424 suam
2106 1392 2196 1433 vim,
2223 1404 2303 1426 cum

1321 1444 1471 1476 ostendit
1496 1449 1528 1475 et
1554 1443 1668 1485 arguit
1693 1450 1888 1486 peccatum,
1916 1449 2031 1475 tamen
2050 1440 2107 1475 hic
2124 1443 2228 1476 etiam
2246 1443 2305 1475 ni-

1322 1492 1371 1526 1111
1397 1494 1518 1534 efficit,
1548 1494 1615 1526 nisi
1634 1500 1784 1527 terrores
1802 1493 1871 1526 irae
1887 1491 1974 1536 Dei,
2000 1499 2032 1526 et
2051 1493 2176 1526 mortis
2192 1499 2304 1527 aeter-

1324 1557 1403 1577 nae:
1446 1556 1518 1576 non
1544 1544 1714 1582 ostendit,
1741 1545 1917 1589 quomodo
1945 1544 2106 1576 vincatur
2128 1544 2303 1577 dubitatio

1323 1602 1352 1628 et
1370 1606 1525 1638 pavores.
1578 1594 1738 1639 Denique
1753 1594 1781 1627 si
1797 1606 1868 1626 non
1885 1594 2017 1627 accedit
2033 1593 2099 1626 alia
2117 1594 2189 1637 lux,
2216 1606 2305 1639 quae

1323 1652 1494 1678 monstrat
1519 1645 1782 1684 liberationem,
1816 1645 2007 1686 adiguntur
2033 1651 2166 1677 mentes
2181 1646 2224 1677 ad
2242 1646 2304 1677 de-

1323 1696 1552 1740 sperationem
1565 1719 1574 1733 ,
1602 1702 1635 1728 et
1654 1702 1763 1728 ruunt
1779 1695 1816 1727 in
1834 1701 2010 1728 aeternam
2028 1700 2196 1736 mortem,
2220 1701 2284 1729 etc.

1424 1794 1526 1828 Hanc
1547 1795 1722 1828 miseriam
1747 1795 1882 1838 generis
1905 1791 2052 1828 humani
2078 1795 2172 1828 videt
2195 1801 2227 1828 et
2249 1795 2304 1828 in-

1324 1847 1450 1889 telligit
1468 1843 1626 1880 Christus
1649 1846 1740 1879 filius
1760 1847 1839 1880 Dei.
1892 1844 1975 1877 Ideo
2001 1845 2044 1878 ab
2066 1846 2168 1878 initio
2194 1846 2305 1880 edidit

1325 1897 1591 1942 promissionem
1607 1894 1811 1938 Evangelii,
1837 1896 1991 1938 ignotam
2009 1895 2155 1935 rationi,
2182 1902 2213 1929 et
2228 1908 2304 1930 eam

1324 1955 1440 1992 postea
1466 1947 1537 1990 ipse
1560 1958 1620 1979 sua
1641 1958 1725 1978 voce
1743 1946 1907 1985 tradidit,
1934 1952 1967 1978 et
1985 1946 2166 1980 mandavit
2182 1946 2218 1979 in
2235 1945 2304 1981 Ec-

1325 1998 1445 2036 clesia,
1479 2009 1566 2041 quae
1596 1998 1697 2029 docet
1727 1997 1990 2040 perterrefactos
2014 1996 2087 2038 lege
2112 2004 2144 2030 et
2166 2005 2305 2039 agentes

1324 2047 1596 2093 poenitentiam,
1630 2047 1738 2090 recipi
1764 2058 1781 2079 3
1806 2045 1900 2086 Deo,
1936 2053 1968 2079 et
1990 2047 2155 2092 consequi
2182 2049 2305 2081 remis-

1324 2100 1457 2132 sionem
1489 2105 1708 2141 peccatorum
1739 2097 1825 2137 fide,
1862 2096 2000 2137 Gratis,
2034 2104 2178 2141 propter
2210 2095 2305 2134 hunc

1326 2151 1439 2193 ipsum
1466 2148 1575 2180 filium
1601 2146 1668 2180 Dei
1692 2148 1980 2191 propiciatorem,
2009 2154 2043 2180 et
2067 2145 2129 2181 hac
2154 2148 2220 2181 fide
2243 2161 2305 2183 seu

1325 2199 1449 2232 fiducia
1468 2199 1530 2230 filii
1549 2197 1612 2231 Dei
1632 2198 1857 2241 pronunciari
1876 2198 2001 2235 iustos,
2031 2196 2096 2231 hoc
2113 2205 2182 2238 est,
2209 2211 2305 2233 acce-

1328 2258 1403 2294 ptos
1428 2256 1460 2282 et
1487 2249 1659 2292 placentes
1676 2249 1772 2289 Deo,
1801 2255 1832 2281 et
1857 2249 1929 2280 fieri
1956 2246 2121 2282 haeredes
2139 2249 2230 2282 vitae
2244 2262 2305 2283 ae·-

1327 2309 1463 2342 ternae,
1491 2307 1522 2332 et
1548 2299 1689 2343 quido-m
1711 2299 1905 2332 ministerio
1931 2296 2036 2331 huius
2059 2299 2171 2340 vocis,
2199 2313 2304 2341 quam

1327 2352 1426 2384 iussit
1442 2350 1553 2393 spargi
1575 2351 1608 2382 in
1620 2349 1792 2387 Ecclesia,
1820 2350 1890 2393 ipse
1908 2356 1956 2382 est
1974 2349 2110 2390 efficax,
2135 2351 2214 2383 dato
2225 2350 2306 2396 Spi-

1327 2402 1394 2435 ritu
1426 2409 1564 2441 sancto,
1605 2401 1664 2445 qui
1697 2406 1809 2432 movet
1842 2400 1964 2439 corda,
2004 2406 2040 2432 ut
2071 2401 2306 2436 assentiantur

1328 2451 1541 2493 Evangelio,
1574 2459 1605 2484 et
1629 2462 1707 2483 cnm
1734 2450 1798 2482 fide
1825 2450 2000 2493 accipiunt
2026 2451 2304 2494 promissionem,

1328 2503 1510 2545 eriguntur
1538 2502 1643 2534 corda
1675 2507 1706 2534 et
1731 2500 1969 2540 vivificantur,
2009 2508 2047 2533 nt
2072 2501 2212 2535 vincant
2238 2511 2306 2537 ter-

1328 2564 1439 2593 rores,
1469 2564 1506 2584 ac
1525 2558 1677 2585 statuant
1695 2551 1812 2584 seiam
1832 2563 1911 2583 vere
1928 2558 2082 2594 receptos
2100 2563 2171 2584 esse
2186 2565 2203 2585 a
2218 2553 2306 2590 Deo.

1328 2603 1445 2644 Quare
1463 2602 1615 2645 Spiritus
1632 2607 1770 2634 sanctus
1786 2601 1852 2634 iam
1869 2601 1973 2634 efficit
1988 2602 2024 2633 in
2042 2602 2089 2634 eis
2106 2615 2215 2637 novos
2231 2617 2306 2638 mo-

1328 2660 1402 2693 tus,
1438 2653 1499 2698 qui
1528 2659 1610 2686 sunt
1639 2652 1791 2686 incoatio
1821 2663 1933 2685 novae
1960 2659 1994 2686 et
2019 2659 2178 2687 aeternae
2204 2655 2306 2693 vitae.
