2415 2942
272 149 344 185 263

378 281 447 317 ,Ua
454 287 483 313 r!
489 279 589 313 Ιιιιηι.

377 356 458 389 Post
477 352 643 386 miracula
661 349 779 382 omnia
795 348 960 381 omnibus
974 347 1191 391 temporibus
1207 358 1257 379 se-

279 415 434 453 quuntur
453 403 489 437 hi
506 406 576 437 duo
595 408 754 441 eventus,
785 400 831 444 pii
850 400 1121 438 confirmantur,
1148 405 1179 431 et
1195 398 1259 430 ali-

279 465 410 503 quanto
435 456 551 498 plures
574 454 615 486 ad
635 451 748 485 Deum
765 457 1038 487 convertuntur,
1066 449 1150 481 moti
1168 460 1260 480 novo

280 507 491 542 testimonio.
543 502 695 537 Econtra
719 514 800 534 vero
819 501 854 533 in
876 501 991 544 impiis
1008 506 1165 532 crescunt
1181 498 1262 531 odia

280 566 310 592 et
336 560 488 596 furores,
515 562 553 588 ut
571 553 695 587 Esaiae
712 554 745 586 6.
762 552 907 591 dicitur,
934 558 966 584 et
983 549 1136 584 Roman.
1155 550 1211 583 11.
1230 554 1261 580 et

281 609 376 644 loan.
398 609 470 640 12:
505 605 610 638 Dedit
636 605 683 636 eis
707 603 826 635 oculos
854 614 896 633 ne
920 602 1077 641 videant,
1110 607 1141 633 et
1163 609 1263 632 aures

281 673 324 693 ne
349 659 505 692 audiant.
560 654 654 687 llaec
680 654 769 685 dicta
791 654 831 685 ad
853 650 1014 685 historias
1032 652 1263 687 conferamus,

282 718 311 743 et
338 722 400 742 nos
425 707 646 741 consolemur
670 702 724 736 bis
743 702 1082 746 praemonitionibus
1099 701 1264 733 adversus

283 760 413 794 iudicia
438 768 644 800 magnorum
671 753 874 791 hominum,
901 753 960 796 qui
986 750 1178 793 Evangelio
1203 751 1264 781 ad-

283 817 483 847 versantur,
511 807 657 840 sciamus
680 815 814 847 semper
839 803 989 847 aliquem
1014 814 1085 834 esse
1102 800 1168 833 Dei
1186 812 1266 832 coe-

283 869 378 901 tum,
405 861 462 892 sed
483 866 596 891 tamen
619 856 800 897 exiguum,
828 860 861 886 et
881 851 962 885 huic
981 851 1157 885 adversari
1175 850 1266 882 mul-

285 919 337 944 tos
369 921 492 952 magna
526 907 730 943 autoritate,
762 903 938 947 potentia,
972 902 1140 945 sapientia
1167 912 1266 945 prae-

285 955 396 999 ditos,
425 968 461 993 ut
481 961 512 993 1.
531 959 571 990 ad
585 953 785 990 ('0ri1uh.1.
807 953 954 987 dicitnr:
984 952 1125 985 lnfirma
1143 950 1268 985 mundi

285 1012 387 1055 elegit
405 1009 519 1049 Deus,
546 1015 583 1041 ut
601 1006 793 1040 confundat
812 1004 932 1044 sortia,
959 1011 1022 1037 etc.

445 1117 523 1152 Hoc
548 1120 667 1150 autem
691 1127 713 1148 a
739 1125 775 1147 se
800 1113 878 1159 ipso
899 1124 971 1145 non
997 1110 1109 1148 dixit.

388 1195 539 1237 Magnae
563 1199 596 1226 et
619 1190 779 1224 difficiles
805 1189 1025 1233 quaestiones
1051 1186 1108 1221 hic
1132 1200 1166 1221 se
1184 1187 1271 1219 offe-

287 1254 389 1286 runt,
416 1258 460 1278 an
479 1241 629 1287 Caiphas
645 1243 689 1275 sit
705 1241 899 1273 membrum
920 1238 1095 1272 Ecclesiae
1110 1238 1272 1277 visibilis,

289 1310 366 1330 cum
389 1302 506 1340 aperte
530 1295 574 1328 sit
597 1291 707 1326 hostis
723 1290 931 1332 Evangelii?
982 1288 1138 1327 Deinde,
1162 1301 1206 1321 an
1228 1289 1272 1321 sit

290 1348 462 1383 Pontifex,
491 1357 569 1378 cum
585 1356 657 1376 non
675 1344 717 1375 sit
733 1342 928 1373 membrum
941 1337 1140 1372 Ecclesiae?
1182 1339 1272 1372 Ter-

290 1399 361 1438 tio,
389 1409 433 1429 an
451 1396 544 1429 Deus
568 1395 651 1427 velit
677 1399 787 1425 errata
804 1390 1103 1433 gubernatorum?
1156 1389 1272 1431 Quar-

291 1457 343 1488 to,
368 1460 411 1480 an
431 1447 566 1489 Spiritu
591 1451 709 1477 sancto
735 1447 940 1474 moveantur
966 1440 1065 1484 impii
1090 1440 1126 1472 in
1148 1440 1273 1473 dandis

291 1498 472 1532 consiliis?

394 1566 450 1598 Ad
484 1563 632 1607 primam
661 1560 876 1603 respondeo,
912 1556 1079 1600 Caipbam
1106 1570 1177 1590 non
1203 1568 1274 1589 esse

292 1617 490 1649 membrum
510 1611 702 1647 Ecclesiae,
730 1610 792 1643 etsi
815 1616 863 1641 est
883 1608 1040 1641 Pontifex
1066 1608 1162 1640 illius
1185 1608 1274 1651 poli-

293 1668 382 1706 tiae,
415 1667 452 1698 in
479 1676 546 1710 qua
573 1668 645 1695 erat
668 1660 822 1693 Ecclesia
848 1658 932 1698 Dei,
966 1666 1083 1691 coetus
1110 1659 1186 1698 ille,
1214 1658 1274 1702 qui

294 1716 568 1760 amplectebatur
584 1711 828 1753 Evangelium.
882 1709 968 1742 Nam
988 1711 1137 1742 tenenda
1156 1716 1205 1742 est
1221 1721 1275 1740 re·-

295 1769 392 1812 gula:
421 1764 516 1799 Oves
537 1775 634 1796 meae
658 1773 776 1794 vocem
800 1772 910 1792 meam
936 1760 1097 1795 audiunt.
1149 1759 1209 1792 Et:
1239 1758 1276 1792 Si
1300 1777 1301 1784 ι

298 1819 376 1864 quis
399 1817 492 1849 aliud
512 1812 741 1856 Evangelium
769 1812 887 1854 docet,
915 1808 1101 1843 anathema
1124 1811 1178 1843 sit.
1232 1807 1277 1842 Et

299 1873 331 1904 1.
347 1865 510 1902 Corinth.
533 1864 674 1898 ultimo:
703 1862 741 1896 Si
765 1862 842 1907 quis
866 1873 938 1894 non
960 1861 1075 1903 diligit
1093 1861 1277 1893 dominum

297 1920 409 1952 lesum
434 1915 633 1953 Christum,
667 1913 709 1945 sit
741 1909 944 1950 anathema,
979 1909 1208 1951 maranatha,
1242 1911 1277 1942 id

298 1977 366 2009 est,
388 1968 554 2000 dominus
580 1964 684 1996 venit.
736 1961 811 1995 Hac
835 1963 926 1993 enim
954 1963 1065 1994 sorma
1091 1963 1277 1994 verborum

298 2018 580 2063 imprecabantur
612 2014 794 2046 maledicto
824 2013 992 2045 iudicium
1015 2011 1081 2045 Dei
1106 2012 1280 2045 venientis
1303 2023 1304 2026 ¹

299 2079 331 2104 et
361 2068 550 2113 punientis.
613 2064 680 2097 Noc
713 2070 869 2106 pugnant
897 2061 978 2095 haec
1003 2064 1095 2096 inter
1118 2074 1172 2102 se,
1206 2074 1278 2094 non

299 2133 370 2155 esse
387 2120 581 2151 membrum
593 2113 784 2151 Ecclesiae,
816 2121 847 2146 et
864 2121 979 2147 tamen
992 2124 1066 2145 esse
1084 2113 1279 2146 membrum
1304 2122 1305 2127 ¹

300 2171 442 2215 politiae
466 2168 580 2204 illius,
606 2176 694 2209 quae
720 2171 803 2197 tnnc
826 2164 1044 2195 domicilium
1072 2171 1143 2196 erat
1160 2162 1280 2195 Eccle-

439 2218 541 2253 Certe
563 2217 754 2249 absurdum
780 2221 865 2246 esset
891 2214 1026 2253 dicere,
1059 2213 1281 2246 Sadducaeos

302 2223 378 2254 siae.

302 2323 364 2355 bra
382 2321 476 2353 illius
493 2318 634 2363 politiae
650 2316 804 2349 fortassis
821 2321 909 2346 recte
927 2314 995 2346 dici
1015 2320 1137 2357 potest.

403 2394 456 2428 De
475 2394 623 2426 secunda
642 2390 841 2435 quaestione
860 2389 1072 2432 respondeo:
1100 2388 1191 2430 Quia
1211 2389 1283 2421 dis-
1306 2379 1307 2388 ἵ

304 2446 478 2479 cernimus
504 2442 695 2477 Ecclesiam
727 2449 755 2473 et
788 2439 944 2482 politiam
977 2439 1012 2470 in
1046 2439 1106 2471 illo
1141 2440 1284 2482 populo,

305 2497 534 2529 concedamus
560 2490 730 2534 Caipliam
769 2491 872 2523 fuisse
905 2489 1106 2521 Pontificem
1141 2491 1283 2532 politiae

307 2549 422 2584 istius,
449 2544 581 2577 etiamsi
607 2549 677 2575 erat
704 2541 811 2573 hostis
827 2540 1017 2579 Ecclesiae,
1045 2546 1081 2572 ut
1098 2552 1175 2572 cum
1195 2540 1284 2573 Sad-

306 2601 454 2629 ‹lucaeus
478 2593 603 2635 aliquis
623 2600 693 2625 erat
712 2590 882 2624 Pontifex.
937 2590 994 2623 Sic
1014 2589 1132 2629 Iason,
1158 2590 1283 2623 Mene-

308 2649 444 2681 1‚.=l;.=,=s,
487 2645 645 2678 Alcimus
679 2649 776 2675 erant
806 2641 1008 2680 Pontifices,
1053 2653 1131 2674 cum
1165 2653 1283 2674 revera

308 2706 418 2732 essent
437 2695 552 2729 hostes
572 2693 755 2728 Ecclesiae.

855 140 978 176 PHIL.
1007 137 1122 174 MEL,
1149 135 1358 171 SCRIPTA
1387 133 1685 169 EXEGETICA.

326 230 448 268 sslulti
477 230 591 274 igilur
621 239 666 261 m·
698 222 869 262 Iudaeis,
914 223 979 271 qui
1008 227 1177 256 venerant
1209 218 1263 255 ad

2215 133 2290 169 264

1412 220 1464 255 De
1488 221 1588 255 tertia
1611 219 1815 265 quaestione
1839 221 2053 264 respondeo,
2087 219 2204 253 Deum
2229 231 2292 252 nec

1312 273 1418 311 velle,
1448 284 1510 305 nec
1535 272 1730 315 approbare
1753 278 1889 314 peccata
1912 283 1972 304 seu
1998 271 2126 304 iniusta
2147 269 2293 303 consilia

1313 330 1345 356 et
1362 323 1507 355 iniustas
1522 323 1673 356 actiones
1690 322 1975 363 gubernatorum,
2000 322 2058 353 sed
2078 321 2193 365 potius
2210 317 2294 352 hor-

1312 374 1462 406 ribiliter
1482 373 1643 405 irascitur
1661 372 1730 414 eis,
1755 371 1845 405 sicut
1863 372 1953 404 clare
1969 371 2070 410 dicit,
2099 370 2226 403 Psalm.
2241 371 2294 405 50:

1313 424 1392 457 Non
1418 423 1513 457 Deus
1545 423 1667 455 voleus
1694 422 1905 465 impietatem
1929 429 1967 454 tu
1991 433 2044 459 es,
2079 427 2111 454 et
2134 419 2295 455 Christus

1313 474 1404 507 clare
1427 474 1526 507 dicit:
1557 473 1628 515 Qui
1645 473 1789 506 tradidit
1808 484 1862 505 me
1878 472 1961 512 tibi,
1988 471 2100 504 maius
2118 478 2296 515 peccatum

1315 523 1437 563 habet,
1473 531 1505 557 et
1532 524 1625 556 loan.
1644 525 1695 558 8.:
1732 522 1805 555 Vos
1835 535 1874 555 ex
1907 530 2004 565 patre
2036 522 2178 555 diabolo
2204 522 2297 562 estis,

1315 582 1346 607 et
1372 574 1580 618 cupiditates
1599 574 1706 617 patris
1723 574 1826 606 vestri
1845 574 1951 607 vultis
1969 573 2099 611 facere,
2127 578 2161 606 et
2178 582 2299 605 rursus

1314 624 1441 658 Psalm.
1458 624 1508 657 5.:
1537 623 1664 657 Virum
1688 624 1897 666 sanguinum
1924 631 1955 657 ct
1980 623 2142 656 dolosum
2165 621 2300 655 abomi-

1316 682 1420 708 natur
1449 675 1624 709 dominus.
1684 673 1846 719 Denique
1874 675 2025 717 plurima
2052 680 2134 707 sunt
2154 673 2300 706 eviden-

1317 726 1448 759 tissima
1471 725 1688 764 testimonia,
1714 737 1804 770 quae
1823 725 1997 757 affirmant
2014 723 2128 756 Deum
2147 735 2210 756 nec
2227 722 2301 755 vel-

1317 777 1369 815 le,
1406 788 1470 808 nec
1501 777 1696 819 approbare
1731 775 1859 808 iniusta
1888 774 2054 813 consilia,
2089 780 2120 807 et
2153 773 2302 806 iniustas

1319 829 1472 859 actiones
1503 827 1800 869 gubernatorum,
1843 826 1900 858 sed
1934 825 2051 869 potius
2085 821 2304 857 horribiliter

1319 875 1373 910 his
1399 877 1587 910 sceleribus
1613 877 1733 917 irasci,
1762 882 1793 909 et
1819 888 1856 908 ea
1884 876 2027 917 punire,
2053 882 2092 908 ut
2110 875 2177 918 ipsi
2192 874 2303 908 exitus

1319 934 1500 962 testantur.
1554 926 1702 970 Propter
1726 926 1856 959 occisos
1874 924 2084 969 Prophetas,
2111 923 2304 962 Christum,

1319 978 1528 1022 Apostolos,
1555 988 1638 1019 gens
1664 977 1803 1010 ludaica
1828 977 1964 1010 excidio
1988 977 2095 1010 totius
2115 987 2197 1009 suae
2216 973 2305 1009 Rei-

1321 1028 1481 1072 publicae
1498 1028 1712 1061 tristissimas
1729 1039 1858 1071 poenas
1875 1028 1983 1061 dedit.
2038 1026 2121 1059 Ideo
2137 1033 2304 1071 tanquam

1322 1079 1546 1112 manifestum
1568 1079 1725 1111 furorem
1749 1089 1949 1111 execremur
1966 1077 2191 1121 opinionem,
2218 1087 2306 1121 quae

1322 1142 1339 1163 a
1363 1129 1437 1163 Deo
1464 1128 1563 1171 fingit
1583 1128 1689 1168 oriri,
1725 1135 1782 1161 aut
1806 1127 1881 1162 Deo
1908 1128 2041 1172 placere
2067 1128 2196 1160 iniusta
2221 1138 2307 1159 con-

1323 1181 1398 1212 silia
1422 1180 1707 1222 gubernatorum.
1766 1177 1908 1211 Diaboli
1934 1179 2083 1221 impetus
2105 1184 2187 1211 sunt
2212 1188 2307 1220 gras-

1323 1230 1430 1264 santis
1454 1230 1491 1261 in
1511 1229 1649 1273 impiis,
1676 1229 1736 1273 qui
1754 1228 1867 1262 Deum
1887 1235 2054 1261 rectorem
2072 1233 2309 1267 excusserunt,

1324 1289 1357 1315 et
1379 1287 1562 1325 propterea
1582 1281 1734 1313 vicissim
1753 1279 1877 1312 abiecti
1895 1286 1995 1317 sunt,
2023 1285 2054 1312 et
2071 1279 2160 1311 finnt
2177 1288 2308 1321 organa

1324 1333 1415 1372 irae,
1442 1338 1553 1375 pestes
1577 1331 1712 1373 generis
1732 1327 1896 1370 humani,
1922 1337 1953 1362 et
1973 1336 2081 1362 ruunt
2097 1329 2134 1361 in
2151 1334 2308 1361 aeternas

1324 1393 1472 1426 poenas,
1508 1388 1545 1414 nt
1577 1379 1736 1419 Pharao,
1771 1379 1891 1419 Iudas,
1926 1378 2098 1423 Caiphas,
2133 1379 2310 1421 Caligula,

1325 1432 1429 1472 Nero,
1458 1443 1609 1476 quorum
1625 1430 1834 1473 cogitatione
1850 1441 2126 1473 expavescamus,
2153 1436 2185 1462 et
2195 1427 2310 1462 Deum

1326 1493 1488 1525 oremus,
1522 1488 1561 1514 ut
1592 1481 1763 1514 custodiat
1795 1487 1827 1513 et
1859 1487 1954 1523 regat
1984 1492 2067 1519 nos,
2099 1491 2144 1513 ne
2171 1479 2310 1514 iniustis

1327 1532 1484 1566 consiliis
1504 1539 1536 1565 et
1555 1532 1707 1574 negociis
1726 1531 1957 1575 implicemur.

1429 1632 1485 1665 Ad
1518 1639 1676 1677 quartam
1709 1631 1947 1676 quaestionem
1978 1630 2159 1674 perspicua
2183 1636 2233 1663 est
2256 1641 2311 1662 re-

1328 1684 1482 1726 sponsio.
1536 1682 1614 1715 Non
1640 1689 1824 1714 moventur
1840 1681 1975 1723 Spiritu
1991 1680 2026 1713 S.
2051 1680 2150 1723 impii
2170 1680 2207 1711 in
2224 1680 2313 1712 dan-

1329 1734 1382 1766 dis
1414 1733 1569 1765 consiliis
1593 1732 1748 1771 iniustis,
1779 1732 1837 1764 sed
1864 1731 2096 1775 impelluntur
2116 1742 2134 1762 a
2157 1730 2312 1773 diabolo,

1329 1792 1367 1817 ut
1405 1784 1495 1816 clare
1534 1783 1678 1815 dicitur:
1725 1781 1796 1815 Vos
1836 1794 1876 1815 ex
1910 1788 2008 1825 patre
2045 1780 2187 1813 diabolo
2222 1781 2314 1814 estis.

1331 1834 1435 1867 Item:
1466 1833 1535 1875 Qui
1560 1834 1638 1866 facit
1657 1840 1854 1875 peccatum,
1878 1844 1917 1864 ex
1936 1831 2077 1865 diabolo
2093 1837 2153 1867 est.
2207 1830 2314 1874 Quod

1332 1892 1445 1917 autem
1470 1891 1582 1917 textus
1603 1884 1686 1916 dicit
1703 1880 1871 1926 Caipham
1891 1879 2135 1925 prophetasse,
2161 1893 2201 1915 eo
2218 1884 2313 1926 quod

1302 1953 1304 1962 ι
1331 1935 1493 1968 Pontifex
1515 1941 1618 1974 esset,
1646 1934 1759 1966 simile
1783 1940 1831 1965 est
1857 1931 2023 1965 historiae
2049 1929 2185 1976 loseph.
2241 1931 2313 1974 Qui

1332 1985 1467 2029 inquit:
1504 1983 1579 2017 Yos
1603 1984 1776 2026 cogitastis
1801 1984 1843 2015 de
1867 1995 1920 2015 me
1945 1983 2096 2021 malum,
2132 1984 2191 2016 sed
2218 1980 2314 2016 Deus

1332 2036 1436 2068 vertit
1463 2035 1549 2066 illud
1578 2035 1613 2066 in
1635 2035 1787 2074 bonum,
1813 2040 1849 2066 ut
1870 2033 2033 2066 exaltaret
2052 2045 2122 2072 me,
2150 2039 2182 2066 et
2200 2034 2314 2066 salvos

1332 2087 1460 2119 faceret
1478 2085 1606 2118 multos
1626 2084 1784 2128 populos.
1846 2083 1917 2116 Nec
1935 2084 2026 2124 vult,
2054 2095 2117 2117 nec
2134 2085 2316 2128 approbat,

1334 2148 1396 2168 nec
1414 2142 1529 2168 movet
1545 2134 1640 2169 Deus
1655 2141 1788 2167 mentes
1802 2140 2051 2179 tyrannorum,
2079 2135 2138 2178 qui
2157 2135 2317 2168 saeviunt

1334 2188 1370 2219 in
1380 2185 1583 2225 Ecclesiam,
1611 2186 1668 2218 sed
1691 2192 1798 2218 metas
1815 2192 1846 2218 et
1865 2185 1975 2218 exitus
1992 2185 2186 2218 constituit.
2226 2186 2316 2220 Dia-

301 2273 405 2305 fuisse
422 2270 577 2302 membra
594 2265 785 2304 Ecclesiae,
811 2275 898 2308 quos
917 2271 1032 2296 tamen
1052 2264 1156 2296 fuisse
1171 2276 1280 2296 mem-
1304 2259 1306 2291 Ᾰ
1334 2237 1437 2270 bOhls
1467 2243 1614 2269 conatur
1648 2236 1793 2279 perdere
1830 2233 1972 2278 Ioseph’
2004 2237 2061 2267 sed
2085 2234 2179 2267 Deus
2205 2244 2317 2271 servm

1305 2319 1306 2327 ,
1336 2299 1433 2327 eum,
1459 2294 1491 2320 et
1515 2284 1599 2319 haec
1626 2286 1698 2329 ipsa
1723 2286 1898 2319 calamitas
1926 2286 1979 2322 fit,
2008 2284 2080 2317 Deo
2099 2286 2316 2327 gubernante

1335 2339 1479 2370 modum
1503 2338 1545 2369 ad
1568 2337 1752 2370 salutarem
1779 2336 1919 2371 exitum.
1970 2334 2021 2369 Ita
2045 2336 2190 2370 consilia
2210 2344 2243 2371 et
2262 2339 2316 2371 di-

1336 2395 1387 2422 cta
1404 2385 1558 2431 Caiphae
1581 2388 1743 2420 damnata
1759 2394 1857 2425 sunt,
1884 2387 1941 2419 sed
1959 2383 2025 2419 hoc
2040 2386 2153 2429 ipsum
2172 2387 2318 2432 dictum,

1337 2440 1429 2483 quod
1455 2439 1528 2482 ipse
1553 2438 1659 2484 impia
1687 2437 1865 2470 voluntate
1890 2437 2039 2480 profert,
2068 2438 2102 2469 fu
2128 2438 2254 2474 modus
2272 2443 2315 2474 ad

1337 2490 1466 2522 exitum
1502 2489 1686 2521 salutarem
1718 2485 1873 2520 humano
1905 2487 2042 2529 generi,
2083 2487 2158 2520 Deo
2189 2491 2316 2531 guber.

1337 2547 1459 2577 nante,
1488 2546 1517 2571 et
1538 2539 1585 2571 sic
1603 2538 1785 2580 praecipue
1797 2539 2060 2580 magistratuum
2077 2538 2212 2572 furores
2222 2539 2317 2575 Deus

1337 2591 1438 2622 vertit
1457 2591 1497 2622 ad
1510 2587 1691 2622 'Ecclesiae
1707 2588 1850 2622 bonum.
1905 2587 2028 2621 Versio
2046 2589 2103 2620 illa
2122 2590 2164 2621 ad
2183 2589 2316 2625 bonum

1338 2649 1387 2674 est
1411 2639 1475 2674 Dei
1507 2651 1613 2682 opus,
1650 2639 1737 2672 sicut
1770 2639 1884 2683 inquit
1910 2637 2053 2682 Ioseph:
2087 2638 2182 2673 Deus
2212 2643 2316 2676 vertit

1339 2691 1425 2723 illud
1446 2691 1479 2722 in
1499 2691 1643 2723 bonum.
