2415 2942
86 100 160 135 653
273 98 369 136 XIII.

86 193 143 220 ent
162 184 400 219 Neronianam
418 184 547 229 vitam,
575 197 663 230 quae
690 184 805 228 agitur
826 183 863 216 in
880 182 1063 216 manifesta

85 237 316 280 turpitudine.
382 236 525 269 Deinde
551 243 588 270 ut
619 237 755 269 discant
778 234 942 278 prodesse
967 245 1064 265 exer-

85 288 164 321 citia
187 295 220 322 et
244 287 358 321 studia
376 288 473 320 verbi
492 286 569 322 Dei.
623 286 755 331 Estque
775 284 963 318 sententia:
991 283 1062 316 Lex

83 346 134 372 est
159 340 395 383 paedagoguS,
429 337 463 370 id
490 345 557 378 est,
591 337 812 376 exercitium,
845 347 915 380 quo
947 346 1063 367 assue-

75 390 171 423 fiunt
187 396 220 423 et
237 391 408 423 docentur
424 386 600 430 homines,
628 395 666 422 ut
688 387 887 429 intelligant
902 387 1062 419 verbum.

186 439 227 473 In
248 438 338 473 hanc
349 440 556 473 sententiam
575 439 663 473 dixit
673 437 821 472 Paulus:
839 436 910 470 Lex
926 443 975 469 est
998 448 1061 479 po-

85 489 150 525 sita
170 491 326 531 iniustis,
350 491 386 524 id
406 491 478 531 est,
505 489 600 524 Deus
624 489 700 523 vult
723 488 876 522 coe'rceri
901 487 1062 524 iniustos,

84 548 117 575 et
137 542 174 574 in
194 540 349 575 Ecclesia
372 548 484 575 extare
502 547 639 585 oportet
661 539 858 573 doctrinam
876 539 919 571 de
936 538 1062 570 discri-

83 593 178 625 mine
204 590 308 626 huius
330 592 536 636 disciplinae
561 599 595 625 et
618 591 762 624 iusticae
786 590 880 623 fidei.
934 588 1062 622 Doceri

83 643 187 676 etiam
204 650 359 687 oportet,
387 643 479 688 quod
497 643 542 676 sit
562 643 766 676 mandatum
784 641 870 679 Dei,
893 646 933 673 ut
957 640 1062 672 rudes

82 695 321 729 coerceantur.
375 693 516 727 Habent
531 700 562 727 et
588 693 655 737 pii,
681 692 742 738 qui
765 689 881 725 adbuc
904 697 986 725 sunt
1006 690 1062 722 in-

82 744 175 777 firmi
201 752 234 778 et
258 746 381 786 rudes,
415 756 503 788 opus
526 744 656 777 talibus
681 743 873 784 exercitiis,
900 749 938 775 ut
963 749 1062 776 coer-

82 801 228 829 ceantur
248 802 280 828 et
304 796 458 832 discant,
485 795 572 829 sicut
597 795 713 840 inquit
730 793 876 827 Paulus:
905 792 1062 826 Educate

81 857 208 890 pueros
226 846 262 878 in
280 846 464 890 disciplina
490 853 522 879 et
546 845 790 879 admonitione
807 844 963 878 Domini.
1017 842 1062 876 Et

80 903 216 929 tantum
232 897 275 929 de
292 897 406 941 primo
429 908 495 930 usu
514 908 573 930 seu
590 897 756 942 politico,
784 897 827 930 de
849 908 919 941 quo
944 893 1000 928 hic
1016 896 1059 927 ad

79 945 261 981 Romanos
277 960 349 980 non
367 948 527 993 loquitur
545 947 688 983 Paulus.

181 997 365 1031 Secundus
382 1010 464 1032 usus
482 999 566 1041 legis
585 1007 616 1032 et
634 997 842 1042 praecipuus
864 1003 933 1037 est,
956 1008 1058 1029 accu-

80 1058 155 1080 sare
179 1055 210 1081 et
237 1050 505 1092 perterrefacere
530 1050 783 1089 conscientias,
818 1060 896 1081 cum
929 1047 1060 1079 iudicat

79 1105 113 1132 et
127 1099 270 1133 damnat
289 1107 478 1144 peccatum.
511 1099 579 1133 Hic
598 1108 646 1134 est
664 1112 747 1133 usus
761 1094 926 1138 a'rcanus,
954 1110 1058 1142 quem

81 1149 118 1182 in
138 1150 350 1184 conscientia
376 1149 479 1184 habet
502 1151 579 1191 lex,
604 1164 677 1184 non
700 1151 875 1183 intellecta
894 1146 1059 1194 hypocri-

78 1200 163 1240 tice‚
179 1202 237 1233 sed
258 1213 336 1234 cum
357 1214 437 1234 vere
455 1203 702 1250 perterresiunt
719 1201 827 1233 animi
844 1200 962 1243 agnito
980 1212 1059 1243 pec-

78 1257 167 1286 cato,
219 1250 266 1284 Hi
286 1259 436 1285 terrores
454 1265 553 1296 saepe
573 1253 820 1286 describuntur
836 1251 872 1284 in
891 1250 1056 1284 Psalmis:

79 1300 159 1334 Non
183 1309 232 1335 est
263 1315 328 1346 pax
357 1304 494 1337 ossibus
526 1303 630 1342 meis,
665 1315 684 1337 a
716 1302 804 1336 facie
836 1309 1057 1346 peccatorum

78 1364 248 1385 meorum.

190 1403 244 1435 De
263 1400 330 1436 hoc
347 1414 411 1436 usu
430 1403 590 1448 loquitur
606 1403 737 1437 Paulus
756 1403 792 1436 in
810 1409 880 1437 tota
898 1401 1056 1446 Epistola

75 1452 118 1485 ad
136 1451 336 1494 Romanos,
355 1460 387 1487 et
402 1455 444 1487 ad
462 1454 683 1495 Corinthios,
702 1467 781 1488 cum
799 1454 933 1499 inquit:
964 1455 1058 1486 Acu-

78 1502 152 1536 leus
175 1505 298 1538 mortis
322 1513 502 1548 peccatum
526 1514 594 1547 est,
630 1505 792 1540 Potentia
818 1517 900 1538 vero
925 1505 1056 1552 peccati

76 1554 150 1595 lex,
178 1555 213 1588 id
237 1562 305 1599 est,
340 1563 482 1599 propter
498 1564 676 1600 peccatum
702 1555 862 1589 homines
887 1563 969 1589 sunt
996 1557 1055 1587 de-

75 1605 197 1639 stinati
215 1607 334 1641 morti.
386 1606 433 1640 Et
450 1608 590 1652 quidem
617 1615 796 1651 peccatum
822 1606 919 1640 affert
944 1613 1056 1639 terro—

76 1666 150 1696 res,
177 1656 454 1700 desperationem
475 1664 506 1690 et
522 1665 686 1691 mortem:
712 1659 769 1691 sed
790 1664 964 1701 peccatum
984 1669 1056 1689 non

76 1715 341 1749 agnosceretur,
369 1707 436 1740 nisi
460 1708 513 1740 lex
541 1709 710 1742 iudicaret
733 1716 766 1743 et
790 1715 964 1741 accusaret
983 1720 1055 1740 nos.

78 1755 175 1790 Idem
201 1759 276 1791 vult
301 1770 424 1802 supra,
452 1771 529 1791 cum
555 1759 688 1804 inquit:
725 1758 796 1792 Lex
824 1759 911 1790 iram
941 1758 1055 1798 efficit,

77 1808 112 1840 id
136 1815 204 1849 est,
240 1817 375 1843 accusat
407 1816 439 1843 et
465 1811 701 1854 perterrefacit
725 1809 967 1843 conscientias„
1010 1808 1056 1842 Et

77 1856 151 1891 hic:
180 1862 250 1896 Lex
275 1868 375 1904 anget
393 1868 589 1904 peccatum,
615 1873 685 1894 non
711 1861 880 1900 civiliter,
908 1861 967 1892 sed
993 1872 1056 1892 au-

77 1916 132 1952 get
158 1915 194 1946 in
220 1913 430 1946 conscientia
447 1938 455 1951 ,
490 1912 523 1945 id
552 1919 618 1953 est,
655 1913 770 1945 reddit
794 1911 989 1956 potentins,
1016 1917 1055 1944 ut

77 1964 333 2005 perterrefaciat
355 1972 386 1996 et
402 1963 520 1995 afferat
540 1964 821 2007 desperationem
839 1969 871 1995 et
893 1969 1053 1997 mortem,

181 2015 228 2048 lta
252 2021 431 2058 peccatum
458 2023 604 2057 augetur
637 2015 732 2048 intus
764 2015 801 2046 in
828 2014 1053 2053 conscientia,

77 2079 156 2101 cum
189 2065 389 2107 agnoscitur
423 2077 494 2097 esse
526 2073 723 2108 peccatum,
765 2063 831 2098 hoc
862 2071 930 2105 est,
973 2077 1051 2097 cnm

77 2117 298 2160 agnoscimus
323 2114 437 2148 Deum
465 2128 544 2148 vere
569 2116 687 2155 irasci,
718 2123 750 2150 et
768 2116 938 2149 sentimus
963 2116 1051 2147 iram

76 2169 158 2209 Dei,
175 2175 325 2200 terrores
342 2173 373 2199 et
393 2173 552 2199 mortem.
605 2166 702 2200 Sicut
719 2166 833 2200 David
852 2167 970 2200 audita
987 2167 1050 2199 ob-

76 2219 273 2262 iurgatione
290 2215 429 2250 Nathan
451 2217 557 2250 sensit
582 2229 683 2250 veros
707 2225 738 2251 et
767 2216 956 2251 horribiles
982 2224 1052 2250 ter-

76 2281 181 2304 rores.
233 2267 279 2302 Et
299 2265 464 2300 Ezechias
477 2268 643 2302 describit
659 2279 739 2302 suos
763 2275 927 2303 terrores:
953 2269 1052 2303 Sicut

76 2322 131 2355 leo
149 2319 311 2354 contrivit
327 2319 444 2352 onmia
470 2314 544 2352 ossa
566 2331 653 2354 mea.

177 2371 284 2405 Docet
311 2370 417 2413 igitur
440 2369 587 2410 Paulus,
613 2367 680 2403 hoc
709 2381 782 2403 esse
811 2370 894 2412 legis
917 2370 1050 2413 praeci-

78 2434 185 2466 puum
200 2433 305 2464 opus,
333 2433 410 2454 cum
435 2421 626 2464 plurimum
644 2421 764 2461 efficit,
792 2427 944 2461 accusat,
972 2433 1051 2464 per-

77 2472 249 2507 terrefacit
267 2478 299 2505 et
323 2473 549 2505 condemnat:
586 2484 659 2505 non
680 2472 863 2512 iustificat,
889 2483 962 2504 non
988 2483 1050 2504 an-

76 2523 220 2558 nunciat
248 2522 487 2556 remissionem
519 2531 757 2566 peccatorum,
786 2535 858 2556 non
884 2523 1009 2555 liberat
1032 2534 1050 2555 a

76 2580 216 2619 peccato
240 2579 272 2606 et
297 2585 314 2605 a
342 2581 464 2607 morte.
521 2573 570 2607 lta
597 2574 765 2607 discernit
781 2573 912 2607 Paulus
939 2574 1050 2616 legem

75 2627 119 2659 ab
144 2623 355 2666 Evangelio,
382 2624 435 2657 lex
458 2631 518 2658 aut
545 2632 686 2658 externa
712 2625 897 2669 disciplina
923 2632 1049 2657 utcun-

422 101 457 135 2.
493 97 856 134 COMMENTARII
884 96 934 132 ΙΝ
962 95 1117 136 EPlST.
1145 99 1292 137 PAULI
1319 98 1386 136 AD
1414 98 1673 136 ROMANOS.

1733 101 1834 138 CAP.
1859 100 1921 139 Vl.
2031 103 2106 139 634

1118 198 1295 221 summum
1329 199 1418 232 opus
1455 187 1555 227 facit,
1594 195 1752 228 accusat,
1795 188 2033 234 perterrefacit
2069 196 2104 223 et

1117 239 1272 272 damnat.

1218 295 1287 330 Hic
1313 298 1443 341 duplex
1466 310 1549 331 usus
1565 299 1778 342 significatus
1805 305 1853 332 est
1874 306 1975 345 typo,
2002 299 2101 332 vide-

1117 347 1197 379 licet
1224 348 1311 380 facie
1335 347 1440 382 Mosi.
1485 348 1597 381 Mosis
1628 350 1731 382 facies
1755 351 1894 393 fulgens
1917 352 2026 391 adeo,
2061 356 2101 384 ut

1117 398 1247 431 intueri
1266 410 1339 430 eam
1358 399 1509 442 populus
1530 412 1601 432 non
1626 407 1763 443 posset,
1791 402 1961 443 significat
1987 401 2099 444 legem

1115 449 1472 492 perterrefacientem,
1506 462 1585 483 cum
1618 462 1697 483 vere
1729 451 1941 494 intelligitur
1967 452 2021 484 lex
2055 453 2099 484 de

1116 500 1265 544 perfecta
1298 501 1519 541 obedientia,
1557 513 1629 534 non
1666 502 1853 535 carnaliter
1886 504 1928 535 de
1956 510 2096 535 externa

1115 550 1314 594 disciplina.
1369 549 1493 585 Postea
1523 550 1642 584 Moses
1668 552 1778 585 velata
1806 553 1893 586 facie
1922 565 2000 586 cum
2034 564 2098 596 po-

1114 602 1198 647 pulo
1219 602 1386 646 loquitur,
1403 602 1449 635 ita
1467 615 1545 636 eum
1565 603 1663 635 audit
1679 603 1842 646 populus.
1896 602 1991 636 Haec
2008 604 2096 646 figu—

1115 665 1152 686 ra
1178 653 1350 696 significat
1377 650 1539 687 homines
1563 665 1635 686 non
1660 666 1740 687 vere
1765 654 1960 697 intelligere
1987 655 2096 696 legem

1115 704 1281 737 rationali
1306 704 1456 745 iudicio,
1495 705 1555 737 sed
1582 711 1717 738 tantum
1754 706 1796 737 de
1828 713 1967 738 externa
1992 705 2098 737 disci-

1115 755 1225 799 plina.
1276 753 1416 788 Deinde
1442 756 1555 788 velata
1573 755 1662 788 ratio
1680 756 1815 799 affingit
1834 756 1936 788 falsas
1954 756 2097 799 opinio-

1115 818 1195 844 nes,
1224 806 1320 851 quod
1346 806 1405 839 illa
1423 815 1564 840 externa
1590 807 1777 849 disciplina
1802 808 1846 840 sit
1868 807 2027 850 impletio
2046 807 2098 839 le-

1114 858 1185 900 gis,
1213 864 1247 890 et
1271 858 1316 890 sit
1342 858 1473 892 iustitia
1502 870 1617 890 coram
1643 856 1730 892 Deo.
1783 858 1851 892 Sed
1868 856 1963 891 Deus
1988 858 2100 891 utitur

1114 909 1220 942 verbo
1251 907 1338 951 legis
1369 910 1411 942 ad
1443 909 1673 942 indicandum
1699 916 1731 941 et
1753 909 1994 941 damnandnm
2021 921 2101 953 pec-

1114 967 1248 1000 catum,
1271 966 1303 992 et
1320 961 1361 992 ad
1380 961 1592 993 accusandas
1608 966 1639 992 et
1659 960 1992 1003 perterrefaciendas
2011 972 2100 993 con-

1113 1011 1286 1043 scientias.
1339 1010 1438 1044 Sicut
1463 1019 1579 1054 postea
1608 1009 1713 1044 Rom.
1733 1009 1769 1044 7.
1802 1018 1895 1044 totus
1919 1008 1977 1043 hic
2001 1010 2098 1044 locus

1115 1062 1301 1106 repetitur:
1331 1061 1436 1104 Quod
1458 1063 1591 1095 bonum
1613 1069 1684 1101 est,
1713 1062 1750 1095 fit
1769 1060 1856 1094 mihi
1876 1060 1994 1094 mors?
2022 1061 2099 1094 Ab·

1113 1113 1178 1151 sit,
1213 1114 1272 1145 sed
1301 1122 1498 1156 peccatum,
1525 1120 1562 1146 ut
1585 1112 1642 1146 fiat
1669 1113 1878 1146 excellenter
1905 1119 2100 1156 peccatum,

1114 1164 1216 1197 efficit
1234 1172 1399 1201 mortem.

1482 1264 1618 1317 Caput
1659 1264 1737 1306 Vl.

1213 1338 1424 1383 Priusquam
1463 1336 1594 1370 Paulus
1634 1338 1832 1372 institutam
1872 1338 2098 1373 collationem

1112 1392 1154 1424 de
1173 1390 1264 1433 Lege
1289 1398 1320 1423 et
1340 1388 1463 1422 Gratia
1484 1389 1653 1433 pertexit,
1683 1389 1806 1422 inserit
1841 1391 2099 1434 occupationes,

1111 1449 1144 1476 et
1161 1441 1265 1474 diluit
1288 1442 1459 1486 quaedam
1477 1441 1639 1475 absurda.
1683 1440 1837 1483 Magnus
1861 1442 1954 1474 enim
1973 1454 2097 1476 cumu-

1111 1494 1164 1526 lus
1183 1493 1429 1537 quaestionum
1460 1489 1516 1524 hic
1533 1491 1659 1524 oritur.
1714 1491 1752 1525 Si
1777 1505 1849 1525 non
1874 1504 1995 1526 sumus
2011 1493 2095 1527 iusti

1110 1545 1184 1586 lege
1207 1550 1238 1576 et
1265 1543 1432 1584 operibus
1459 1542 1605 1582 nostris,
1640 1543 1697 1574 sed
1730 1555 1792 1586 per
1817 1543 2095 1577 misericordiam

1111 1602 1253 1639 propter
1274 1592 1472 1626 Christum:
1507 1605 1675 1637 quorsum
1700 1606 1786 1637 opus
1819 1602 1869 1627 est
1895 1597 1983 1627 hene
2009 1607 2094 1638 ope·

1110 1646 1203 1678 rari?
1231 1645 1269 1678 Si
1289 1645 1341 1676 lex
1361 1657 1422 1676 nec
1440 1644 1618 1681 iustificat,
1646 1655 1708 1676 nec
1724 1644 1824 1676 affert
1843 1645 1950 1678 vitam
1981 1654 2093 1678 aeter-

1111 1709 1207 1729 nam:
1245 1706 1412 1740 quorsum
1439 1707 1525 1738 opus
1548 1702 1595 1727 est
1613 1695 1709 1737 lege?
1744 1694 1896 1728 Facilius
1921 1696 2094 1739 intelliget

1110 1748 1219 1781 lector
1243 1744 1304 1779 has
1331 1746 1545 1779 obiectiones
1564 1744 1683 1786 Pauli,
1713 1746 1740 1778 si
1767 1747 2004 1782 considerabit
2025 1745 2093 1780 hu-

1110 1799 1163 1832 ius
1195 1797 1305 1831 nostri
1335 1797 1503 1841 temporis
1536 1797 1802 1830 controversias.
1865 1797 1964 1832 Sicut
1996 1799 2090 1831 enim

1109 1862 1203 1883 nunc
1224 1849 1405 1882 clamitant
1424 1848 1631 1880 adversarii:
1661 1847 1697 1881 Si
1724 1856 1866 1892 propter
1889 1861 1995 1893 opera
2013 1862 2087 1882 non

1108 1913 1229 1934 sumus
1257 1900 1357 1940 insti,
1389 1911 1555 1944 quorsum
1583 1899 1706 1931 attinet
1727 1900 1814 1932 bene
1837 1900 1999 1943 operari?
2042 1901 2088 1934 ita

1108 1953 1227 1985 eadem
1247 1951 1397 1984 absurda
1416 1950 1590 1983 obiiciunt
1609 1948 1787 1983 Pharisaei
1809 1950 1929 1987 Paulo,
1986 1950 2090 1985 Unde

1107 2004 1187 2036 satis
1205 2009 1347 2046 apparet
1365 2014 1429 2034 nos
1448 2002 1484 2033 in
1502 2001 1561 2033 illa
1581 2001 1654 2044 ipsa
1673 2013 1774 2035 causa
1794 2003 1944 2043 versari,
1960 2003 2002 2035 de
2020 2015 2088 2047 qua

1106 2055 1260 2097 disputat
1286 2053 1436 2093 Paulus,
1469 2060 1501 2085 et
1531 2064 1593 2084 nos
1618 2053 1798 2099 propriam
1828 2060 1859 2086 et
1884 2065 2090 2097 germanam

1106 2105 1313 2139 sententiam
1333 2103 1433 2137 Pauli
1458 2104 1615 2139 reddere.

1208 2164 1300 2198 lllud
1328 2161 1384 2196 hie
1409 2163 1512 2197 etlam
1539 2163 1588 2207 pii
1618 2163 1834 2207 expendant:
1861 2162 1940 2196 'non
1972 2163 2087 2197 solum

1105 2215 1296 2250 adversarii
1314 2215 1488 2248 obiiciunt
1508 2215 1585 2255 illa,
1613 2226 1702 2259 quae
1719 2214 1807 2254 dixi,
1835 2215 1892 2246 sed
1915 2214 1951 2246 in
1969 2214 2088 2247 omni-—

1104 2269 1169 2301 bus
1192 2265 1397 2300 hominibus
1431 2273 1525 2299 tanta
1555 2272 1604 2299 est
1636 2266 1818 2297 infirmitas
1849 2272 2014 2305 naturae,
2047 2273 2089 2300 ut

1105 2331 1183 2352 cum
1200 2319 1364 2350 audimus
1379 2317 1574 2349 doctrinam
1600 2317 1643 2348 de
1667 2315 1815 2358 gratuita
1842 2316 2094 2360 imputatione,

1103 2370 1279 2412 segniores
1295 2369 1418 2401 fiamus
1440 2368 1482 2400 ad
1502 2368 1587 2400 bene
1603 2367 1821 2410 operandum
1845 2373 1877 2400 et
1899 2367 2086 2400 confirme-
2104 2361 2107 2363 i

1105 2428 1162 2454 tur
1195 2421 1346 2453 carnalis
1374 2418 1552 2452 securitas.
1620 2418 1668 2450 At
1703 2414 1788 2450 haec
1823 2417 2086 2451 misericordiae

1104 2472 1257 2514 cognitio
1275 2471 1423 2503 debebat
1442 2469 1590 2502 excitare
1612 2469 1766 2501 studium
1792 2469 1882 2501 hene
1903 2469 2086 2512 operandi.

1103 2522 1192 2556 Nam
1212 2522 1387 2555 dubitatio
1404 2522 1556 2553 deterret
1572 2519 1719 2554 animos.
1763 2518 1862 2552 Nunc
1880 2520 1987 2563 igitur
2005 2533 2086 2553 cuin

1103 2574 1309 2611 didicimus,
1352 2572 1531 2616 quomodo
1567 2577 1660 2603 certo
1692 2570 1850 2614 placeant
1888 2583 2011 2614 opera,
2054 2578 2087 2604 et

1102 2632 1235 2670 quanto
1261 2622 1394 2656 honore
1414 2622 1513 2654 Deus
1529 2634 1565 2654 ea
1585 2629 1704 2662 ornet,
1732 2622 1825 2666 quod
1853 2623 2025 2665 approbat
2052 2628 2087 2655 et

75 2688 143 2723 que
166 2681 300 2710 coercet
323 2686 466 2719 corpus,
492 2683 552 2711 aut
575 2688 654 2710 cum
677 2688 780 2710 suum
807 2675 992 2721 proprium
1016 2682 1050 2710 et
1072 2701 1079 2720 ι
1102 2682 1204 2710 vocat
1230 2673 1413 2715 sacrificia,
1447 2679 1481 2706 et
1504 2672 1679 2717 promittit
1702 2672 1876 2717 praemia,
1902 2669 1985 2706 haec
2008 2684 2087 2706 cer-
