2415 2942
0 0 13 131 -,1s··--

450 137 532 174 ΧΙΙ.
585 135 889 172 ΕΝΑΡιΡιΑΤΙΟ
929 137 978 171 IN
1011 134 1192 172 EVANG.
1221 133 1434 172 IOANNIS.
1487 135 1592 172 (ῖς-ΣΡ.
1624 136 1723 171 vm.

63 237 162 262 scens
189 237 229 259 ac
256 220 526 269 apprehendens
552 220 688 264 Deum,
720 228 814 255 recte
838 222 998 255 iudicans
1021 223 1063 255 (le

65 141 138 178 197
2042 143 2111 177 198

1118 219 1280 255 Christus
1298 229 1399 265 negat
1424 235 1458 255 se
1482 223 1635 264 venisse,
1673 230 1710 257 ut
1735 225 1927 260 constituat
1951 227 2111 271 politiam

66 279 251 312 voluntate
274 275 353 310 Dei.
414 274 553 308 Deinde
583 273 758 319 promittit
780 285 897 305 veram
918 273 1062 306 liberta-

64 337 156 371 tem,
197 339 287 373 quae
319 333 367 359 est
394 325 538 359 liberari
561 337 580 358 a
605 330 745 369 peccato
769 330 801 356 et
825 335 843 356 a
866 331 979 356 morte
1004 335 1060 356 ae-

63 389 183 420 terna,
210 390 292 412 vere
317 377 427 420 recipi
445 389 463 410 3
481 376 576 417 Deo,
604 383 637 409 et
661 374 786 408 donari
813 382 979 418 perpetua
1005 374 1060 407 iu-

62 432 161 465 sticia
181 436 212 463 et
231 430 312 469 vita,
341 428 429 461 sicut
448 427 550 471 paulo
568 431 647 470 post
665 427 708 457 de
725 425 889 458 libertate
908 426 1056 459 dicetur.

62 481 157 516 Haec
175 492 247 514 non
263 475 566 521 contingunthis,
602 475 664 521 qui
691 482 829 509 tantum
853 476 963 518 legem
991 488 1057 508 no-

62 541 166 572 runt,
212 538 244 565 et
274 531 452 564 somniant
476 539 512 561 se
540 527 650 560 iustos
676 538 748 559 esse
775 527 835 559 illa
869 527 1056 571 disciplina

67 584 221 623 carnali,
246 593 305 614 seu
323 579 570 613 observatione
587 577 826 610 Mosaicorum
848 578 995 618 rituum,
1024 585 1057 611 et

66 647 101 668 se
129 639 270 678 propter
294 631 402 673 legem
427 629 611 662 habituros
626 639 776 670 regnum
800 635 833 661 et
855 629 1054 662 libertatem

61 683 298 728 corporalem,
342 692 408 725 qua
439 680 618 713 excutiant
640 679 775 712 alienos
798 679 984 722 dominos,
1021 686 1055 714 et

62 736 130 781 ipsi
146 736 311 768 fruantur
327 731 485 776 imperiis
504 731 641 766 mundi.

316 815 444 851 Samen
459 813 639 851 Abrahae
655 827 795 852 sumus.

162 886 311 920 Prorsus
336 887 491 919 alienum
519 897 727 929 responsum
754 884 949 919 subiiciunt
975 895 1054 928 gra-

62 938 224 971 vissimae
248 938 439 971 sententiae
463 935 618 977 Christi,
666 937 761 981 quod
788 942 934 970 testatur
964 936 1054 976 illos,

61 1001 212 1034 quorum
232 989 375 1034 quidam
395 995 581 1032 coeperant
599 989 756 1027 credere,
782 994 821 1020 ut
838 987 1052 1020 assentiren-

62 1047 120 1074 tur
144 1037 240 1073 hunc
263 1052 336 1073 esse
360 1039 547 1079 Messiam,
582 1046 699 1072 tamen
726 1036 842 1071 adhuc
862 1045 979 1071 tenere
996 1038 1052 1069 in-

61 1091 163 1124 fixam
191 1091 319 1123 animis
343 1090 630 1133 imaginationem
656 1090 699 1122 de
727 1101 835 1131 regno
863 1089 1050 1132 corporali,

61 1139 177 1175 adhuc
191 1142 388 1181 somniant,
416 1141 589 1186 siquidem
618 1138 674 1173 hic
698 1140 743 1173 sit
760 1139 928 1180 Messias,
955 1140 1051 1172 futu-

62 1204 140 1225 rum
160 1204 231 1225 esse
249 1199 426 1236 potentem
446 1203 580 1235 regem,
606 1191 791 1224 florentem
816 1191 960 1233 opibuS,
988 1191 1050 1223 sti-

62 1250 182 1287 patum
199 1243 400 1288 agminibus
418 1254 602 1286 procerum
620 1250 653 1275 et
672 1241 931 1279 multitudinis,
960 1248 991 1274 et
1013 1242 1049 1273 in

64 1293 119 1326 his
137 1305 172 1327 se
189 1307 329 1339 quoque
355 1294 474 1326 beatos
499 1294 584 1326 fore.
638 1291 714 1325 Hac
737 1304 796 1336 spe
811 1292 972 1332 adducti,
998 1292 1049 1324 sa-

64 1345 166 1378 cilius
183 1345 474 1377 assentiebantur.
528 1343 631 1376 Nunc
656 1356 733 1376 cum
758 1343 884 1386 incipit
907 1343 1050 1375 concio-

63 1396 140 1428 nari
158 1396 200 1427 de
219 1395 399 1437 agnitione
415 1394 572 1427 veritatis
591 1400 624 1427 et
644 1394 729 1434 fide,
764 1400 796 1427 et
822 1393 886 1426 ait:
919 1392 968 1426 Ita
987 1394 1049 1426 de-

62 1458 159 1479 mum
175 1445 292 1478 felices
308 1446 401 1484 fore,
430 1452 463 1479 et
479 1443 663 1478 habituros
691 1445 908 1485 libertatem,
935 1444 962 1477 si
983 1444 1050 1476 fide

33 1504 39 1513 ²
62 1503 203 1530 teneant
222 1497 296 1530 eins
315 1497 474 1537 verbum,
501 1503 535 1529 et
552 1496 588 1528 in
605 1508 642 1528 ea
661 1502 893 1540 perseverent,
922 1495 1047 1527 offensi

63 1547 244 1589 resiliunt,
272 1554 304 1581 et
321 1554 440 1581 contra
458 1547 657 1591 disputant,
690 1553 817 1590 negant
836 1559 870 1580 se
887 1558 959 1579 esse
977 1558 1049 1579 ser-

63 1610 144 1636 vos,
173 1598 332 1632 subditos
353 1599 487 1631 alienae
513 1597 693 1642 potestati,
729 1598 822 1642 quod
847 1598 888 1630 ad
914 1597 1049 1642 profes-

63 1649 217 1687 sionem,
239 1660 299 1681 seu
320 1649 516 1682 doctrinam
531 1649 713 1691 religionis
730 1649 874 1686 attinet,
897 1649 954 1681 sed
976 1661 1048 1681 esse

64 1710 181 1731 semen
197 1697 380 1739 Abrahae,
407 1711 542 1742 semper
557 1711 667 1744 usqne
686 1700 728 1731 ab
746 1700 847 1732 initio
864 1699 970 1732 fuisse
987 1712 1049 1742 po-

64 1749 189 1793 pulum
213 1747 295 1787 Dei,
337 1761 519 1794 nunquam
541 1750 646 1782 fuisse
670 1749 856 1790 idolatras,
892 1751 1048 1793 gentium

67 1811 182 1839 more,
217 1801 275 1832 sed
301 1800 454 1833 tenuisse
478 1801 673 1833 doctrinam
701 1800 899 1841 religionis,
929 1801 1050 1843 legem,

67 1850 369 1883 circumcisionem
398 1858 429 1884 et
454 1851 541 1883 alios
568 1851 656 1884 ritus
688 1851 836 1884 traditos
860 1851 1002 1895 quidem
1033 1864 1050 1884 a

66 1900 183 1943 Mose,
229 1903 286 1934 sed
322 1908 481 1945 acceptos
504 1913 566 1945 per
592 1913 717 1934 manus
742 1913 760 1934 a
784 1902 943 1945 patribus
969 1902 1052 1935 inde

63 1963 174 1995 usque
201 1953 244 1983 ad
271 1950 466 1986 Abraham.
535 1951 584 1985 Ita
620 1949 676 1985 hic
709 1964 841 1985 novum
875 1960 1050 1986 certamen

63 2002 178 2034 oritur
208 2000 370 2045 Christo,
412 2010 446 2037 et
478 2003 622 2048 quidem
655 2003 767 2036 multo
801 2003 924 2037 durius
948 2015 1052 2049 supe-

65 2065 169 2088 ruore.

167 2102 218 2136 Ac
251 2110 290 2136 ut
320 2104 449 2138 rectius
480 2105 633 2148 intelligi
655 2104 789 2150 possint
813 2105 920 2138 totius
945 2103 1052 2139 huius
1078 2141 1079 2146 ¹

64 2154 185 2198 capitis
210 2154 470 2195 altercationes,
513 2157 624 2200 capita
651 2156 969 2190 controversiarum
996 2157 1051 2190 in-

64 2212 236 2240 tueamur.
289 2205 341 2239 De
357 2207 470 2240 tribus
485 2208 588 2241 rebus
605 2208 791 2252 praecipue
810 2214 984 2240 certamen
1002 2215 1052 2242 est

65 2257 102 2289 in
125 2254 180 2289 his
203 2257 490 2302 quaestionibus,
527 2270 614 2303 quae
638 2259 816 2301 agitantur
842 2259 884 2291 de
909 2258 1050 2294 Messia.

64 2306 222 2341 Primum
239 2308 282 2340 de
299 2309 420 2351 politia
444 2310 663 2354 disputatur,
698 2310 852 2343 secundo
879 2310 922 2342 de
947 2310 1052 2344 culti-

67 2359 151 2400 bus,
178 2359 281 2392 tertio
300 2360 343 2391 de
358 2371 506 2403 persona
520 2359 683 2395 Messiae.

167 2407 219 2442 De
231 2410 343 2453 primo
360 2411 438 2444 loco
451 2409 617 2445 hactenus
628 2411 732 2445 dixit:
761 2410 845 2445 Ideo
863 2412 1053 2445 offendun-

68 2465 126 2492 tur
149 2458 266 2493 ludaei
292 2462 451 2495 doctrina
474 2460 628 2502 Christi,
666 2462 747 2506 quia
774 2463 933 2496 iudicant
952 2475 991 2496 ex
1014 2475 1053 2496 ea

69 2510 168 2554 sequi
190 2512 458 2546 dissolutionem
481 2514 583 2547 istius
605 2513 749 2558 politiae
773 2513 944 2547 divinitus
968 2526 1053 2547 con-

69 2561 229 2603 stitutae,
255 2575 359 2608 quam
376 2564 444 2608 ipsi
462 2565 707 2599 existimabant
729 2565 856 2598 debere
879 2576 951 2597 esse
972 2577 1053 2609 per-

69 2618 228 2655 petuam,
256 2621 289 2647 et
306 2615 470 2649 Messiam
487 2623 677 2650 venturum
691 2643 700 2656 ,
727 2622 766 2650 ut
783 2627 859 2649 eam
877 2615 1054 2650 instaura-

68 2669 137 2703 ret,
173 2670 206 2697 et
229 2664 330 2708 longe
351 2666 590 2700 florentiorem
613 2667 795 2707 redderet,
833 2673 968 2700 auctam
986 2668 1055 2700 im-

68 2714 166 2758 perio
197 2717 342 2758 mundi,
387 2725 421 2752 et
444 2718 581 2762 ingenti
605 2718 717 2762 gloria
742 2717 929 2763 corporali.
983 2718 1054 2753 Sed

1115 280 1175 305 ant
1210 285 1356 316 regnum
1395 276 1596 318 corporale:
1641 275 1688 309 ait
1718 287 1753 308 se
1781 288 1853 309 non
1881 290 1953 310 esse
1977 291 2015 311 ex
2042 277 2108 313 hoc

1114 325 1268 364 mundo,
1304 325 1361 356 sed
1390 326 1533 358 missum
1559 337 1647 366 esse,
1682 333 1718 360 ut
1743 327 1800 360 fiat
1822 328 1982 368 victima,
2012 331 2106 364 etita

1112 374 1254 406 demum
1272 375 1384 407 salvos
1405 376 1498 415 sore,
1534 377 1561 409 si
1580 378 1724 411 credant
1752 379 1861 422 ipsius
1886 380 1986 421 voci,
2022 382 2104 426 quia

1111 436 1193 457 vero
1216 425 1332 457 nolint
1356 426 1535 465 assentiri,
1577 428 1734 461 futurum
1766 436 1804 462 ut
1829 438 2007 464 evertatur
2028 439 2101 465 tota

1111 474 1169 507 illa
1188 475 1320 519 politia.
1372 474 1467 509 Haec
1486 476 1551 509 suit
1569 478 1679 520 prima
1697 479 1855 514 offensio.
1910 480 2032 516 Altera
2050 489 2100 517 est

1110 537 1180 558 non
1199 526 1310 559 levior
1327 526 1364 559 in
1381 528 1603 571 quaestione,
1633 541 1721 573 quae
1740 527 1796 562 hic
1813 531 1963 573 agitatur
1979 534 2022 565 de
2040 545 2100 566 re-

1110 576 1256 619 ligione,
1283 589 1343 610 seu
1362 578 1533 619 cultibus,
1561 577 1618 612 hic
1636 587 1814 622 pugnant,
1848 594 1891 614 ne
1916 584 2040 626 religio
2066 591 2099 618 et

1109 628 1224 661 cultus
1250 628 1524 669 labefactentur,
1550 631 1593 662 de
1614 631 1743 675 quibus
1761 633 1945 676 praecipue.
1968 634 2100 676 gloria-

1108 679 1239 712 bantur
1258 679 1324 711 sibi
1344 680 1515 712 divinitus
1531 682 1695 714 traditam
1720 693 1792 714 esse
1819 683 1928 726 legem
1954 691 1986 717 et
2011 685 2100 718 ritus

1108 729 1303 768 Mosaicos‚
1333 728 1423 763 hanc
1442 731 1648 774 religionem
1668 732 1750 765 inde
1774 745 1885 778 usque
1909 747 1925 767 a
1944 733 2046 768 Mose
2066 744 2099 770 et

1108 781 1266 825 patribus
1303 782 1339 814 in
1376 779 1442 814 hoc
1474 783 1606 826 populo
1639 783 1808 827 singulari
1834 785 1898 818 Dei
1928 786 2098 820 beneflcio

1108 839 1348 865 conservatam
1388 845 1468 868 esse.
1537 832 1691 867 Gravius
1739 846 1819 878 ergo
1857 836 2098 879 offenduntur,

1107 884 1199 927 quot]
1214 881 1374 917 Clu-istus
1390 885 1454 917 ait:
1482 883 1562 917 Non
1583 892 1726 929 propter
1744 886 1853 929 legem
1872 894 1903 920 et
1922 887 2002 921 illos
2022 888 2097 921 cul-

1107 941 1160 966 tus
1186 934 1328 967 liberari
1356 932 1516 968 homines
1541 948 1558 968 a
1584 943 1742 980 peccato,
1784 945 1815 971 et
1846 938 1983 981 placere
2009 937 2097 980 Deo,

1106 985 1163 1017 sed
1183 985 1331 1018 affirmat
1349 998 1406 1018 605
1423 998 1495 1018 6556
1512 987 1577 1019 sub
1603 994 1742 1030 peccato
1761 995 1793 1021 ct
1819 988 1869 1021 ira
1897 987 1973 1024 Dei.
2027 989 2096 1023 Hic

1106 1047 1186 1078 ergo
1202 1037 1317 1070 oritur
1335 1037 1479 1079 longum
1498 1044 1529 1070 et
1548 1045 1645 1071 atrox
1665 1046 1850 1072 certamen.
1887 1039 1956 1073 Sed
1977 1041 2094 1083 prius-

1104 1099 1209 1131 quam
1238 1086 1302 1120 boc
1327 1088 1530 1129 dirimitur,
1572 1090 1703 1122 accedit
1736 1091 1836 1123 tertia
1867 1091 2094 1133 conflictatio,

1106 1150 1193 1182 quae
1221 1146 1271 1171 est
1296 1140 1454 1171 omnium
1478 1140 1666 1172 durissima
1695 1141 1737 1173 de
1763 1153 1911 1183 persona
1930 1140 2094 1183 Messiae,

1104 1201 1181 1221 cum
1202 1201 1236 1221 56
1256 1190 1338 1222 dicit
1358 1201 1430 1222 esse
1449 1190 1583 1223 Filium
1603 1188 1686 1231 Dei,
1713 1191 1772 1235 qui
1799 1192 1952 1225 extiterit
1976 1193 2020 1225 ab
2036 1204 2094 1225 ae-

1103 1246 1221 1280 terno,
1251 1237 1341 1272 lianc
1357 1240 1514 1274 iudicant
1533 1253 1605 1274 esse
1628 1240 1903 1285 blasphemiam,
1935 1255 2008 1276 non
2036 1256 2093 1276 ar-

1103 1290 1295 1333 gumentis,
1324 1293 1380 1323 sed
1400 1292 1489 1324 saxis
1506 1293 1767 1328 revincendam.

1203 1340 1361 1374 Recitavi
1382 1342 1535 1375 breviter
1551 1354 1721 1376 summam
1737 1344 1895 1377 locorum
1909 1371 1918 1384 ,
1946 1356 2034 1390 quae
2055 1344 2093 1377 in

1103 1389 1167 1425 hac
1184 1399 1254 1425 tota
1281 1393 1450 1425 concione
1475 1405 1585 1438 usque
1610 1395 1652 1427 ad
1679 1394 1783 1427 finem
1809 1395 1931 1438 capitis
1956 1396 2093 1438 agitan-

1102 1450 1176 1481 tur,
1207 1455 1301 1476 nunc
1323 1445 1428 1477 redeo
1454 1447 1495 1477 ad
1523 1452 1673 1486 textum,
1708 1458 1785 1479 cum
1810 1444 1972 1480 Christus
1995 1447 2093 1480 iubet

1102 1506 1159 1527 eos
1185 1506 1406 1538 perseverare
1430 1495 1466 1527 in
1491 1496 1577 1536 fide,
1621 1503 1653 1529 et
1677 1496 1723 1530 ita
1750 1497 1924 1541 promittit
1948 1498 2093 1531 liberta-

1102 1553 1190 1586 tem,
1222 1546 1248 1578 si
1269 1547 1412 1579 credant
1443 1547 1552 1589 ipsius
1579 1548 1698 1583 verbo.
1758 1548 1879 1581 Iudaei
1905 1555 2092 1593 opponunt

1102 1597 1365 1639 responsionem
1393 1599 1435 1630 de
1456 1598 1544 1640 lege,
1573 1605 1603 1632 et
1623 1599 1782 1632 doctrina
1805 1600 2004 1642 religionis,
2033 1611 2092 1632 ac-

1102 1655 1197 1690 cepta
1219 1660 1235 1680 a
1255 1650 1433 1691 patribus,
1462 1656 1492 1682 et
1512 1647 1580 1682 hnc
1604 1661 1714 1695 usque
1739 1657 1941 1683 conservata
1964 1651 2000 1683 in
2028 1662 2092 1693 po-

1103 1699 1186 1741 pulo
1216 1697 1289 1732 Dei.
1344 1698 1650 1742 Argumentantur
1677 1713 1710 1733 56
1735 1713 1807 1734 6556
1830 1712 1948 1733 semen
1974 1701 2092 1734 Abra-

1103 1747 1166 1782 hae
1190 1757 1222 1783 et
1246 1757 1405 1793 patrum,
1441 1751 1569 1796 quibus
1594 1753 1692 1785 datae
1718 1759 1816 1785 erant
1840 1752 2090 1796 promissiones

1103 1802 1146 1833 de
1184 1801 1385 1844 posteritate
1423 1809 1457 1835 et
1493 1803 1652 1847 populo,
1715 1803 1753 1835 in
1789 1815 1860 1848 quo
1890 1810 2092 1837 nasceretur

1104 1850 1262 1885 Messias.

1206 1901 1279 1935 Has
1312 1904 1562 1947 promissiones
1597 1916 1734 1949 semper
1770 1912 1860 1939 ratas
1890 1905 2014 1945 fuisse,
2057 1911 2091 1938 et

1104 1959 1265 1996 oportere
1289 1960 1320 1986 et
1347 1951 1437 1987 hanc
1460 1955 1618 1998 politiam
1646 1956 1867 1997 conservari,
1902 1963 1934 1989 et
1961 1955 2092 1988 doctri-

1104 2016 1184 2036 nam
1208 2005 1406 2047 religionis,
1446 2018 1485 2039 ac
1511 2006 1625 2040 cultus
1656 2008 1801 2040 traditos
1826 2019 1844 2040 3
1863 2006 1981 2048 Mose,
2008 2018 2091 2050 pro-

1105 2062 1181 2098 pter
1196 2063 1383 2088 venturum
1403 2055 1568 2089 Messiam
1581 2084 1588 2097 ,
1624 2058 1683 2102 qui
1710 2059 1849 2091 futurus
1866 2058 1909 2091 sit
1925 2057 2091 2091 dominus

1106 2104 1210 2139 huius
1241 2107 1380 2154 populi,
1422 2115 1454 2141 et
1482 2108 1651 2142 allaturus
1686 2121 1833 2152 regnum
1874 2115 2093 2152 perpetuum.

1105 2157 1205 2190 Hanc
1223 2157 1419 2190 libertatem
1440 2156 1607 2192 hactenus
1623 2160 1705 2202 ipsis
1722 2160 1890 2192 mansisse
1907 2160 2092 2202 integram,

1105 2208 1185 2253 quia
1211 2220 1393 2253 nunquam
1420 2210 1453 2242 vi
1480 2217 1539 2244 aut
1567 2211 1715 2254 imperio
1746 2211 1860 2243 alieno
1891 2210 2000 2244 coacti
2023 2210 2094 2243 sint

1105 2260 1255 2292 abiicere
1273 2261 1500 2303 religionem,
1525 2268 1555 2294 et
1575 2273 1652 2294 suas
1673 2262 1784 2304 leges,
1819 2273 1863 2294 ne
1887 2261 2030 2306 quidem
2054 2260 2093 2294 in

1106 2311 1208 2344 exilio
1224 2310 1462 2356 Babylonico,
1490 2312 1560 2345 imo
1579 2313 1682 2345 etiam
1701 2319 1796 2353 tum,
1825 2324 1904 2345 cum
1919 2312 2092 2352 cogeban-

1105 2369 1163 2395 tur
1178 2361 1268 2394 ferre
1285 2361 1488 2396 Romanum
1514 2363 1720 2406 imperium,
1756 2369 1872 2396 tamen
1893 2363 2093 2396 retinebant

1106 2410 1356 2457 αὐτοιόμαάν,
1400 2414 1590 2447 tuebantur
1613 2413 1837 2456 religionem,
1872 2421 1905 2448 et
1926 2414 2093 2447 vivebant

1106 2464 1177 2497 suis
1202 2465 1355 2507 legibus,
1398 2472 1431 2498 et
1453 2463 1536 2497 haec
1559 2464 1630 2507 ipsa
1654 2465 1780 2497 fiducia
1811 2465 1984 2498 libertatis
2009 2476 2094 2498 con-

1105 2521 1203 2559 cepta
1220 2527 1259 2548 ex
1276 2515 1568 2559 promissionibus
1586 2516 1628 2548 de
1646 2514 1794 2556 Messia‚
1826 2516 2004 2549 animabat
2023 2526 2094 2554 eos,

1106 2574 1144 2600 ut
1168 2573 1356 2610 sperarent,
1374 2579 1408 2600 se
1433 2577 1636 2600 excussuros
1671 2563 1738 2600 hoc
1766 2567 1906 2601 frenum
1937 2565 2094 2600 Romani

1106 2617 1256 2662 imperii.

1210 2667 1331 2710 Quare
1349 2668 1566 2701 confidenter
1591 2668 1783 2712 explodunt
1809 2664 1941 2702 Christi
1962 2677 2096 2707 vocem,

1107 2731 1186 2754 curn
1202 2719 1336 2764 inquit:
1368 2717 1505 2752 Veritas
1528 2719 1694 2753 liberabit
1709 2730 1789 2760 vos,
1815 2729 1889 2752 non
1914 2717 2098 2762 patiuntur

1406 2767 1484 2803 13*
