2415 2942
161 105 257 142 1379

166 189 355 228 tentionis,
384 200 471 234 quae
489 188 704 219 damnantur
728 183 895 217 omnibus
919 182 1041 222 dictis,
1068 191 1158 225 qnae

167 242 387 289 praecipiunt
414 239 614 276 veritatem,
653 243 685 269 et
710 232 900 278 prohibent
923 232 1162 269 mendacium,

170 297 264 327 iuxta
285 292 389 324 illud:
419 289 497 322 Non
517 288 612 320 dicas
627 287 752 319 salsum
772 285 1022 317 testimonium.
1049 280 1162 326 Ephe.

173 345 224 379 4:
253 343 476 386 Deponentes
495 338 738 374 mendacium,
762 336 951 380 loquimini
970 335 1163 367 writatem.

172 395 218 429 Et
238 395 375 435 regulas
392 391 494 423 etiam
513 399 720 433 sequamur:
751 385 932 429 fugienda
945 385 1164 419 consuetudo

173 447 256 480 salsa
291 442 510 480 docentium,
552 441 644 472 iuxta
676 440 808 471 dictum
841 439 868 472 1.
894 434 1057 471 Corinth.
1093 432 1164 470 15.:

175 498 416 537 (ini-rumpunt
435 493 549 524 bonos
571 503 682 523 mores
708 488 882 532 colloquia
907 501 1023 532 prava.
1077 485 1165 519 Item

176 547 292 580 Lucae
338 543 572 577 duodecimo:
627 541 755 575 Cau-te
794 540 1005 573 fermentum
1041 535 1167 570 Phari·

176 609 348 630 §.worum-

230 709 423 756 sslagnum
444 707 583 742 lucrum
607 712 655 741 es!
673 706 791 753 pietus
809 717 885 739 cum
905 701 1119 749 αὐταρκείᾳ.

283 805 345 839 Bis
362 817 444 839 usus
466 811 514 838 est
538 803 709 837 vocabulo
732 802 926 844 QuaestnS,
951 800 1105 843 primum
1131 798 1174 829 (le

182 858 332 900 aucupio
358 858 523 901 loquens,
551 861 583 887 et
608 862 727 887 taxans
751 853 877 895 impios
898 851 1079 889 homines,
1115 848 1189 893 qui*

182 910 389 951 religionem
410 907 566 951 quaestui
585 903 726 941 habent,
755 904 848 947 qnod
865 914 1002 946 semper
1018 901 1054 933 in
1072 911 1177 933 mun-

183 966 228 993 do
251 960 416 992 usitatum
438 966 497 991 est.
552 956 674 989 Postea
699 955 847 998 opponit
873 954 975 986 aliam
1003 951 1177 994 significa-

184 1012 316 1045 tionem
338 1009 513 1047 vocabuli,
538 1007 714 1051 inquiens,
743 1005 949 1045 religionem
971 1014 1090 1035 revera
1107 1013 1178 1034 esse

185 1073 353 1104 magnum
371 1060 526 1099 lucrum,
554 1060 647 1102 quod
674 1069 713 1089 eo
739 1057 885 1095 dicitur,
912 1067 985 1087 non
1004 1054 1098 1100 quod
1119 1066 1179 1084 vc-

186 1114 228 1146 lit
247 1123 318 1144 esse
335 1112 514 1150 venalem,
541 1110 601 1142 sed
619 1109 700 1153 quia
720 1108 795 1140 vult
809 1106 978 1148 intelligi,
1005 1112 1096 1137 recte
1115 1101 1180 1136 ha-
1206 1102 1208 1105 ’

185 1163 285 1197 beuti
315 1174 390 1195 eam
422 1173 484 1205 per
513 1172 584 1193 sese
617 1160 751 1192 bonum
783 1166 963 1190 aeternum
997 1167 1089 1196 esse,
1124 1153 1180 1186 cui

186 1213 283 1247 Deus
315 1213 417 1245 etiam
447 1212 544 1244 addit
576 1211 668 1243 bona
705 1209 920 1252 corporalia,
964 1208 1057 1240 iuxta
1093 1206 1179 1237 iilud

187 1261 362 1299 Matthaei
391 1263 444 1298 6.:
485 1262 643 1294 Primum
671 1261 826 1306 quaerite
852 1271 997 1302 regnum
1031 1257 1114 1296 Dei,
1151 1262 1182 1289 et

191 1323 323 1349 caetera
349 1314 561 1347 adiicientur
586 1312 696 1345 vobis.
759 1310 863 1349 Item,
895 1313 910 1344 1
945 1306 1104 1342 Tirnotli.
1127 1306 1181 1340 4.:

190 1367 306 1400 Pietas
335 1364 442 1398 habet
474 1363 724 1408 promissiones
755 1361 948 1406 praesentis
979 1367 1011 1392 et
1045 1360 1184 1391 futurae

192 1419 297 1450 vitae.

295 1492 406 1525 Addit
422 1497 537 1524 autem
551 1517 560 1530 ‚
588 1489 635 1521 sic
653 1500 723 1521 csse
748 1488 884 1521 lucrum
899 1514 908 1527 ‚
933 1493 973 1519 ut
989 1493 1063 1519 turn
1083 1485 1186 1518 etiam

195 1550 355 1589 oporteat
371 1554 435 1575 nos
462 1554 569 1585 parvo
595 1546 778 1573 contentos
803 1550 894 1578 esse,
934 1544 966 1570 et
990 1536 1132 1581 quidem
1158 1535 1187 1567 si

196 1595 322 1629 ordine
353 1594 568 1632 viveremus,
613 1598 737 1624 natura
778 1601 885 1633 parvo
921 1594 1085 1621 contenta
1116 1598 1188 1619 esse

197 1652 326 1692 posset.
380 1644 448 1678 Sed
473 1650 646 1685 augentur
667 1648 802 1674 sumtus
829 1640 950 1672 multis
973 1637 1188 1672 stultissimis

199 1697 330 1737 causis,
357 1706 446 1740 quae
464 1702 494 1727 et
511 1693 753 1733 facultatibus,
783 1698 815 1724 et
838 1691 1018 1730 moribus,
1054 1696 1087 1722 et
1112 1688 1189 1721 ani-

200 1760 276 1781 mae
291 1774 299 1788 ,
326 1753 360 1780 et
377 1745 651 1789 Rebuspublicis
670 1749 810 1777 nocent.
862 1741 914 1775 Ac
937 1740 1068 1773 Paulus
1097 1746 1190 1773 taxat

200 1797 287 1832 haee
310 1797 412 1835 vitia,
450 1796 693 1840 profusiones,
730 1793 952 1836 rapacitates,
991 1791 1190 1825 avaritiam.

202 1849 386 1883 Praeterea
427 1859 506 1880 cum
546 1847 708 1880 nominat
736 1840 978 1889 αὐτάρκειαν,
1020 1843 1096 1875 vult
1127 1853 1192 1875 nos

203 1900 348 1933 obedire
366 1898 403 1931 in
421 1910 539 1938 cruce,
566 1909 604 1930 ac
621 1896 821 1930 meminisse
837 1895 1032 1928 doctrinam
1050 1894 1093 1926 de
1111 1905 1193 1937 pro-

203 1950 412 1984 missionum
437 1949 671 1993 corporalium
691 1947 892 1987 intellectu,
920 1946 1012 1990 quod
1032 1944 1195 1977 videlicet

206 2000 455 2045 intelligendae
476 2000 546 2034 sint
570 2012 649 2033 cum
673 1998 875 2043 exceptione
897 1995 1133 2040 castigationis
1163 2001 1194 2028 et

746 96 873 133 PHlL.
900 94 1019 131 MEL.
1048 92 1259 130 SCRIPTA
1283 91 1586 129 EXEGETICA.

2114 94 2214 129 1380

1212 180 1336 216 crucis.
1379 177 1641 224 Tunc'quoqne
1659 177 1798 212 animus
1817 186 2005 214 contentus
2025 179 2086 220 sit,
2113 178 2210 213 iuxta

1215 231 1303 264 illud
1325 233 1356 265 1.
1374 231 1471 264 Petri
1492 228 1542 264 5.:
1578 228 1831 263 Humiliamini
1855 231 1920 263 sub
1943 230 2076 275 potenti
2101 241 2212 263 manu

1215 281 1279 316 Dei
1292 309 1301 324 ‚
1329 289 1362 316 et
1380 290 1472 327 petat
1489 280 1747 324 mitigationem
1764 292 1783 314 a
1800 280 1888 316 Deo.

1532 403 1722 453 Praecipio
1741 405 1811 439 tibi
1831 410 1860 440 el
1865 418 1890 440 c.

1321 492 1482 526 Tandem
1503 492 1628 536 repetit
1650 499 1871 536 praeceptum
1895 493 1938 525 de
1959 494 2087 526 tuenda
2115 494 2215 538 puri-

1222 552 1291 578 tate
1323 544 1508 584 doctrina,
1558 551 1590 577 et
1621 544 1741 576 miscet
1767 544 1919 577 dictum:
1970 539 2107 577 Coram
2130 542 2216 577 Deo

1223 595 1288 643 qui
1311 592 1468 638 virifica!
1491 592 1628 628 omnia.
1681 593 1777 626 Haec
1803 595 1972 638 particula
1999 596 2149 638 pertinet
2172 597 2216 628 ad

1225 646 1441 684 doctrinam,
1471 658 1558 690 quae
1579 645 1730 678 traditur
1753 645 1789 676 in
1815 646 2036 678 enarratione
2065 646 2218 691 symboli

1227 699 1270 730 de
1289 697 1482 736 creatione,
1508 698 1601 740 qnod
1627 696 1789 729 videlicet
1806 695 1900 729 Deus
1924 708 1996 728 nnn
2022 697 2219 738 discesserit

1227 763 1245 781 a
1267 749 1371 781 rebus
1397 747 1569 787 conditis,
1599 747 1686 780 sicut
1712 747 1858 779 discedit
1881 748 1978 780 saber
1998 760 2016 779 a
2036 748 2115 780 navi
2135 759 2220 780 con-

1228 806 1378 839 structa,
1414 799 1471 831 sed
1502 810 1639 840 semper
1663 804 1836 831 sustentet¹
1866 810 1938 836 res,
1982 798 2093 831 donec
2121 805 2218 832 suut:

1229 850 1418 894 etquidem
1436 855 1606 881 sustentet
1625 848 1815 881 liberrime.
1850 847 1898 881 lta
1919 849 2049 882 dicitur
2069 849 2104 881 in
2124 848 2221 882 Actis

1231 902 1354 945 capite.
1375 900 1448 934 17‚:
1476 898 1516 932 In
1536 899 1610 942 ipso
1635 910 1776 939 sumus,
1803 899 1955 932 vivimus
1973 907 2005 933 et
2027 911 2222 934 movemur.

1203 994 1206 1004 Ι
1232 952 1339 992 Item,
1368 951 1484 984 Lucae
1505 952 1578 985 12:
1612 947 1694 982 Duo
1713 960 1865 992 passeres
1890 961 1963 982 asse
1988 957 2162 991 veneunt,
2189 956 2222 982 et

1204 1037 1207 1040 Α
1233 1015 1325 1036 uuus
1342 1015 1381 1035 ex
1401 1002 1470 1034 illis
1489 1013 1560 1034 non
1578 1000 1669 1033 cadit
1687 1007 1933 1043 superterram
1953 1000 2028 1032 sine
2049 1006 2145 1043 patre
2165 1012 2224 1033 ve·—

1233 1062 1317 1089 stro.
1373 1052 1489 1086 Vestri
1505 1059 1620 1085 autem
1638 1051 1757 1094 capilli
1774 1051 1896 1094 capitis
1912 1063 2032 1084 omnes
2047 1050 2225 1084 numerati

1234 1112 1326 1138 sunt.
1381 1104 1490 1143 Item,
1517 1102 1657 1136 Psalmo
1680 1101 1778 1135 144:
1816 1100 1889 1144 Qui
1913 1103 1970 1134 dat
1997 1113 2107 1134 escam
2130 1102 2225 1146 ipso-

1235 1169 1312 1190 rum
1327 1182 1336 1197 ,
1362 1162 1392 1189 et
1412 1154 1518 1199 pullis
1533 1165 1719 1187 corvorum
1737 1153 1986 1186 invocantibus
2002 1165 2096 1187 eum.

1337 1248 1438 1282 Hanc
1456 1249 1603 1282 liberam
1621 1247 1854 1292 praesentiam
1873 1254 1905 1281 et
1924 1246 2142 1280 voluntatem
2158 1244 2226 1278 Dei

1237 1301 1390 1344 cogitare
1404 1312 1543 1333 necesse
1560 1307 1608 1332 est
1627 1300 1664 1331 in
1684 1300 1779 1330 omni
1798 1298 2039 1336 invocatione,
2067 1296 2148 1342 quia
2167 1295 2229 1341 qui

1237 1353 1390 1386 retinent
1406 1351 1693 1394 imaginationes,
1721 1362 1810 1394 qnae
1836 1350 1973 1392 fingunt
1994 1355 2155 1382 naturam
2180 1347 2228 1379 sic

1237 1403 1322 1435 ferri
1340 1403 1413 1435 sine
1431 1401 1505 1434 Deo
1517 1429 1525 1442 ‚
1553 1409 1612 1435 aut
1629 1400 1742 1434 Deum
1760 1403 1803 1434 ad
1821 1412 1940 1434 causas
1964 1400 2134 1433 secundas
2150 1397 2230 1431 alli-

1239 1460 1356 1497 gatum
1376 1464 1466 1492 esse,
1495 1464 1567 1485 non
1586 1453 1753 1484 invocant
1771 1451 1885 1484 Deum
1898 1476 1906 1489 ,
1934 1451 1994 1483 sed
2012 1449 2227 1483 contumelia

1240 1516 1320 1537 eum
1343 1503 1530 1543 adficiunt,
1562 1510 1601 1535 ut
1619 1501 1787 1545 Epicurei
1810 1509 1869 1535 aut
1894 1501 2015 1535 Stoici.
2066 1500 2132 1534 His
2160 1499 2229 1531 im-

1241 1555 1307 1598 piis
1334 1553 1606 1596 cogitationibus
1635 1553 1719 1584 fides
1748 1564 1876 1595 magno
1901 1552 2023 1584 labore
2048 1556 2232 1594 repugnet.

1241 1604 1287 1639 Et
1304 1603 1389 1638 haec
1405 1615 1521 1647 pugna
1539 1604 1578 1636 in
1596 1603 1801 1647 quotidiana
1824 1602 2048 1635 invocatione
2066 1601 2232 1635 discenda

1242 1664 1303 1691 est.
1360 1654 1415 1689 Ad
1434 1655 1580 1688 eandem
1601 1653 1799 1687 doctrinam
1823 1654 1974 1697 pertinet
1990 1653 2122 1686 dictum
2138 1652 2231 1684 infra

1243 1707 1396 1752 positum
1423 1708 1452 1740 1.
1475 1703 1640 1739 Timoth.
1664 1704 1713 1738 6.:
1753 1704 1902 1747 Sperent
1927 1704 1963 1736 in
1980 1703 2054 1737 Deo
2079 1703 2233 1742 vivente,

1244 1766 1276 1792 et
1292 1759 1481 1802 praebente
1498 1757 1601 1790 nobis
1623 1756 1741 1788 omnia
1761 1757 1804 1788 ad
1821 1756 2025 1796 frnendum,
2051 1755 2113 1788 ubi
2129 1754 2233 1787 etiam

1245 1816 1391 1843 testatur
1421 1809 1553 1841 victum
1585 1807 1688 1839 nobis
1715 1818 1734 1839 a
1756 1805 1832 1839 Deo
1863 1807 1958 1848 dari,
2002 1806 2060 1839 sed
2084 1804 2161 1839 dari
2189 1804 2235 1837 ad

1245 1861 1454 1901 fruendum,
1490 1859 1525 1892 id
1551 1866 1619 1899 est,
1653 1858 1696 1890 ad
1721 1869 1824 1891 usum
1847 1857 2115 1891 convenientem
2131 1861 2234 1890 natu-

1247 1924 1324 1956 rae,
1352 1923 1425 1945 non
1442 1911 1483 1944 ad
1502 1909 1722 1954 profusiones
1739 1906 1962 1942 Antonianas
1978 1915 2041 1944 etc.

1421 1990 1562 2028 Finis
1586 1993 1764 2041 primae
1793 1990 2059 2040 Epistolae.
