2415 2942
269 123 343 159 223

273 209 359 242 lium
386 205 421 238 in
447 202 594 247 speciem
619 198 733 237 triste,
772 194 898 228 deinde
920 194 1070 227 salutare
1094 193 1167 226 sore
1192 204 1255 236 po-

273 259 371 303 pulo.
720 296 727 302 ⁸
876 294 883 301 .

375 306 425 340 De.
450 300 578 335 anxilio
610 296 665 330 hic
692 296 776 329 dicit
799 291 978 327 Christus:
1022 291 1173 337 Oportet
1199 304 1256 325 me

273 359 385 391 facere
411 364 511 397 opera
536 352 628 388 eius,
662 347 722 392 qui
755 346 848 378 misit
877 357 949 385 me,
985 345 1113 389 quibus
1143 343 1257 376 verbis

275 415 454 449 utrunque.
471 399 659 443 significat,
691 409 725 430 se
749 397 911 429 mandata
938 407 1042 439 opera
1065 406 1083 427 a
1104 394 1176 428 Deo
1197 406 1256 437 pa-

275 466 345 495 tre,
380 456 509 489 facere,
542 456 576 483 et
603 449 675 481 fieri
700 460 737 481 ea
767 447 840 490 ipso
865 447 1024 489 iuvante,
1059 445 1108 478 sic
1135 452 1167 478 et
1193 456 1256 477 nos

277 518 377 550 saepe
401 502 617 537 consolatur:
653 497 730 532 Non
754 498 951 542 relinquam
979 508 1039 529 vos
1067 493 1256 539 orphanos.

277 558 382 592 Item:
420 553 494 595 Ego
511 551 639 594 rogabo
665 556 817 594 patrem,
853 555 884 581 et
910 548 1018 580 alium
1043 547 1256 594 paracletum

276 608 374 641 dabit
407 604 524 641 vobis,
566 609 604 635 ut
635 606 774 633 maneat
796 599 976 631 vobiscum
1002 598 1036 629 in
1065 604 1258 636 aeternnm,

275 658 438 701 spiritum
457 652 622 687 veritatis.
676 650 761 683 Item
778 646 998 683 Mattli.10.:
1027 647 1177 680 Dabitur
1195 659 1257 678 vo—

279 710 332 742 lsis
352 709 389 741 in
410 704 496 739 hora
517 704 596 742 illa,
623 702 708 747 quid
734 699 943 744 loquamini:
981 698 1061 731 Non
1083 698 1176 730 enim
1199 707 1260 729 vos

277 760 379 799 estis,
408 757 467 802 qui
486 752 692 799 loquimini,
721 752 777 784 sed
797 750 940 794 spiritus
965 749 1072 793 patris
1099 754 1169 788 est,
1199 746 1260 791 qui

278 810 435 855 loquitur
454 807 489 838 in
508 805 617 837 vobis.
671 801 833 845 Denique
858 801 982 843 passim
1000 805 1189 831 occurrunt
1211 804 1259 830 te-

278 859 443 895 stimonia
467 858 510 889 de
533 854 662 888 auxilio
690 852 773 891 Dei,
815 863 901 895 quae
933 849 1132 881 meminisse
1157 849 1262 880 debe-

279 923 376 951 mus,
412 916 443 942 et
463 913 577 951 petere
602 912 639 937 ut
664 903 699 935 in
726 902 831 935 tantis
858 900 1020 943 periculis
1044 910 1206 941 regamur
1230 905 1263 931 et

279 962 506 996 adiuvemur,
533 956 619 988 sicut
639 953 789 986 subinde
807 951 958 983 cl.unant
980 947 1193 993 Prophetae,
1230 955 1263 981 et

281 1008 547 1053 2.Paralip.20.
560 1005 705 1037 dicitur:
732 1001 822 1035 Cum
841 1001 1043 1043 ignoramus
1060 1000 1145 1044 quid
1159 1011 1264 1041 agen-

283 1064 367 1096 dum
393 1061 456 1100 sit,
493 1057 612 1090 oculos
644 1060 782 1087 nostros
809 1053 852 1084 ad
875 1058 907 1084 te
931 1051 1127 1093 dirigimus.
1188 1049 1264 1082 lloc

280 1112 449 1146 auxilium
481 1120 552 1141 non
589 1111 716 1138 norant.
744 1100 1017 1141 Demosthenes,
1057 1100 1196 1140 Cicero,
1233 1106 1266 1132 et

283 1163 415 1196 similes
445 1160 706 1204 gubernatores.
774 1153 856 1186 ldeo
888 1154 1100 1195 franguntur
1128 1151 1267 1190 animis,

284 1221 316 1247 et
329 1214 470 1247 tandem
486 1209 644 1242 iudicant
658 1205 856 1247 fugiendam
875 1215 945 1236 esse
962 1215 1075 1236 rerum
1092 1203 1267 1244 guberna-

283 1266 436 1302 tionem,
459 1261 518 1294 sed
544 1270 607 1291 nos
626 1258 662 1289 in
681 1255 834 1290 Ecclesia
853 1255 1021 1293 sciamus,
1049 1265 1119 1285 non
1138 1253 1267 1284 frustra

283 1315 386 1348 nobis
404 1311 466 1346 has
483 1316 595 1344 tantas
612 1306 859 1351 promissiones
875 1305 1018 1337 traditas
1035 1315 1118 1337 esse.
1155 1302 1267 1336 Dein-

285 1368 326 1399 de
344 1367 386 1398 de
412 1363 506 1396 exitu
529 1372 589 1393 seu
613 1365 740 1391 eventu
763 1355 968 1397 colligamus
993 1354 1198 1392 sententias,
1226 1359 1265 1385 nt

284 1417 432 1449 sciamus
449 1413 585 1446 labores
602 1415 737 1441 nostros
757 1419 828 1439 non
847 1407 966 1438 inanes
982 1405 1066 1438 sore.
1102 1404 1192 1436 Psal.
1214 1404 1265 1436 1.:

286 1466 331 1500 Et
349 1466 413 1499 erit
431 1472 596 1507 tanquam
615 1460 719 1493 arbor
745 1458 896 1501 plantata
914 1457 955 1488 ad
976 1455 1070 1488 rivos
1086 1466 1269 1499 aquarum,

287 1529 376 1562 quae
407 1518 560 1548 fructum
591 1522 692 1544 suum
727 1508 825 1540 dabit
856 1508 892 1539 in
922 1514 1075 1550 tempore
1114 1517 1195 1544 suo,
1236 1512 1270 1537 et

287 1565 416 1602 Matth.
437 1565 509 1599 13.:
538 1562 610 1605 Qui
634 1572 713 1593 vero
741 1559 776 1590 in
803 1565 930 1591 terram
955 1557 1083 1589 bonam
1109 1555 1270 1594 seminat,

287 1620 441 1651 fructum
459 1615 581 1653 affert,
608 1618 640 1645 et
665 1610 747 1643 facit
773 1609 869 1641 aliud
893 1607 1097 1651 centuplum
1121 1613 1201 1645 etc.,
1238 1612 1271 1638 et

289 1672 326 1704 2.
344 1664 505 1701 Corinth.
524 1665 557 1697 3.
584 1663 626 1695 de
645 1659 856 1694 ministerio:
896 1657 1076 1691 Fiduciam
1104 1654 1272 1689 habemus

289 1721 395 1754 talem
415 1728 474 1760 per
492 1713 692 1750 Christum,
720 1722 792 1743 non
817 1710 908 1754 quod
932 1708 1141 1741 sufficientes
1165 1707 1272 1738 simus

291 1783 329 1805 ex·
346 1769 448 1802 nobis
469 1764 604 1810 aliquid
622 1762 790 1805 cogitare,
817 1767 983 1804 tanquam
1003 1770 1041 1790 ex
1059 1758 1160 1790 nobis
1179 1758 1273 1801 ipsis,

293 1822 350 1855 sed
370 1816 576 1852 sufficientia
595 1820 711 1846 nostra
724 1824 761 1844 ex
775 1811 847 1843 Deo
865 1818 926 1849 est,
953 1817 984 1842 et
998 1809 1124 1842 deinde
1140 1814 1272 1852 quanto

293 1870 402 1913 inagis
421 1867 486 1901 boc
503 1863 736 1899 ministerium
755 1862 820 1894 erit
838 1862 873 1893 in
891 1860 1019 1903 gloria,
1047 1860 1081 1892 id
1101 1866 1169 1897 est,
1197 1858 1273 1890 essi-

293 1934 373 1959 cax,
410 1918 579 1952 habentes
597 1915 699 1949 talem
726 1924 820 1956 spem
841 1923 963 1953 magna
989 1910 1113 1943 fiducia
1129 1910 1273 1946 utimur,

293 1972 387 2007 etad
404 1967 495 2003 Phil.
513 1969 565 2002 2:
594 1965 689 1999 Dens
711 1963 836 2007 estqui
854 1968 1018 2005 operatur
1034 1961 1071 1993 in
1093 1960 1210 2000 vobis,
1237 1965 1276 1991 ut

294 2022 408 2056 velitis
429 2027 462 2054 et
476 2017 676 2063 perficiatis,
704 2022 741 2048 ut
765 2014 881 2058 aliqua
903 2013 986 2045 fiant
1004 2011 1067 2055 ipsi
1087 2018 1201 2054 grata,
1239 2009 1275 2041 id

293 2082 362 2113 est,
390 2071 485 2106 Deus
501 2069 643 2102 adiuvat
667 2077 749 2105 nos,
784 2071 821 2097 ut
847 2064 901 2107 pia
926 2070 958 2096 et
982 2062 1145 2095 salutaria
1170 2060 1276 2093 facia-

295 2136 384 2157 mus.
445 2120 581 2154 Deinde
607 2117 709 2150 etiam
739 2115 880 2148 adiuvat
906 2125 968 2146 nos
996 2114 1032 2145 in
1057 2112 1211 2154 agendo,
1238 2110 1275 2142 in

299 2172 512 2209 ministerio,
548 2170 583 2201 in
602 2166 874 2210 gubernatione,
910 2164 945 2196 in
971 2163 1135 2195 omnibus
1158 2172 1276 2193 neces·

299 2226 397 2259 sariis
413 2221 628 2259 actionibus,
661 2217 811 2260 denique
838 2222 869 2247 et
894 2220 1036 2246 eventus
1058 2213 1227 2255 gubernet
1245 2217 1276 2244 et

299 2287 436 2309 cansam
450 2298 458 2311 ‚
484 2279 523 2305 nt
542 2271 624 2303 siant
644 2268 812 2313 quaedam
833 2266 895 2309 ipsi
914 2271 1026 2305 grata,
1054 2262 1152 2307 quasi
1170 2262 1276 2294 dicat:

297 2325 469 2359 Diabolus
485 2322 566 2354 odio
585 2320 647 2352 Dei
668 2318 805 2359 instigat
822 2328 881 2349 sna
900 2327 1040 2356 organa,
1068 2320 1105 2346 ut
1126 2313 1276 2356 plurima

299 2377 427 2410 faciant
460 2371 678 2406 horribiliter
700 2367 919 2415 displicentia
948 2365 1039 2403 Deo,
1080 2364 1162 2396 serit
1188 2363 1279 2395 blas-

300 2425 472 2471 phemias,
498 2423 643 2465 impellit
661 2421 701 2453 ad
720 2419 880 2460 fingenda
900 2417 992 2449 idola
1007 2443 1014 2455 ‚
1041 2416 1083 2447 ad
1108 2414 1279 2446 movenda

301 2477 391 2510 bella
410 2474 566 2507 inutilia,
595 2472 635 2503 ad
654 2471 840 2502 laxandum
868 2469 1005 2500 frenum
1032 2464 1211 2506 flagitiosis
1238 2463 1280 2495 li-

301 2526 500 2561 bidinibns.
553 2521 618 2554 llis
642 2520 820 2552 furoribus
845 2516 1146 2551 vehementissime
1169 2514 1281 2547 ossen-

303 2579 399 2610 ditur
425 2582 456 2607 et
482 2573 640 2606 irritatur
667 2571 782 2608 Deus,
824 2581 867 2602 ne
901 2568 1008 2611 igitur
1035 2573 1147 2600 totum
1173 2575 1282 2608 genus

302 2627 497 2661 humanum
517 2629 651 2655 tantuin
670 2622 710 2652 ad
731 2620 917 2664 perniciem
943 2624 1117 2656 nascatur,
1144 2628 1182 2649 ac
1204 2622 1282 2648 tan-

303 2687 376 2713 tum
396 2676 477 2711 odio
495 2674 599 2717 digna
617 2671 729 2709 faciat,
757 2670 828 2714 ipse
847 2670 882 2702 in
898 2668 1050 2703 Ecclesia
1067 2679 1126 2700 sua
1146 2666 1283 2711 aliquos

855 109 976 143 PlllL.
1006 107 1120 142 MEL.
1149 105 1356 142 SCRlPTA
1385 103 1684 142 EXEGETICA.

1282 524 1283 530 ,
1308 508 1432 540 genere
1458 496 1500 528 de
1532 502 1699 538 utroque,

2214 104 2289 141 224

1306 192 1467 232 adiuvat,
1494 198 1531 225 nt
1551 191 1632 224 fiant
1652 190 1762 224 multa
1780 189 1845 234 ipsi
1862 197 1977 233 grata,
2012 197 2045 225 et
2067 190 2171 224 nobis
2197 191 2291 224 salu-

1306 243 1412 283 taria,
1435 242 1616 280 videlicet,
1644 253 1722 274 cum
1742 249 1833 274 recte
1852 242 2016 281 docetur,
2045 254 2122 275 cum
2149 241 2186 274 fit
2210 253 2292 277 vera

1307 294 1480 327 invocatio
1503 292 1589 333 Dei,
1617 304 1694 325 cum
1716 292 1856 335 politiae
1870 298 1959 325 recte
1987 299 2110 335 regunt
2134 291 2293 335 discipli-

1307 356 1409 382 nam,
1447 356 1526 376 cnm
1550 354 1663 375 mores
1691 350 1773 376 sunt
1800 342 1847 386 pii
1877 349 1910 375 et
1944 343 2046 383 casti,
2081 349 2145 377 etc.
2197 341 2293 376 Con-

1308 396 1420 428 firmat
1441 406 1505 427 nos
1523 394 1564 427 de
1589 393 1773 426 eventibus
1799 400 1830 427 et
1854 392 1914 425 illa
1944 405 2027 425 vox:
2059 391 2292 436 Evangelinm

1307 452 1357 478 est
1375 445 1528 489 potentia
1547 443 1613 477 Dei
1632 444 1675 476 ad
1693 444 1838 477 salutem
1858 443 1956 477 omni
1975 443 2140 478 credenti.
2191 441 2237 476 Et
2256 443 2293 476 in

1754 495 1884 528 scilicet
1913 495 1954 526 de
1985 494 2114 526 anxilio
2141 499 2174 527 et
2197 493 2292 526 exitu

1309 547 1458 585 dicitur,
1497 548 1527 579 1.
1553 543 1717 581 Corinth.
1741 544 1814 579 15.:
1869 544 1988 578 Labor
2013 551 2127 578 vester
2148 555 2221 577 non
2246 549 2296 577 est

1310 598 1425 630 inanis
1441 597 1477 628 in
1493 596 1651 629 domino.

1362 677 1476 717 Venit
1499 690 1593 717 nox,
1628 689 1706 710 cum
1732 687 1833 710 nemo
1853 677 2005 724 operari
2024 681 2157 723 polest,
2186 674 2296 711 donec

1411 729 1449 763 in
1468 726 1605 762 mundo
1620 740 1700 761 sum
1712 755 1721 769 ,
1750 725 1819 760 lux
1835 740 1915 761 sum
1938 726 2081 764 mundi.

1386 796 1564 830 Posterior
1593 795 1766 830 sententia
1797 795 1949 828 declarat
1975 795 2145 839 priorem,
2185 795 2298 830 donec

1313 849 1349 881 in
1365 849 1500 880 mundo
1519 859 1614 888 snm,
1647 847 1707 880 lux
1732 858 1807 879 sum
1835 846 1977 886 mundi,
2003 846 2114 878 donec
2136 843 2299 880 Christus

1315 899 1489 943 praedicat
1512 898 1602 942 ipse,
1634 906 1666 931 et
1685 899 1797 930 donec
1815 909 1880 929 vox
1903 897 1977 930 eius
2000 903 2100 930 sonat
2123 896 2158 929 in
2187 896 2298 929 mini-

1314 949 1438 987 sterio,
1471 949 1530 981 lux
1556 955 1625 988 est,
1660 949 1694 980 id
1721 954 1790 987 est,
1825 945 1986 980 homines
2012 948 2190 980 donantur
2209 947 2299 988 luce,

1315 999 1493 1042 agnitione
1512 1010 1591 1031 vera
1610 999 1693 1038 Dei,
1729 998 1820 1030 veris
1845 998 2016 1037 cultibus,
2051 998 2123 1031 vita
2147 1005 2298 1032 aeterna.
2323 1030 2328 1033 .

1316 1050 1411 1083 Haec
1430 1061 1501 1081 non
1527 1050 1628 1082 aliter
1651 1049 1718 1082 nisi
1741 1060 1822 1081 voce
1850 1046 2033 1091 Evangelii
2055 1049 2212 1081 sonantis
2236 1060 2299 1092 per

1316 1099 1516 1140 Christum,
1553 1106 1613 1133 aut
1643 1099 1823 1132 ministros
1856 1099 2076 1141 contingunt.
2136 1098 2204 1132 Sed
2236 1098 2300 1132 ubi

1317 1150 1477 1185 Clu-istus
1506 1150 1621 1187 abest,
1665 1149 1700 1182 id
1728 1156 1796 1189 est,
1830 1160 1907 1181 cum
1928 1147 2160 1192 Evangelium
2185 1149 2300 1183 extin-

1317 1202 1453 1245 guitur,
1487 1207 1621 1234 tacente
1643 1197 1805 1239 Christo,
1842 1206 1873 1233 et
1899 1200 2094 1233 tacentibus
2115 1200 2299 1243 ministris,

1318 1264 1373 1285 eas
1390 1252 1550 1285 tenebras
1566 1248 1622 1283 bic
1641 1257 1741 1283 vocat
1758 1256 1893 1282 noctem
1906 1277 1915 1290 ,
1941 1256 2025 1283 tunc
2041 1262 2144 1283 nemo
2161 1250 2301 1294 operari

1319 1309 1447 1347 potest,
1475 1302 1658 1341 videlicet,
1686 1312 1789 1344 opera
1808 1301 1884 1333 Deo
1909 1300 2098 1344 placentia,
2133 1308 2166 1335 et
2189 1308 2302 1334 aeter-

1319 1365 1399 1386 nam
1425 1352 1531 1385 vitam
1563 1351 1750 1384 incoantia.
1810 1350 1854 1384 Ut
1887 1362 2009 1392 magna
2040 1351 2104 1384 suit
2131 1351 2301 1394 sapientia

1320 1404 1457 1437 Atticae
1489 1402 1638 1435 civitatis
1668 1408 1824 1445 tempore
1852 1400 2015 1441 Solonis,
2062 1408 2121 1435 aut
2146 1401 2303 1442 Periclis,

1319 1465 1442 1496 magna
1477 1453 1544 1486 fuit
1570 1451 1754 1486 Romanae
1785 1451 1954 1491 civitatis,
2002 1459 2158 1496 tempore
2188 1451 2303 1493 Fabii,

1320 1504 1516 1548 Scipionis,
1551 1502 1681 1543 Laelii,
1712 1508 1744 1535 et
1766 1501 1935 1534 similium
1965 1513 2184 1535 summorum
2207 1502 2304 1535 viro-

1321 1567 1409 1589 rum,
1462 1553 1528 1587 Sed
1550 1553 1633 1596 quid
1653 1559 1701 1585 est
1719 1553 1882 1585 universa
1900 1553 2087 1596 sapientia,
2113 1553 2188 1586 sine
2202 1553 2301 1596 agni-

1321 1606 1416 1638 tione
1440 1616 1518 1636 vera
1537 1603 1621 1646 Dei,
1656 1602 1927 1635 deliberationes
1950 1609 2033 1636 sunt
2050 1604 2092 1635 de
2117 1604 2221 1636 rebus
2245 1616 2302 1636 ca-

1322 1655 1430 1689 ducis.
1469 1653 1515 1687 Et
1532 1660 1648 1686 errant
1666 1654 1774 1686 animi
1791 1653 2054 1696 multipliciter,
2080 1665 2158 1685 cum
2178 1665 2301 1686 verum

1322 1715 1354 1740 et
1371 1713 1550 1739 aeternum
1575 1705 1678 1736 finem
1706 1716 1777 1735 non
1805 1703 2041 1746 prospiciunt,
2075 1714 2147 1735 non
2170 1709 2305 1737 norunt

1325 1758 1457 1796 Deum,
1486 1766 1558 1787 non
1576 1760 1698 1797 petunt
1723 1754 1766 1786 ab
1790 1765 1829 1786 eo
1854 1754 2039 1786 consilium
2065 1760 2097 1786 et
2122 1753 2304 1792 auxilium,

1323 1820 1395 1840 non
1413 1807 1533 1838 vident
1551 1816 1688 1844 causas,
1712 1816 1775 1837 cur
1788 1804 1933 1850 imperia
1961 1804 2203 1837 constituenda
2221 1805 2303 1843 sint,

1324 1871 1394 1891 non
1417 1863 1550 1889 norunt
1568 1856 1664 1887 illam
1681 1855 1849 1888 iusticiam
1862 1881 1871 1894 ‚
1899 1867 1986 1898 quae
2005 1855 2105 1888 affert
2122 1855 2227 1888 vitam
2246 1867 2304 1888 ae-

1327 1917 1483 1945 ternam,
1519 1913 1553 1939 et
1576 1906 1656 1950 quia
1681 1912 1761 1938 sunt
1786 1905 1929 1938 subiecti
1956 1905 2136 1950 tyrannidi
2160 1906 2305 1947 diaboli,

1326 1958 1558 2002 impelluntur
1577 1954 1813 1995 horribiliter,
1840 1962 1878 1988 ut
1898 1956 2039 1988 turbent
2056 1955 2212 1999 Respub.
2229 1968 2305 1990 ma-

1325 2010 1367 2042 lis
1394 2007 1567 2047 consiliis,
1609 2013 1642 2040 et
1667 2007 1703 2038 in
1732 2006 1865 2049 privata
1899 2006 1969 2039 vita
2002 2006 2240 2040 contaminent
2269 2018 2306 2040 se

1328 2059 1447 2092 multis
1463 2057 1597 2101 magnis
1623 2057 1829 2095 sceleribm,
1863 2064 1899 2089 ut
1916 2054 2190 2097 Themistocles,
2218 2055 2306 2090 Ale-

1325 2111 1476 2149 xander,
1503 2116 1535 2142 et
1550 2107 1608 2140 alii
1626 2107 1920 2147 innumerabiles,
1948 2119 2148 2151 quanquam
2166 2108 2306 2151 sapien-

1326 2161 1372 2193 tia
1400 2167 1432 2193 et
1456 2159 1582 2191 virtute
1606 2158 1863 2198 excelluerunt,
1902 2164 2018 2190 tamen
2045 2163 2120 2201 post
2144 2158 2307 2193 victorias

1327 2212 1427 2244 valde
1450 2222 1467 2242 a
1495 2209 1616 2252 seipsis
1641 2209 1914 2250 degenerarunt,
1949 2215 1981 2241 et
2007 2207 2141 2250 magnis
2168 2208 2308 2242 sceleri-

1328 2263 1391 2294 bus
1409 2262 1513 2293 decus
1531 2266 1629 2292 antea
1655 2266 1791 2302 partum
1816 2259 2112 2293 deformaverunt.
2165 2258 2211 2293 Ut
2228 2270 2308 2302 ergo

1328 2325 1393 2345 nox
1414 2318 1486 2344 erat
1502 2311 1593 2354 apud
1611 2316 1728 2352 gentes
1749 2310 1885 2352 ignaras
1903 2308 1971 2341 Dei
1996 2315 2069 2343 toto
2093 2310 2177 2343 orbe
2201 2316 2311 2344 terra-

1329 2375 1426 2396 rum:
1463 2361 1510 2394 sic
1536 2359 1697 2394 Christus
1719 2360 1911 2392 vaticinans
1935 2360 1978 2392 de
1999 2360 2126 2393 futuris
2148 2360 2310 2403 miseriis,

1329 2413 1498 2455 significat
1519 2423 1637 2444 rursus
1655 2417 1836 2442 venturam
1861 2417 2019 2448 noctem,
2053 2410 2087 2442 id
2115 2417 2184 2454 est,
2220 2418 2308 2445 tem-

1330 2476 1395 2511 pus
1416 2476 1486 2507 quo
1505 2463 1571 2495 late
1589 2461 1810 2504 extinguetur
1829 2461 1887 2493 lux
1903 2458 2107 2504 Evangelii,
2132 2468 2169 2494 nt
2191 2463 2308 2496 statim

1331 2516 1366 2547 in
1389 2514 1517 2557 populo
1539 2512 1680 2546 Iudaico
1704 2524 1772 2544 nox
1795 2517 1909 2544 secuta
1929 2518 1996 2551 est,
2022 2518 2055 2544 et
2073 2511 2236 2556 deinceps
2252 2525 2310 2546 or-

1332 2565 1374 2599 tis
1393 2563 1612 2605 haeresibus,
1647 2568 1679 2595 et
1702 2568 1818 2605 postea
1841 2568 1921 2595 nata
1943 2561 2016 2605 lege
2030 2559 2244 2603 Mahometi,
2272 2575 2311 2596 ac

1332 2615 1460 2649 deinde
1478 2613 1667 2647 constituto
1685 2623 1791 2655 regno
1810 2611 1980 2650 Turcico‚
2005 2613 2099 2657 quod
2125 2613 2186 2646 etsi
2211 2613 2312 2649 floret

1332 2665 1501 2710 sapientia
1535 2664 1574 2697 in
1603 2662 1906 2697 administratione
1939 2662 2079 2707 imperii
2108 2670 2142 2697 et
2172 2664 2311 2709 opibuS,
