2415 2942
250 117 321 151 519
836 104 963 139 pun„
991 104 1107 140 MEL.
1135 105 1342 142 somPTA
1368 104 1668 142 ExEGETmA.
2186 109 2261 145 620

348 199 445 233 Haec
466 193 705 237 interpretatio
729 191 841 224 aliena
867 198 951 224 esta
968 189 1069 223 Pauli
1089 199 1229 226 senten-

245 252 290 285 tia
303 278 310 291 ,
337 258 367 283 et
388 246 598 282 conscientia
616 249 839 282 everteretur,
856 241 884 274 si
901 241 950 274 sic
967 242 1135 276 iudicaret
1151 255 1230 286 spe—

247 303 396 335 randum
416 310 486 330 esse
505 303 646 340 propter
663 293 838 326 nwrinnn.
893 291 1008 326 fieret
1027 293 1119 325 enim
1145 306 1229 327 con-

247 350 427 385 ditiontlis
453 355 484 380 et
517 350 647 378 incerta
682 343 889 386 promissio:
926 343 1005 376 Non
1041 344 1148 386 igitur
1182 353 1231 378 est

248 414 349 436 causa
366 400 438 442 spei
460 405 576 430 nostra
596 395 763 440 qualitas,
785 395 843 426 sed
861 393 1041 426 sciendum
1059 403 1128 436 est,
1149 409 1230 428 cau-

248 464 320 487 sam
354 451 425 493 spei
463 460 534 480 esst·
570 445 839 490 promissionem
883 445 1100 489 gratuitam,
1144 459 1232 491 quae

247 502 401 537 ostendit
431 499 638 532 beneficium
664 494 818 533 Christi,
856 503 890 528 et
919 496 1143 529 dilectionem
1168 497 1232 530 Dei

249 565 327 596 erga
345 563 408 584 nos
426 556 570 594 propter
587 546 785 586 Christum,
813 558 918 590 quare
942 548 1158 590 repudianda
1184 556 1233 582 est

251 600 503 638 monachorum
523 598 774 642 interpretatio.

352 652 535 687 Caeterum
554 649 675 694 siquis
693 649 740 680 sic
764 655 908 687 attexat,
941 647 1027 690 Spes
1052 661 1122 681 non
1149 661 1233 681 con-

251 705 388 745 fundit,
419 703 499 747 qnia
529 699 696 733 habemus
722 699 927 731 arrabonem
957 698 1129 742 Spiritum
1154 710 1236 730 san-

251 764 356 790 ctum.
401 753 481 787 Non
499 752 659 794 displicet
674 748 758 782 mihi
777 749 964 788 connexio,
997 757 1116 793 estque
1142 750 1238 782 locus

253 808 296 840 ab
315 806 439 839 ordine
466 804 625 835 etl'ectnm
654 799 914 843 promissionis,
942 807 976 832 et
1003 812 1021 832 a
1052 812 1152 832 causa
1176 801 1237 832 ad-

253 859 415 891 iuvante,
449 854 545 898 qnasi
565 852 674 884 dicat:
715 849 788 883 Iam
808 847 976 882 hahemus
1002 850 1236 883 incoationem

254 916 287 941 et
307 905 477 951 primitias
499 904 588 935 vitae
614 909 790 939 aeternae,
818 900 948 933 scilicet
966 900 1138 944 Spiritum
1158 913 1238 934 san-

255 966 367 992 ctum,
403 955 548 999 quinos
577 952 681 985 etiarn
716 951 917 984 consolatur
949 958 981 984 et
1012 952 1173 993 adiuvat,
1205 959 1237 985 et

255 1016 303 1043 est
322 1008 447 1051 pignus
466 1006 602 1037 futurae
619 1002 896 1044 glorificationis.

359 1058 425 1091 Sed
452 1054 508 1088 hic
529 1054 710 1087 sciendum
737 1059 804 1092 est,
839 1053 933 1097 qnod
956 1059 1071 1085 tamen
1096 1065 1167 1085 non
1194 1053 1237 1086 sit

257 1108 474 1152 inspicienda
505 1112 623 1138 nostra
659 1104 828 1148 qualitas,
871 1104 929 1135 sed
958 1106 1158 1147 quaerenda
1189 1110 1237 1137 est

257 1159 450 1194 consolatio
478 1157 514 1188 in
542 1156 659 1188 verbo.
725 1153 813 1186 Nam
839 1153 992 1198 Spiritus
1021 1162 1160 1188 sanctus
1192 1154 1238 1187 ita

258 1214 399 1244 demum
430 1216 479 1241 est
506 1207 623 1240 efficax
653 1217 712 1248 per
737 1205 880 1237 verbum
898 1230 909 1248 ‚
949 1217 1020 1237 non
1048 1205 1240 1249 praecurrit

259 1262 421 1294 verbnm.
489 1257 609 1301 ltaque
630 1256 677 1288 sic
705 1256 819 1295 adest,
852 1256 900 1288 sie
924 1256 1067 1289 adiuvat
1091 1269 1174 1294 nos,
1203 1263 1241 1289 ut

259 1309 564 1357 apprehendamus
587 1306 810 1339 dilectionem
829 1305 916 1345 Dei,
941 1319 1019 1339 cum
1047 1308 1153 1340 verbo
1178 1318 1242 1339 nos

260 1369 506 1396 sustentamus.
559 1357 652 1390 Haec
671 1357 910 1399 interpretatio
929 1368 1008 1390 cum
1029 1357 1139 1401 prima
1158 1369 1243 1390 con-

262 1414 364 1457 gruit.
419 1409 482 1445 Est
502 1409 594 1442 enim
615 1408 804 1440 sententia:
838 1407 924 1451 Spes
948 1420 1019 1441 non
1045 1408 1242 1448 confundit,

261 1465 344 1510 quia
371 1475 448 1496 cum
473 1457 770 1504 apprehendimus
793 1459 958 1498 verbnm,
985 1458 1139 1503 Spiritus
1163 1471 1245 1492 san-

262 1523 336 1549 ctus
353 1513 458 1546 simul
481 1518 530 1545 est
548 1511 663 1543 efficax
683 1517 714 1542 et
733 1510 876 1542 adiuvat
896 1521 980 1552 nos,
1009 1516 1047 1543 nt
1072 1510 1107 1542 in
1137 1510 1243 1542 verbo

262 1563 566 1610 apprehendamus
596 1560 820 1593 dilectionem
849 1558 914 1592 Dei
938 1572 1016 1603 erga
1044 1572 1121 1593 nos,
1175 1559 1242 1593 Sed

263 1616 403 1660 planius
434 1620 545 1657 potest
578 1612 626 1644 sic
657 1611 759 1644 attexi
778 1637 786 1650 ‚
828 1609 913 1654 Spes
948 1623 1019 1643 non
1048 1610 1246 1650 confundit,

263 1667 344 1711 quia
366 1665 459 1698 Dens
487 1663 603 1705 diligit
628 1673 708 1699 nos,
737 1669 768 1694 et
793 1658 858 1693 hoc
882 1661 949 1693 iam
967 1659 1247 1705 apprehendistis

264 1729 325 1762 pet
351 1715 523 1760 Spiritum
543 1720 699 1746 sanctum
721 1739 730 1751 ‚
772 1723 833 1744 vos
858 1719 951 1745 certo
976 1712 1128 1745 statuitis
1152 1712 1246 1756 quod

264 1768 387 1810 diligat
406 1778 486 1805 vos,
514 1776 594 1807 ergo
613 1770 746 1807 sperate
769 1774 848 1795 eum
868 1762 967 1795 vobis
984 1763 1249 1796 benefacturum

265 1830 348 1851 esse.
400 1815 447 1850 Et
467 1823 516 1849 est
533 1816 628 1848 locus
645 1826 683 1846 ex
701 1813 832 1855 causis,
861 1814 943 1858 quia
967 1813 1053 1846 scire
1078 1814 1172 1859 quod
1194 1813 1250 1847 di-

265 1869 361 1913 ligit,
389 1875 439 1901 est
457 1877 558 1899 causa
580 1864 756 1908 sperandi.

366 1924 462 1959 Ilaec
495 1924 666 1957 sententia
701 1934 821 1956 rursus
856 1930 993 1962 monet,
1036 1923 1132 1968 qnod
1166 1924 1251 1957 fides

266 1977 436 2021 significet
460 1975 622 2008 fiduciam
646 1974 925 2015 misericordiae,
951 1975 1033 2019 quia
1050 1974 1180 2007 Paulus
1204 1975 1250 2007 ita

267 2029 403 2074 inquit:
433 2025 500 2059 Per
513 2025 686 2068 Spiritum
705 2031 863 2058 sanctum
890 2023 1171 2069 apprehendIstis
1194 2025 1250 2057 di-

265 2079 456 2113 lectionem
483 2075 569 2116 Dei,
606 2075 643 2108 id
673 2082 741 2116 est,
779 2076 872 2119 quod
900 2074 995 2109 Deus
1020 2076 1145 2118 diligat
1178 2086 1252 2114 vos,

267 2129 363 2173 Ergo
390 2129 474 2161 fides
508 2134 558 2160 est
587 2126 732 2164 fiducia,
775 2126 867 2170 quod
891 2124 987 2159 Deus
1017 2126 1141 2168 diligat
1176 2137 1253 2166 nos,

268 2182 353 2214 fides
370 2186 420 2212 est
437 2178 526 2210 illud
542 2173 817 2221 apprehendere.
848 2174 933 2208 Item
951 2173 1254 2217 monethiclocus‚

269 2231 364 2276 quod
388 2241 459 2262 non
485 2234 575 2261 recte
603 2228 751 2260 doceant
777 2223 833 2267 hi,
860 2227 922 2270 qui
945 2228 1068 2261 iubent
1092 2226 1254 2260 dubitare

271 2283 314 2315 de
330 2280 535 2314 remissione
553 2284 784 2323 peccatorum.

315 2394 488 2433 Christus
506 2396 621 2440 enim,
649 2407 727 2429 cum
744 2405 900 2428 essemus
917 2389 1040 2427 adhuc
1057 2392 1206 2440 infirmi.

375 2473 541 2517 Sequitur
565 2471 808 2516 amplificatio,
834 2481 924 2516 quae
951 2471 1083 2513 colligit
1108 2472 1206 2515 signa
1224 2479 1256 2506 et

273 2524 492 2560 testimonia.
519 2524 613 2565 quod
634 2521 730 2555 Deus
757 2522 879 2565 diligat
904 2532 986 2561 nos,
1009 2522 1142 2556 scilicet
1167 2523 1255 2556 illud

274 2586 449 2609 summum
486 2572 691 2605 beneficium
726 2580 758 2606 et
791 2572 986 2612 ineffabile,
1028 2574 1122 2616 quod
1159 2574 1258 2607 dedit

274 2626 387 2659 filium
408 2636 469 2668 pro
486 2622 588 2656 nobis
600 2649 608 2662 ‚
635 2629 667 2655 et
683 2623 824 2666 quidem
843 2623 954 2655 voluit
971 2620 1037 2655 hoc
1054 2623 1168 2666 ipsum
1186 2636 1258 2658 esse

276 2683 408 2710 certum
426 2675 553 2719 pignus
571 2683 670 2706 verae
688 2680 720 2705 et
736 2672 966 2706 immutabilis
985 2674 1194 2709 dilectionis.

1470 190 1512 227 V
1509 190 1551 225 ι’.ι·
1563 203 1631 239 pro
1648 190 1743 225 iusto
1763 190 1903 241 aliquis
1920 194 2086 231 moritur.

1382 259 1489 293 Ilnnc
1514 271 1667 292 amorem
1692 260 1880 303 amplificat
1911 261 2043 307 duplici
2067 261 2268 298 collatione.

1285 309 1350 344 Vix
1376 323 1438 355 pro
1465 311 1554 343 iusta
1577 322 1613 343 re
1640 310 1768 354 aliquis
1794 311 1965 352 moritur,
2002 313 2034 346 id
2059 319 2127 353 est,
2163 313 2266 345 etiam

1283 374 1363 394 cum
1378 362 1546 394 debemus
1562 361 1670 399 mori,
1698 368 1814 393 tamen
1829 362 1932 395 inviti
1952 363 2149 406 oppetimus
2173 375 2267 396 mor-

1283 419 1366 446 tem.
1420 410 1467 445 Ut
1484 411 1541 444 sur
1559 411 1690 445 invitus
1707 412 1876 451 moritur,
1905 412 2038 446 etiamsi
2057 414 2158 447 debet
2175 426 2269 446 rnor-

1285 470 1353 495 tem
1371 463 1517 509 legibus,
1552 462 1713 505 Intellige
1731 462 1838 504 igitur
1855 463 1959 497 verba
1971 462 2070 497 Pauli
2087 475 2149 508 pso
2167 464 2269 505 iusto,

1286 514 1321 547 id
1339 520 1408 555 est,
1433 525 1470 546 re
1489 513 1578 547 iusta
1592 540 1600 554 ,
1627 525 1687 547 seu
1703 514 1833 550 debito.

1491 603 1565 639 Pro
1583 605 1677 640 bono
1693 605 1793 640 ausit
1809 603 1950 654 aliquis
1966 606 2072 642 mori.

1386 674 1507 707 Altera
1535 675 1676 709 collatio
1701 682 1767 715 est,
1802 688 1865 718 pro
1896 675 1990 708 bono
2022 675 2114 708 ausit
2144 675 2271 720 aliquis

1288 724 1399 766 mori,
1428 725 1460 757 id
1489 733 1558 764 est,
1588 737 1650 769 pro
1681 726 1772 758 bona
1801 733 1832 759 et
1857 726 1954 759 suavi
1978 737 2032 765 re,
2061 725 2095 758 id
2117 733 2186 763 est,
2216 727 2272 758 in-

1288 776 1383 809 citati
1409 775 1623 819 cupiditate,
1660 783 1719 809 aut
1746 776 1915 820 opinione
1943 776 2106 810 utilitatis
2133 776 2271 810 facilins

1288 826 1496 870 suscipimus
1521 827 1691 870 pericula:
1720 834 1775 867 ut,
1802 829 1844 860 ad
1877 827 2117 860 defensionem
2148 827 2272 860 coniu-

1289 877 1361 920 gis,
1389 877 1601 919 liberorum,
1626 885 1686 911 aut
1703 878 1899 921 dignitatis,
1927 879 1981 910 vir
2000 878 2099 911 sortis
2124 886 2271 911 mortem

1289 928 1440 971 oppetit,
1465 934 1527 962 etc.

1390 977 1441 1010 Ex
1459 975 1513 1011 his
1529 978 1665 1011 duabus
1683 978 1984 1022 propositionibus
1999 984 2275 1022 argumentatur,

1290 1034 1322 1061 et
1336 1028 1521 1071 amplificat
1540 1028 1763 1061 dilectionem
1775 1028 1836 1061 Dei
1853 1037 1885 1062 et
1897 1027 2037 1069 Christi,
2052 1042 2070 1062 a
2087 1029 2274 1062 collatione

1290 1090 1483 1111 causarum.
1510 1078 1549 1113 Si
1566 1080 1644 1123 quis
1662 1080 1844 1120 benefacit,
1862 1080 2062 1123 praesertim
2080 1080 2185 1114 vitam
2207 1080 2276 1111 im-

1292 1129 1459 1173 pendens,
1487 1141 1564 1162 cum
1585 1141 1698 1174 neque
1717 1130 1830 1170 debet,
1852 1142 1965 1175 neque
1980 1136 2141 1164 movetur
2157 1130 2276 1175 aliqua

1291 1191 1350 1212 sua
1369 1179 1577 1224 cupiditate,
1603 1178 1696 1213 linnc
1713 1192 1849 1213 necesse
1867 1188 1916 1214 est
1939 1181 2066 1214 adduci
2091 1192 2214 1224 magna
2241 1181 2275 1213 vi

1291 1231 1430 1263 amoris.
1484 1230 1594 1272 Quia,
1622 1231 1726 1263 etiam
1751 1232 1811 1274 qui
1834 1232 1963 1264 debent
1982 1242 2111 1274 poenas
2130 1232 2276 1274 legibus,

1292 1281 1394 1314 inviti
1420 1282 1640 1325 moriuntur,
1676 1289 1708 1315 et
1738 1282 1823 1322 alii,
1857 1282 1884 1315 si
1911 1281 1970 1327 qui
1997 1290 2143 1315 mortem
2169 1294 2276 1326 oppe-

1291 1339 1369 1365 tunt
1383 1359 1391 1371 ,
1421 1339 1607 1364 moventur
1625 1332 1742 1376 aliqua
1760 1333 1928 1376 opinione
1945 1332 2117 1367 utilitatis,
2169 1331 2277 1366 Chri-

1292 1389 1364 1415 stus
1385 1394 1448 1426 pro
1467 1382 1569 1415 nobis
1587 1390 1747 1416 mortuus
1763 1390 1832 1423 est,
1860 1395 1938 1415 cum
1961 1383 2064 1415 nobis
2081 1394 2152 1415 non
2170 1384 2277 1416 debe-

1294 1440 1363 1473 ret,
1394 1444 1507 1477 neque
1530 1433 1646 1477 aliqua
1673 1445 1733 1466 sua
1758 1433 1911 1467 utilitate
1938 1439 2158 1466 moveretur:
2195 1444 2276 1476 ergo

1295 1495 1430 1516 necesse
1454 1490 1503 1516 est
1520 1484 1696 1526 ingentem
1713 1490 1745 1517 et
1764 1483 1977 1517 ineffabilem
1996 1484 2066 1516 vim
2083 1495 2156 1517 esse
2180 1496 2277 1518 amo-

1295 1534 1341 1567 ris
1364 1545 1443 1577 erga
1469 1545 1544 1567 nos.

1346 1621 1587 1660 Commendat
1608 1631 1728 1660 autem
1748 1626 1852 1661 nobis
1870 1625 2096 1661 clt'lectionem
2114 1626 2230 1663 Deus.

1399 1693 1524 1727 Postea
1540 1694 1730 1738 amplificat
1755 1707 1793 1728 ex
1809 1694 1965 1729 minore:
1995 1695 2033 1729 Si
2057 1707 2118 1738 pro
2143 1695 2282 1731 iniustis

1299 1752 1457 1778 mortuus
1482 1752 1550 1785 est,
1578 1753 1710 1790 quanto
1738 1746 1846 1788 magis
1863 1746 1972 1779 iustos
1991 1746 2151 1780 salvabit.
2202 1746 2282 1781 Est-

1300 1808 1367 1839 que
1385 1796 1578 1829 consolatio
1596 1797 1786 1829 necessaria
1806 1795 1870 1836 his,
1897 1796 1957 1841 qui
1975 1809 2053 1830 cum
2067 1797 2137 1831 sint
2153 1799 2282 1832 sancti-

1301 1846 1414 1887 ficati,
1451 1853 1568 1880 tamen
1597 1847 1719 1880 vident
1743 1859 1778 1880 se
1809 1845 1924 1880 adhuc
1955 1845 2083 1880 habere
2116 1848 2282 1889 reliquias

1303 1896 1453 1942 peccati,
1480 1903 1513 1930 et
1531 1898 1701 1931 obnoxios
1719 1909 1790 1931 esse
1807 1898 2000 1930 terroribus
2023 1904 2056 1931 et
2081 1899 2283 1941 pavoribus.

1306 1947 1390 1981 Item
1410 1947 1568 1990 immergi
1585 1948 1785 1991 asperrimis
1801 1954 1834 1981 et
1851 1945 2084 1981 horribilibus
2102 1949 2284 1983 calamita-

1304 1999 1397 2031 tibus
1414 2004 1446 2030 et
1463 1997 1641 2031 luctantur
1660 2011 1736 2032 cum
1753 1998 1948 2032 diffidentia
1964 1999 2206 2042 desperatione
2220 2007 2283 2036 etc.

1305 2048 1372 2082 Hic
1399 2046 1530 2081 habent
1562 2060 1649 2094 opus
1681 2047 1744 2082 hac
1777 2048 1936 2082 doctrina
1965 2055 1998 2083 et
2031 2049 2285 2085 consolatione:

1307 2098 1413 2142 Quod
1438 2110 1638 2143 quanquam
1664 2100 1734 2133 sint
1763 2099 1919 2142 indigni,
1945 2100 2141 2138 immundi,
2168 2107 2285 2136 tamen

1307 2151 1465 2194 placeant
1483 2149 1549 2182 fide
1565 2150 1671 2193 gratis
1690 2158 1831 2193 propter
1849 2148 2030 2184 Christum
2045 2177 2054 2192 ,
2077 2150 2164 2184 sicut
2181 2163 2284 2194 supra

1308 2201 1397 2234 dixi:
1429 2199 1608 2233 iustificati
1627 2201 1693 2234 fide
1713 2213 1829 2244 pacem
1847 2198 2028 2235 habemus.
2082 2199 2184 2234 Item:
2211 2202 2286 2236 Ha-

1308 2252 1431 2284 bemus
1457 2262 1631 2285 accessum
1665 2252 1733 2285 fide
1765 2252 1802 2284 in
1825 2251 1972 2295 gratiam
2001 2249 2109 2291 hanc,
2157 2251 2193 2283 in
2218 2265 2288 2297 qua

1309 2309 1450 2335 stamus.
1505 2300 1608 2335 ltem:
1637 2302 1741 2335 Tunc
1757 2314 1852 2336 mors
1875 2309 1908 2336 et
1931 2301 2136 2335 resurrectio
2154 2300 2288 2338 Christi

1309 2359 1389 2386 sunt
1407 2352 1551 2397 pignus,
1579 2354 1672 2398 quod
1690 2354 1788 2387 Deus
1805 2352 1889 2386 velit
1904 2362 1962 2385 eos
1978 2351 2139 2386 liberare.

1347 2456 1563 2494 Gloriantes
1586 2458 1624 2493 in
1652 2458 1750 2498 Deo,
1777 2469 1839 2505 per
1859 2455 2065 2491 Dominum
2088 2463 2250 2494 nostrum

1734 2507 1869 2545 Iesum.

1413 2575 1592 2619 Singulari
1609 2575 1756 2609 consilio
1773 2582 1805 2609 et
1823 2573 1979 2619 emphasi
1997 2576 2128 2610 adiecta
2146 2583 2195 2611 est
2211 2589 2290 2622 par-

1312 2627 1436 2660 ticula:
1466 2625 1668 2660 Gloriantes
1687 2627 1723 2660 in
1738 2626 1813 2661 Deo
1837 2638 1901 2672 per
1918 2626 2111 2660 Dominum
2134 2635 2292 2662 nostrum

1320 2677 1436 2711 lesum
1458 2675 1651 2713 Christum.
1711 2676 1841 2711 lterum
1864 2677 1958 2710 enim
1984 2677 2137 2712 inculcat
2160 2679 2294 2713 doctri-

2381 886 2389 951 ν...»

2392 1570 2393 1579 ⁴
2388 1375 2398 1556 quur—*un
2388 1327 2396 1369 1¹⁷-
2386 1200 2394 1321 --—-e·-··-
2392 1179 2393 1182 „
