2415 2942
219 85 315 122 1545
809 71 935 107 I‘lllL.
964 69 1078 104 'MEL-
1106 68 1313 104 SCRIPTA
1342 64 1646 102 EXEGETICA.
2154 62 2252 98 1344

224 184 292 206 mr.
349 168 434 201 Vult
452 166 542 201 enim
561 162 655 197 Deus
677 161 710 193 iu
737 171 862 201 genere
889 155 1044 190 humano
1069 155 1209 198 agnosci
1235 196 1237 207 ,
1262 153 1431 191 visibilis,
1468 159 1501 187 et
1526 151 1698 196 praesidia
1723 152 1915 185 necessaria
1941 153 1981 185 ad
2009 150 2249 186 defensionem

227 226 337 258 lilium
351 249 358 259 ,
393 219 481 252 sicut
501 215 617 259 inquit
634 213 675 245 ad
697 222 817 243 omues
835 215 971 252 gentes,
1003 207 1139 240 Psalmo
1159 207 1211 240 2:
1236 218 1237 223 ¹
1262 205 1372 249 regis,
1399 205 1534 248 legum,
1562 203 1777 237 iudiciorum
1797 209 1830 236 et
1850 205 1991 247 populi,
2019 210 2052 237 et
2069 214 2128 235 rex
2148 200 2253 234 habet

230 269 451 309 osculamini
476 267 599 300 filium.
648 263 730 296 Ideo
753 261 827 294 vult
852 258 1042 293 Ecclesiam
1072 264 1105 290 et
1130 269 1214 289 cou-
1237 256 1239 282 ’-
1265 263 1467 301 potestatem
1501 255 1586 298 legis
1611 254 1746 298 aliquas
1781 255 1974 291 condendi,
2016 262 2048 287 et
2073 254 2254 296 ambiguas

232 325 317 359 soici
343 330 374 355 et
404 317 562 352 exaudiri
587 321 770 348 sonantem
800 310 1033 353 Evangelium
1062 311 1104 341 de
1129 308 1216 346 filio,
1239 339 1240 346 ,
1266 307 1531 351 interpretandi.
1587 304 1632 339 Et
1650 305 1739 338 valet
1764 305 2006 348 interpretatio
2031 313 2174 349 propter
2201 315 2255 336 re-

232 360 317 409 sicut
343 372 510 415 scriptum
527 374 576 400 est
593 365 731 400 Psalmo
753 363 827 398 18.:
856 362 895 395 In
920 373 1060 395 omnem
1087 366 1216 392 terram
1239 363 1242 400 ¹,
1267 360 1357 403 giam
1382 357 1617 391 autoritatem.

234 426 340 460 exixit
363 433 470 456 sonus
495 430 630 452 eorum.
1241 411 1243 432 ι

335 483 444 525 Saepe
470 487 584 512 autem
609 474 828 509 horribiliter
850 483 1013 516 oppressa
1041 478 1073 504 et
1095 470 1220 502 obscu-

237 545 307 570 rata
335 542 383 567 est
408 531 525 575 regnis
552 526 765 564 idolatricis‚
800 531 839 558 ut
862 522 986 556 Esaiae
1014 524 1043 554 1.
1076 521 1221 554 dicitur:

238 642 341 673 doma
360 635 439 669 facti
460 642 622 666 essemus.

240 791 412 830 Ecclesia,
439 794 476 821 ut
494 784 617 819 Esaiae
633 781 692 816 46,
717 780 862 813 dicitur:
899 777 1015 811 Etiam
1036 777 1070 809 in
1089 781 1224 808 senecta

241 843 382 887 gestabo
407 848 439 874 te
464 844 525 871 etc.
579 833 625 868 Et
651 831 774 866 Esaiae
797 827 875 862 59.:
923 827 999 861 Hoc
1025 834 1075 860 est
1105 826 1227 858 foedus

244 906 360 928 meum
387 903 465 924 cum
493 888 558 928 eis,

245 946 306 991 qui
325 950 371 977 est
392 943 427 974 in
447 947 498 980 te,
526 945 558 971 et
577 936 681 969 verba
700 945 773 965 mea
792 943 882 979 quae
903 931 1004 974 posui
1023 930 1058 962 iu
1077 940 1136 961 ore
1157 935 1230 966 tuo,

245 1009 318 1030 non
345 993 508 1027 recedent
526 990 570 1022 ab
587 999 647 1020 ore
666 992 745 1023 tuo,
771 991 803 1017 et
822 983 865 1015 ab
883 993 943 1014 ore
962 980 1104 1014 seminis
1123 979 1173 1012 tui
1192 978 1230 1010 in

246 1046 510 1090 sempiternum.
565 1039 672 1077 ltem,
699 1032 827 1069 Manli.
844 1034 925 1066 2&
953 1030 1029 1075 Ego
1049 1031 1230 1063 vobiscum

249 1111 325 1132 sum
358 1106 468 1140 usque
499 1092 541 1125 ad
574 1085 912 1122 consummationem
942 1083 1063 1116 seculi.
1117 1080 1163 1114 Et
1194 1080 1257 1112 ini

250 1147 409 1185 svmbolo
427 1143 584 1190 quotidie
610 1138 675 1174 hoc
695 1137 916 1182 profitemur:
944 1133 1060 1167 Credo
1077 1144 1148 1166 esse
1165 1130 1233 1164 Ec-

250 1188 388 1235 clesiam
406 1202 559 1230 sanctam
579 1188 799 1227 catholicam,
828 1187 944 1220 Credo
962 1186 1068 1228 igitur
1083 1183 1234 1228 promis-

252 1253 367 1285 siones
393 1246 568 1281 Ecclesiae
595 1241 739 1275 traditas
764 1239 878 1271 firmas
901 1249 990 1275 esse,
1036 1235 1152 1269 Credo
1181 1245 1236 1266 me

251 1300 407 1337 exaudiri
426 1305 455 1332 et
475 1295 583 1340 recipi
603 1294 695 1326 iuxta
715 1291 793 1324 illas
811 1288 1074 1334 promissiones.

353 1369 405 1403 Ac
422 1375 545 1407 magna
564 1358 757 1394 consolatio
775 1363 836 1395 est,
852 1356 944 1400 quod
964 1365 1102 1396 semper
1120 1352 1156 1384 in
1177 1351 1237 1385 tali

254 1429 353 1458 coetu
374 1423 575 1450 vocatorum
594 1417 674 1444 sunt
693 1408 801 1452 aliqui
821 1406 931 1443 electi,
951 1405 1031 1449 quia
1049 1416 1126 1436 cum
1147 1415 1237 1435 sem-

256 1486 318 1519 per
336 1472 379 1503 sit
398 1467 524 1512 aliquis
542 1472 709 1496 numerus
733 1460 941 1497 electorum,
969 1462 1001 1488 et
1018 1466 1090 1487 non
1109 1454 1151 1486 sit
1171 1452 1239 1485 nisi

257 1527 348 1558 inter
365 1525 522 1555 vocatos,
548 1522 587 1547 ut
608 1512 736 1545 Paulus
755 1508 871 1553 inquit
887 1506 1039 1541 Roman.
1057 1506 1106 1538 8.:
1141 1503 1240 1546 Quos

259 1574 361 1617 elegit
378 1570 442 1604 bos
458 1575 490 1602 et
506 1564 654 1599 vocavit.
701 1561 858 1594 Sciamus
873 1570 947 1590 non
964 1556 1051 1590 alibi
1069 1566 1242 1600 quaeren-

257 1630 320 1661 dos
346 1634 416 1656 esse
441 1621 567 1653 electos
593 1621 686 1647 extra
712 1618 848 1644 coetum
874 1615 1098 1646 vocatorum,
1142 1613 1174 1638 et
1197 1605 1241 1637 li-

260 1681 382 1713 benter
402 1684 465 1705 nos
482 1670 523 1702 ad
543 1666 637 1700 hunc
658 1670 794 1697 coetum
813 1670 1052 1703 aggregemus:
1082 1657 1162 1689 ideo
1187 1656 1242 1688 di-

485 1719 526 1753 In
553 1716 619 1751 hoc
635 1721 735 1749 coetu
752 1712 865 1746 Deum
889 1711 1061 1743 efficacem
1086 1720 1158 1741 esse
1184 1718 1244 1751 per

543 1769 592 1802 ibi
611 1767 704 1799 enim
721 1768 977 1798 convertuntur
994 1759 1105 1794 electi.

262 1737 355 1763 ctum
382 1731 451 1761 est,

262 1775 516 1814 ministerium,

367 1835 435 1870 Sed
462 1832 500 1864 in
525 1827 590 1862 hac
613 1826 683 1858 vita
714 1829 831 1856 manet
863 1819 948 1854 haec
975 1817 1248 1855 dissimilitudo,

265 1889 359 1938 quod
378 1883 475 1919 mixti
492 1886 574 1915 sunt
589 1876 706 1911 electis
726 1875 762 1907 in
783 1880 923 1906 externa
949 1870 1113 1903 societate
1137 1867 1248 1912 aliqui

266 1935 464 1976 nonelecti
482 1939 514 1966 et
541 1927 763 1976 hypocritae,
791 1923 852 1969 qui
880 1934 950 1955 non
976 1920 1249 1956 sanctificantur,

269 2001 310 2028 ut
331 1985 461 2025 Matth.
489 1983 546 2018 13.
573 1982 615 2014 de
636 1977 738 2012 bouis
764 1982 797 2009 et
820 1974 920 2007 malis
937 1972 1089 2016 piscibus
1108 1970 1248 2004 dicitur.

267 2037 500 2080 Removenda
523 2038 604 2067 sunt
632 2029 739 2072 igitur
765 2024 1077 2068 Anabaptistarum
1105 2021 1253 2061 somnia,

270 2095 332 2141 qui
350 2087 544 2127 Ecclesiam
570 2080 782 2116 constituere
807 2076 991 2115 volebant,
1017 2074 1053 2106 in
1079 2085 1147 2118 qua
1174 2079 1252 2105 tan-

270 2155 345 2181 tum
371 2139 483 2176 sancti
509 2140 633 2170 essent.

376 2199 423 2235 Et
440 2197 522 2244 quia
544 2195 587 2228 de
609 2188 743 2225 visibili
767 2192 864 2220 coetu
889 2183 1088 2229 loquimur,
1116 2189 1255 2216 externa

276 2257 375 2300 signa
392 2244 648 2285 consideranda
663 2246 763 2279 sunt,
797 2236 960 2270 videlicet
977 2234 1108 2279 puritas
1125 2233 1258 2266 doctri-

275 2319 361 2343 nae,
398 2309 431 2335 et
453 2297 630 2342 legitimus
652 2303 735 2326 usus
762 2288 1081 2323 Sacramentorum.

277 2360 362 2391 dum
380 2359 494 2387 autem
512 2355 545 2382 et
561 2353 702 2380 externa
720 2338 887 2374 miracula
905 2336 1000 2370 Deus
1019 2335 1127 2368 addit.

1144 2284 1258 2317 Inter-

378 2412 453 2448 Etsi
488 2415 603 2442 autem
635 2401 817 2448 loquimur
845 2399 887 2431 de
918 2395 1052 2428 visibili
1084 2393 1260 2432 Ecclesia,

278 2476 396 2502 tamen
428 2457 638 2496 removenda
667 2460 718 2486 est
743 2448 946 2493 imaginatio
981 2453 1013 2480 et
1041 2443 1260 2490 κακοζηλία,

280 2529 368 2564 quae
393 2511 617 2548 transl‘ormat
632 2502 823 2538 Ecclesiam
845 2500 882 2532 in
908 2508 1054 2541 regnum
1078 2497 1261 2540 polificum

280 2582 341 2604 seu
363 2565 601 2600 mundanum,
636 2556 734 2589 cuius
751 2551 893 2597 propria
911 2548 996 2582 haec
1019 2553 1117 2580 sunt:
1154 2547 1262 2589 Leges

279 2623 321 2654 de
346 2619 459 2652 forma
483 2605 747 2656 gubernationis
770 2604 807 2635 in
831 2600 1008 2637 moribus,
1043 2598 1201 2635 iudiciis,
1231 2603 1263 2630 et

281 2671 383 2705 certis
402 2666 548 2704 ritibus,
569 2658 694 2694 ordine
711 2663 958 2700 personarum,
983 2650 1162 2691 locorum,
1188 2647 1264 2683 Rex

1241 434 1244 459 ι
1371 415 1417 450 Ut
1444 415 1480 447 in
1503 426 1610 459 regno
1631 414 1771 448 Gallico
1796 421 1878 448 suut
1904 414 1994 458 leges
2019 414 2056 447 in
2080 412 2257 458 aliquibus

1242 463 1541 517 'zcircumstantiis
1574 467 1760 499 dissimiles
1795 467 1839 499 ab
1870 466 2017 498 aliarum
2053 465 2257 509 politiarum

1245 563 1246 566 Ἴ
1272 520 1425 562 legibus,
1454 525 1486 550 et
1505 517 1633 550 iudicia
1656 518 1842 551 constituta
1866 525 1948 550 sunt
1973 517 2073 550 certis
2099 514 2259 563 personis

237 588 312 622 Nisi
331 584 509 619 Dominus
532 579 731 624 reliquisset
756 575 858 609 nobis
885 586 1021 613 semen,
1050 573 1138 605 sicut
1157 570 1223 604 So·
1245 571 1247 586 ¹

676 628 720 661 Et
738 624 867 660 Manli.
886 625 961 660 24:
996 624 1069 656 Nisi
1096 623 1223 655 abbre-
1247 648 1248 651 ,

240 690 323 723 viati
347 693 457 721 essent
481 682 518 716 hi
545 683 636 718 dies,
662 679 778 712 omnis
803 688 883 710 caro
902 675 1071 720 periisset.
1109 672 1154 706 Et
1172 679 1223 705 ta·
1247 684 1249 693 ¹

239 753 321 775 men
353 735 523 782 reliquiae
551 737 737 776 supersunt
761 735 793 762 et
825 728 975 760 subinde
1008 722 1249 758 instauratur*

1272 579 1304 605 et
1326 570 1427 603 locis:
1464 580 1528 601 nec
1557 569 1638 602 lieet
1662 567 1818 601 Gallicas
1848 568 2103 601 controversias
2130 566 2258 599 referre

1274 624 1317 655 ad
1343 620 1471 653 iudicia
1496 619 1646 653 aliorum
1673 632 1874 662 regnorum.
1944 618 2006 652 Est
2033 625 2064 651 et
2094 630 2154 651 rex
2176 616 2261 649 visi-

1275 673 1375 709 bilis,
1404 678 1436 704 et
1455 669 1510 702 hic
1528 671 1684 704 munitus
1703 679 1752 703 est
1775 671 1978 702 necessariis
2001 668 2200 714 praesidiis,
2229 674 2264 700 et.

1276 724 1378 758 babet
1399 728 1605 766 potestatem
1623 721 1879 765 interpretandi
1897 722 2007 764 lege5‚
2036 727 2068 754 et
2086 718 2263 753 condendi

1276 775 1411 818 aliquas
1429 784 1549 806 novas.
1580 772 1668 805 Tale
1686 780 1734 806 est
1753 785 1898 816 regnum
1916 769 2264 816 pontificisRomani.

1250 859 1251 868 ¹
1276 826 1364 859 Tale
1384 824 1449 857 soit
1466 830 1498 856 et
1511 835 1657 866 regnum
1673 824 1863 867 impiorum
1877 823 2081 867 pontificum
2094 822 2131 853 in
2147 820 2264 854 [srael.

604 884 687 917 dicit
712 882 907 918 Dominus,
951 879 1095 923 Spiritus
1118 888 1227 916 meus,
1277 876 1380 909 Talia
1398 886 1502 917 regna
1523 875 1559 906 in
1576 872 1729 907 Ecclesia
1747 875 1849 908 multi
1866 875 2030 908 omnihus
2048 872 2265 916 temporibus

1280 927 1513 961 somniarunt.

1380 984 1446 1018 Sed
1469 984 1643 1016 discamus
1668 984 1851 1026 fugiendas
1874 996 1945 1017 esse
1964 983 2025 1017 bas
2044 980 2268 1025 imaginatio-

1280 1048 1363 1077 nes,
1391 1042 1421 1067 et
1444 1033 1636 1067 Ecclesiam
1662 1036 1725 1068 etsi
1751 1035 1898 1068 visibilis
1923 1042 1991 1076 est,
2027 1043 2144 1068 tamen
2165 1031 2268 1066 dissi-

1282 1088 1401 1121 milem
1421 1097 1493 1118 esse
1512 1086 1670 1130 imperiis
1687 1086 1848 1129 politicis.
1883 1085 1929 1120 Et
1946 1098 2050 1129 regna
2073 1086 2132 1118 illa
2150 1082 2268 1128 ponti-

1282 1139 1359 1172 ficia
1387 1137 1579 1180 significata
1604 1144 1704 1177 sunt,
1746 1140 1887 1181 quando
1913 1138 2006 1170 filius
2032 1137 2098 1171 Dei
2123 1137 2271 1169 indutus

1284 1197 1334 1223 est
1359 1200 1532 1233 purpura,
1560 1194 1592 1221 et
1609 1189 1779 1222 laceratus
1798 1201 1927 1222 corona
1948 1189 2089 1232 spinea,
2114 1188 2163 1220 sic
2186 1196 2271 1219 con-

1285 1240 1429 1275 tumelia
1446 1239 1606 1272 afficiunt
1624 1239 1736 1272 filium
1756 1239 1824 1273 Dei
1841 1240 2039 1284 pontifices,
2067 1246 2100 1272 et
2124 1238 2272 1281 scripto-

1287 1304 1357 1330 res,
1380 1291 1440 1335 qui
1463 1289 1656 1323 Ecclesiam
1682 1291 1717 1322 in
1742 1291 1810 1324 tale
1836 1302 1982 1334 reguum
2009 1291 2272 1325 transformant,

1289 1343 1351 1376 ubi
1383 1343 1458 1374 sine
1483 1343 1649 1375 mandato
1679 1340 1745 1374 Dei
1776 1348 1809 1374 et
1841 1342 1932 1385 leges
1964 1348 1997 1375 et
2029 1342 2143 1375 cultus
2172 1339 2275 1372 insti-

1289 1400 1456 1429 tuuutur,
1486 1394 1528 1425 de
1548 1393 1690 1435 privatis
1708 1392 1846 1433 Missis,
1867 1395 1911 1426 de
1930 1393 2124 1431 coelibatu,
2148 1398 2180 1424 et
2197 1390 2275 1423 aliis

1290 1444 1617 1488 superstitionibus:
1653 1450 1686 1476 et
1711 1455 1869 1486 expresse
1893 1445 2108 1476 damnantur
2125 1442 2185 1474 alii
2210 1438 2276 1473 ho-

1291 1496 1422 1533 mines,
1450 1494 1511 1539 qui
1534 1491 1598 1526 hos
1621 1495 1708 1527 ritus
1733 1506 1805 1527 non
1830 1502 1987 1532 servant,
2023 1501 2055 1527 et
2078 1492 2278 1537 praeficitur

1291 1546 1477 1580 Romanus
1503 1544 1695 1587 Episcopus
1720 1551 1886 1589 tanquam
1912 1557 1972 1578 rex
1995 1552 2149 1578 armatus
2180 1549 2277 1586 pote-

1294 1604 1378 1629 state
1404 1596 1579 1628 condendi
1604 1607 1713 1627 novas
1738 1595 1849 1638 leges,
1890 1603 1923 1629 et
1943 1606 2054 1628 novos
2078 1594 2212 1633 cultus,
2247 1598 2281 1625 et

1294 1653 1463 1691 potestate
1487 1645 1807 1688 interpretationis,
1836 1653 1876 1687 *et
1898 1646 2054 1679 munitus
2078 1645 2151 1678 suis
2168 1651 2202 1678 et
2225 1655 2280 1677 re-

1294 1710 1376 1741 gum
1402 1697 1623 1730 exercitibus.

1397 1764 1556 1798 Sciamus
1588 1764 1697 1807 igitur
1721 1770 1899 1797 externam
1931 1764 2080 1808 speciem
2110 1762 2282 1798 Ecclesiae

1298 1815 1504 1851 dissimilem
1521 1826 1593 1848 esse
1611 1815 1767 1859 imperiis
1786 1815 1948 1858 politicis.
1977 1814 2053 1848 Etsi
2071 1815 2188 1859 aliquo
2204 1826 2282 1846 mo-

1300 1871 1344 1901 do
1371 1866 1496 1899 similis
1519 1873 1569 1899 est
1594 1866 1670 1910 piae
1696 1863 1855 1904 scholae,
1883 1874 1916 1900 et
1937 1874 2051 1900 tamen
2075 1878 2196 1898 verum
2223 1872 2284 1902 est,

1300 1915 1549 1953 Monarchiam
1565 1928 1625 1949 seu
1643 1928 1789 1960 regnum
1809 1917 1845 1948 in
1864 1914 1929 1950 hoc
1947 1917 2077 1950 visibili
2096 1923 2196 1950 coetu
2212 1927 2284 1949 esse

1302 1968 1546 2005 invisibiliter,
1584 1968 1633 2001 ita
1658 1968 1806 2008 scilicet,
1842 1969 1923 2012 quia
1948 1967 2042 2002 filius
2067 1967 2133 2000 Dei
2157 1967 2194 1999 in
2217 1964 2285 1999 hoc

1304 2029 1404 2055 coetu
1422 2019 1601 2052 verissime
1619 2020 1727 2057 adest,
1753 2026 1786 2052 et
1806 2031 1887 2052 vere
1905 2026 1955 2053 est
1972 2031 2029 2052 rex
2046 2025 2080 2052 et
2098 2024 2199 2063 caput
2209 2029 2286 2051 cre-

1305 2071 1485 2111 dentium,
1514 2081 1601 2115 quos
1618 2070 1706 2113 regit
1729 2081 1791 2103 suo
1818 2071 1925 2104 verbo
1949 2077 1981 2103 et
1997 2069 2133 2114 Spiritu
2153 2075 2287 2112 sancto,

1307 2131 1339 2157 et
1355 2122 1514 2164 adiungit
1531 2127 1673 2154 aeterno
1688 2121 1797 2164 patri,
1826 2121 1914 2156 sicut
1931 2119 2059 2164 Ephes.
2073 2122 2102 2156 1.
2120 2120 2287 2164 scriptum

1308 2181 1373 2208 est:
1399 2172 1528 2205 Omnia
1547 2172 1695 2205 subiecit
1711 2173 1776 2204 sub
1795 2174 1899 2215 pedes
1918 2173 2009 2212 eius,
2039 2179 2072 2205 et
2089 2172 2203 2216 ipsum
2226 2171 2288 2203 de-

1308 2225 1361 2258 dit
1378 2231 1481 2267 caput
1499 2235 1604 2266 super
1624 2223 1742 2256 omnia
1758 2221 1950 2264 Ecclesiae,
1979 2235 2067 2267 quae
2089 2229 2139 2256 est
2162 2231 2289 2263 corpus

1310 2277 1402 2313 eius,
1451 2274 1672 2317 congregatio
1708 2274 1841 2317 integra
1866 2273 2077 2318 perficientis
2104 2272 2224 2306 omnia
2251 2272 2290 2304 in

1310 2326 1486 2360 omnibus.
1540 2324 1598 2358 Sic
1617 2325 1700 2358 dicit
1715 2325 1787 2368 ipse
1804 2323 1931 2361 Matth.
1952 2324 2024 2358 18.:
2064 2322 2139 2365 Ego
2157 2323 2193 2356 in
2216 2334 2291 2356 me-

1311 2378 1370 2411 dio
1398 2388 1519 2409 eorum
1545 2387 1635 2409 sum.
1689 2374 1798 2415 Item,
1828 2374 1949 2411 lohan.
1969 2375 2045 2409 17.:
2081 2373 2156 2418 Ego
2173 2374 2209 2406 in
2231 2373 2290 2408 eis.

1312 2428 1442 2462 Psalm.
1460 2429 1510 2461 2:
1545 2425 1620 2468 Ego
1642 2433 1757 2460 autem
1775 2427 1951 2461 constituo
1967 2437 2080 2469 regem
2100 2437 2215 2459 meum
2232 2435 2292 2457 su-

1312 2491 1373 2524 per
1398 2484 1554 2511 montem
1581 2476 1684 2511 Zion.

1415 2543 1567 2577 Externa
1593 2556 1675 2577 vero
1696 2544 1826 2588 species
1848 2541 2092 2576 ministrorum
2111 2540 2295 2585 Evangelii

1315 2602 1349 2629 et
1374 2595 1576 2629 auditorum
1602 2601 1652 2628 est
1677 2594 1796 2639 aliquo
1823 2594 1928 2626 modo
1952 2595 2077 2627 similis
2099 2594 2297 2627 Aristocra-
2319 2595 2322 2599 '
2353 2604 2361 2635 ῃ

1317 2647 1400 2688 tiae,
1429 2646 1487 2680 sed
1506 2645 1644 2688 alligata
1661 2644 1872 2689 Evangelio,
1900 2652 1932 2679 et
1950 2645 2025 2679 sine
2045 2650 2213 2691 potestate
2232 2654 2296 2688 po-
