2415 2942
298 78 394 113 1275

298 164 574 197 conformitatem
600 174 677 194 cum
699 160 792 200 Deo,
819 161 906 193 sicut
931 161 1033 193 initio
1059 158 1164 192 homo
1192 171 1275 192 con—

299 216 393 248 ditus
420 222 486 253 est,
523 211 655 245 habens
689 223 784 244 veras
811 211 957 243 noticias
988 218 1020 244 et
1051 210 1276 243 conformita-

299 274 366 298 tem
393 266 428 296 in
454 264 631 296 voluntate
656 270 687 296 et
712 262 815 294 corde
841 273 919 294 cum
945 260 1030 295 Deo.
1082 259 1126 292 Et
1147 261 1276 293 dulcis-

299 317 384 348 sime
401 313 457 347 hic
474 314 617 347 dicitur:
647 312 852 347 Renovetur
871 323 981 344 novus
995 309 1100 344 homo
1118 312 1159 343 ad
1179 311 1276 353 agni-

299 366 452 409 tionem,
497 371 534 397 ut
556 364 705 396 sciamus
731 363 766 394 in
796 362 952 394 novitate
979 361 1120 394 accendi
1151 373 1277 394 novam

299 416 409 448 lucem
422 440 430 452 ‚
459 422 489 448 et
507 415 647 458 quidem
668 424 750 446 voce
768 410 964 454 Evangelii,

400 464 578 498 Osiander
597 465 663 496 alia
688 464 858 508 quaedam
883 463 1036 505 disputat
1063 463 1104 494 de
1129 461 1279 503 imagine

297 515 378 550 Dei:
411 515 584 548 nominari
603 512 782 547 hominem
800 513 986 555 imaginem
1005 511 1081 554 Dei,
1098 519 1278 555 propterea
1304 505 1307 545 l

298 567 379 611 quia
410 566 501 599 filius
522 565 625 598 suerit
651 570 867 597 assumturus
891 561 1080 596 humanam
1108 569 1279 594 naturam.

297 616 374 650 Hoc
402 629 521 649 verum
549 622 617 654 est,
644 616 701 648 sed
728 622 843 647 tamen
868 611 1118 655 comprehendi
1143 623 1278 644 necesse

300 676 368 705 est,
397 667 578 700 veritatem
597 673 629 698 et
647 665 820 698 iusticiam
833 689 840 701 ,
876 676 941 708 qua
960 663 1132 695 efficimur
1150 662 1280 694 similes
1305 655 1308 698 l

299 718 371 751 filio
383 745 390 758 ,
418 717 654 751 sanctificante
672 727 735 748 nos
753 713 826 747 Deo
845 721 877 747 et
894 713 1109 746 assimilante
1127 713 1211 745 filio.

416 800 494 836 Ubi
511 813 571 834 nec
586 797 750 834 Graccus
767 802 816 831 est
837 809 898 830 nec
913 795 1079 830 Iudaeus
1099 801 1161 832 etc.

402 870 548 912 Semper
571 868 606 900 in
626 873 811 910 conspectu
833 865 878 898 sit
903 865 1062 899 doctrina
1090 866 1134 898 de
1155 864 1283 898 distin-

302 922 415 954 ctione
449 919 603 952 iusticiae
628 916 813 962 Evangelii
843 922 875 949 et
901 928 1018 949 rerum
1048 915 1282 959 politicarum.

302 971 534 1014 Evangelium
554 981 625 1002 non
644 969 763 1001 condit
782 978 889 1000 novas
906 967 1062 1011 politias,
1095 966 1181 999 sicut
1207 965 1283 998 Lo—

304 1020 442 1055 riothus
465 1028 495 1053 et
516 1020 574 1052 alii
601 1019 700 1051 multi
721 1019 872 1061 fingunt:
907 1018 965 1050 sed
989 1017 1217 1050 concionatur
1242 1017 1284 1048 de

303 1071 519 1117 poenitentia
548 1070 768 1112 singulorum
795 1068 832 1100 in
857 1069 978 1110 corde,
1021 1074 1055 1100 et
1077 1068 1120 1099 de
1145 1066 1284 1099 restitu-

304 1125 400 1156 tione
420 1130 579 1155 aeternae
605 1120 762 1153 iusticiae
781 1126 813 1152 et
834 1119 923 1151 vitae
946 1120 982 1150 in
1005 1118 1170 1161 singulis,
1197 1128 1285 1162 quae

304 1174 476 1207 restitutio
502 1173 538 1206 fit
563 1172 636 1215 ipso
665 1171 736 1203 filio
759 1169 825 1203 Dei
848 1169 1045 1202 vivificante
1070 1170 1175 1201 corda
1203 1179 1286 1200 voce
1311 1184 1314 1200 ι

306 1224 510 1266 Evangelii,
546 1230 578 1255 et
608 1223 711 1254 dante
744 1220 916 1264 Spiritum
948 1226 1116 1254 sanctum.
1185 1218 1287 1251 Foris

304 1283 418 1308 autem
438 1274 522 1306 sinit
541 1284 604 1306 nos
624 1272 673 1305 uti
691 1273 726 1304 iu
747 1271 816 1304 vita
834 1270 1005 1313 corporali
1026 1269 1172 1302 diversis
1196 1269 1286 1313 poli-

308 1326 384 1359 ticis
410 1325 559 1367 legibus,
587 1323 616 1355 si
634 1334 705 1354 non
723 1328 878 1365 pugnent
895 1333 972 1353 cum
990 1321 1125 1362 legibus
1144 1327 1286 1353 natura-

308 1377 419 1413 libus,
447 1376 533 1407 sicut
559 1373 619 1406 alii
645 1373 722 1404 aliis
748 1372 834 1404 cibis
859 1378 1025 1410 utuntur,
1053 1377 1111 1403 aut
1128 1370 1186 1402 alii
1210 1370 1287 1401 aliis

309 1427 429 1469 spatiis
447 1426 595 1463 dierum,
650 1423 731 1455 ldeo
750 1420 805 1454 hic
827 1422 961 1466 inquit,
985 1433 1056 1453 non
1076 1431 1146 1452 esse
1164 1420 1287 1452 discri·
1312 1433 1314 1452 i

307 1490 386 1510 men
417 1475 542 1508 Graeci
568 1481 599 1506 et
630 1473 760 1506 ludaei.
818 1471 917 1504 Hanc
949 1472 1159 1503 sententiam
1189 1481 1288 1513 saepe
1313 1473 1315 1477 ‘

308 1527 489 1570 repetivit,
531 1525 610 1569 quia
641 1522 928 1564 pseudoapostoli
962 1522 1127 1554 volebant
1157 1519 1288 1553 Gentes

307 1581 348 1611 ad
372 1576 527 1620 politiam
549 1574 725 1608 Iudaicam
756 1573 917 1614 alligare,
945 1572 1032 1604 sicut
1054 1578 1174 1603 nostro
1200 1577 1286 1603 tem-

884 75 1006 109 rull„
1036 73 1149 108 MEL.
1178 72 1383 109 SCRIPTA
1412 72 1709 109 EXEGETICA·

307 1640 391 1673 pore
412 1625 673 1660 Carolostadius
699 1631 728 1656 et
754 1623 813 1655 alii
837 1623 1001 1655 volebant
1026 1622 1141 1654 delere
1167 1627 1199 1653 et
1221 1621 1289 1653 tol-

308 1681 379 1712 lere
408 1678 463 1711 ius
491 1676 714 1715 Romanum,
757 1681 789 1707 et
821 1685 873 1706 res
900 1673 1054 1706 iudicare
1081 1684 1122 1705 ex
1152 1672 1290 1717 legibus
1313 1692 1317 1719 ι

306 1729 413 1763 Mosi.

410 1777 540 1813 Contra
572 1778 658 1811 tales
688 1787 823 1809 errores
866 1773 1061 1806 confirmati
1092 1773 1200 1806 simus
1236 1770 1291 1805 his

308 1830 409 1863 Pauli
429 1830 546 1867 dictis,
563 1835 597 1861 et
615 1834 704 1860 recte
719 1828 964 1859 discernantur
982 1824 1129 1862 iusticia,
1149 1830 1291 1867 propter

309 1893 412 1926 quam
431 1880 522 1912 filius
541 1878 606 1912 Dei
624 1878 748 1910 missus
765 1884 831 1917 est,
858 1882 889 1908 et
909 1876 995 1908 ordo
1013 1875 1186 1918 politicus,
1225 1872 1290 1907 Di-

309 1932 356 1965 cit
375 1938 504 1970 autem,
521 1929 638 1962 omnia
659 1929 695 1960 in
715 1928 879 1960 omnibus
897 1938 968 1958 esse
989 1923 1190 1965 Christum,
1214 1936 1291 1957 om-

309 1983 387 2021 nia,
429 1981 588 2013 videlicet
622 1978 762 2023 propria
793 1977 876 2010 novi
902 1975 1056 2009 hominis
1080 1982 1161 2009 sunt
1186 1973 1291 2008 Chri-

311 2040 401 2069 stus,
437 2031 582 2068 scilicet,
618 2042 686 2074 quo
712 2030 755 2061 ad
784 2028 947 2061 meritum
977 2034 1008 2059 et
1033 2038 1103 2071 quo
1135 2027 1177 2058 ad
1209 2025 1292 2057 effe-

310 2084 482 2122 ctionem,
510 2093 571 2114 seu
595 2092 666 2126 quo
692 2080 733 2112 ad
756 2079 901 2121 gratiam
925 2084 956 2110 et
984 2089 1053 2120 quo
1081 2077 1122 2108 ad
1149 2077 1292 2108 donum.

309 2131 454 2167 Chrisus
471 2134 580 2165 factus
597 2137 645 2163 est
664 2129 730 2163 tibi
749 2129 898 2168 iusticia,
915 2135 954 2161 ut
973 2127 1134 2159 videlicet
1153 2133 1294 2169 propter

310 2197 388 2217 eum
410 2184 603 2226 imputetur
624 2180 781 2220 iusticia,
812 2187 844 2213 et
861 2178 966 2211 simul
987 2184 1036 2210 est
1054 2177 1119 2210 tibi
1140 2177 1293 2209 vivifica-

311 2242 384 2274 tor,
412 2233 590 2265 vivificans
607 2243 667 2265 cor
686 2241 770 2264 voce
787 2227 990 2271 Evangelii,
1018 2235 1051 2260 et
1076 2229 1163 2260 dans
1180 2226 1293 2271 Spiri-

312 2293 386 2318 tum
411 2290 580 2317 sanctum.

315 2366 430 2413 Super
449 2364 536 2401 haec
559 2363 686 2399 habete
711 2362 955 2404 dilectionem,
983 2373 1075 2409 quae
1098 2367 1147 2395 est
1174 2360 1296 2394 rincu-

593 2415 669 2450 lum
692 2413 926 2463 perfectionis
953 2418 1012 2446 elc.

414 2484 564 2519 Dilectio
593 2491 641 2517 est
673 2483 853 2515 vinculum
884 2480 1118 2526 perfectionis.
1181 2477 1294 2511 Voca—

1322 2504 1325 2511 .
1349 2492 1433 2512 num
1461 2478 1699 2525 ὀρθοτομεῖν.

2213 77 2309 112 1276

1328 160 1412 193 tatio
1436 171 1495 192 seu
1522 159 1782 193 coniunctionis
1803 168 1834 195 et
1855 163 2061 196 concordiae
2079 164 2308 198 conservatio.

1328 209 1478 242 Dilectio
1505 216 1557 243 est
1580 210 1760 243 vinculum
1784 214 2093 254 coagmentationis
2121 212 2308 251 Ecclesiae.

1330 261 1362 292 id
1377 267 1436 299 est,
1449 262 1559 293 donec
1577 261 1729 294 retinent
1747 262 1904 294 doctores
1922 264 2156 304 dilectionem,
2173 264 2308 296 etiamsi

1329 311 1504 343 interdum
1524 311 1666 351 accidit,
1700 317 1738 343 nt
1756 311 1851 344 aliud
1870 313 1967 345 alteri
1988 313 2164 354 videatur,
2193 321 2309 347 tamen

1329 373 1401 393 non
1423 373 1501 393 mox
1522 361 1735 394 dilaceratur
1755 360 1930 401 Ecclesia,
1957 365 2015 396 sed
2042 364 2135 397 docti
2158 364 2309 397 tolerant

1330 411 1540 443 infirmiores
1565 418 1594 443 et
1620 412 1757 455 placide
1781 414 1920 445 student
1945 425 2087 454 sanare,
2130 421 2162 447 et
2191 425 2311 447 rursus

1330 461 1539 494 infirmiores
1564 474 1635 494 non
1661 462 1831 504 gravatim
1849 464 1999 498 audiunt
2016 465 2103 498 alios
2127 465 2312 503 doctiores,

1328 512 1417 544 sicut
1445 512 1592 545 modesti
1620 512 1682 544 filii
1709 524 1809 544 senes
1834 521 2016 557 parentes,
2052 515 2141 548 sicut
2163 514 2310 548 dicitur:

1323 560 1487 595 Ἀκέσται
1505 559 1544 596 δὲ
1566 561 1696 607 φρένες
1714 562 1873 604 ἐσθλῶν,
1894 564 1926 596 id
1945 572 2014 611 est,
2038 564 2210 599 sanabiles
2230 571 2312 598 sunt

1330 613 1437 645 animi
1466 613 1650 645 bonorum.

1331 694 1457 730 Sermo
1485 691 1633 730 Christi
1660 694 1801 730 habitet
1832 696 1870 730 in
1903 696 2002 731 cobis
2028 697 2214 745 opulenter
2235 709 2313 732 cum

1603 747 1706 780 omni
1727 747 1913 795 sapientia
1941 753 2002 784 etc.

1435 812 1532 847 Inter
1562 814 1763 858 praecipuas
1789 817 1979 850 sententias
2009 814 2114 850 huius
2137 815 2315 860 Epistulae

1334 871 1366 898 et
1383 861 1474 896 hanc
1498 865 1695 898 meminisse
1720 873 1877 909 oportet,
1914 879 2064 911 cumque
2088 867 2216 901 multas
2237 877 2316 910 gra-

1335 915 1492 948 vissimas
1510 915 1769 948 admonitiones
1784 918 1971 957 contineat,
1995 917 2196 961 praesertim
2217 929 2315 950 com-

1335 966 1538 999 mendantes
1560 966 1741 999 doctrinae
1764 967 1938 1007 studium,
1961 968 2149 1010 diligenter
2165 975 2198 1001 et
2213 979 2315 1011 saepe

1335 1016 1590 1049 consideranda
1617 1023 1679 1051 est.
1733 1015 1891 1050 Primum
1922 1015 1978 1050 hic
2002 1018 2086 1060 legis
2110 1018 2314 1050 mandatum

1337 1067 1498 1100 divinum
1522 1078 1611 1107 esse,
1645 1073 1685 1099 ut
1707 1068 1902 1100 doctrinam
1928 1066 2061 1101 Christi
2087 1076 2178 1101 recte
2205 1068 2317 1101 disca-

1337 1129 1432 1157 muS,
1460 1124 1494 1150 et
1510 1114 1684 1161 emphasis
1701 1124 1750 1150 est
1768 1118 1915 1161 insignis
1941 1119 2072 1151 verbis:
2107 1117 2251 1152 Habitet
2278 1118 2317 1150 in

1338 1169 1457 1208 vobis,
1485 1175 1513 1200 et
1533 1168 1673 1212 quidem
1691 1169 1887 1212 opulenter.
1941 1168 2227 1202 Familiarissime
2243 1168 2318 1201 noti

1338 1225 1418 1251 sunt
1441 1219 1503 1262 qui
1522 1218 1703 1252 nobiscum
1723 1217 1894 1254 habitant.
1947 1219 2044 1253 Scias
2062 1220 2166 1253 etiam
2183 1231 2263 1252 vere
2279 1219 2317 1251 in

1338 1270 1400 1302 illo
1418 1276 1554 1312 pectore
1569 1268 1682 1302 Deum
1700 1269 1814 1312 ipsum
1832 1267 1990 1304 habitare
2003 1297 2012 1310 ,
2039 1270 2076 1302 in
2093 1282 2162 1315 quo
2188 1271 2317 1313 cogita-

1338 1327 1397 1354 tur
1414 1320 1573 1353 doctrina
1592 1321 1634 1352 de
1651 1320 1880 1354 conversione
1896 1321 1939 1353 ad
1958 1321 2073 1354 Deum
2085 1347 2095 1362 ,
2128 1327 2160 1354 et
2178 1320 2216 1353 in
2233 1332 2319 1353 con-

1340 1371 1510 1403 solatione
1531 1378 1563 1403 et
1579 1371 1820 1412 invocatione,
1851 1372 1939 1404 sicut
1964 1383 2120 1415 expresse
2144 1370 2320 1404 Dominus

1340 1420 1473 1464 inquit:
1507 1419 1544 1453 Si
1565 1421 1642 1465 quis
1668 1421 1784 1463 diligit
1802 1433 1878 1465 me,
1894 1434 2090 1454 sermonem
2113 1433 2228 1454 meum
2245 1432 2319 1454 ser-

1340 1471 1455 1510 vabit,
1499 1477 1531 1503 et
1557 1478 1654 1513 pater
1677 1483 1774 1503 meus
1797 1472 1918 1515 diliget
1943 1484 2040 1512 eum,
2082 1479 2113 1505 et
2139 1471 2320 1504 veniemus

1340 1523 1381 1554 ad
1401 1533 1477 1553 eum
1492 1547 1500 1559 ‚
1528 1528 1559 1554 et
1576 1521 1792 1554 mansionem
1811 1523 1903 1565 apud
1923 1534 2001 1555 eum
2018 1523 2195 1556 faciemus.

1440 1569 1582 1603 Placent
1606 1571 1712 1613 igitur
1728 1570 1802 1604 Deo
1823 1572 1926 1604 lectio
1949 1580 1981 1606 et
2005 1573 2166 1615 cogitatio
2189 1571 2321 1604 doctri-

1341 1633 1424 1659 nae,
1453 1628 1485 1654 et
1507 1633 1566 1664 per
1587 1633 1662 1653 eam
1680 1620 1774 1654 Deus
1793 1629 1842 1655 est
1864 1622 1987 1655 efficax
2004 1629 2037 1656 et
2053 1621 2187 1655 habitat
2204 1622 2240 1654 in
2256 1634 2322 1655 no-

1341 1673 1406 1705 bis.
1460 1670 1571 1704 Addit
1596 1679 1732 1713 autem,
1766 1671 1855 1706 Cum
1879 1673 1998 1706 omnia
2019 1673 2201 1716 sapientia.
2252 1671 2321 1706 Le-

1315 1725 1317 1755 ἒ
1343 1729 1429 1765 gunt
1453 1719 1707 1765 Prophetarum
1739 1730 1771 1756 et
1793 1722 2045 1767 Apostolorum
2076 1724 2186 1756 libros
2217 1723 2322 1756 etiam

1316 1804 1317 1809 ,
1345 1771 1508 1805 haeretici
1536 1780 1568 1805 et
1594 1784 1716 1806 omnes
1748 1774 2046 1817 praestigiatores,
2083 1775 2142 1807 sed
2172 1774 2247 1807 sine
2269 1785 2323 1806 sa-

1346 1824 1475 1867 pientia
1503 1823 1642 1866 legunt,
1669 1824 1704 1856 id
1728 1831 1797 1864 est,
1822 1824 1935 1857 fontes
1962 1837 2034 1858 non
2060 1831 2151 1858 recte
2176 1825 2325 1865 discunt,

1344 1875 1405 1919 qui
1423 1881 1502 1906 sunt
1524 1874 1560 1906 in
1579 1875 1662 1917 ipsis
1688 1875 1786 1908 libris
1812 1873 2024 1918 propheticis
2044 1882 2077 1909 et
2101 1874 2325 1919 apostolicis,

1343 1932 1380 1958 ut
1392 1924 1548 1967 Papistae
1566 1937 1638 1957 non
1655 1925 1991 1968 discernuntLegem
2009 1932 2042 1959 et
2051 1925 2324 1958 promissionem

1344 1975 1492 2017 gratiae,
1526 1975 1639 2009 cultus
1664 1975 1834 2009 divinitus
1860 1977 2064 2018 mandatos,
2097 1982 2130 2010 et
2155 1975 2324 2020 supersti-

1345 2027 1457 2059 tiones
1487 2027 1530 2058 al)
1562 2023 1766 2059 hominibus
1796 2026 2015 2069 excogitatas.
2073 2026 2325 2070 Anabaptistae

1345 2076 1571 2110 confundunt
1596 2076 1793 2109 doctrinam
1818 2078 1859 2110 de
1877 2077 2013 2110 iusticia
2032 2084 2171 2111 aeterna
2192 2077 2228 2109 in
2247 2088 2325 2110 cor-

1346 2128 1387 2160 de
1416 2133 1449 2160 et
1471 2128 1514 2159 de
1539 2126 1607 2159 vita
1632 2127 1792 2170 politica,
1823 2128 1960 2171 fingunt
1986 2126 2217 2171 Evangelium
2243 2127 2324 2160 bar-

1346 2177 1478 2210 bariem
1507 2188 1597 2215 esse,
1645 2189 1732 2222 quae
1766 2178 1909 2212 damnet
1938 2179 2099 2212 ordinem
2131 2177 2326 2222 politicum.

1345 2227 1531 2261 Antinomi
1550 2240 1621 2260 non
1639 2228 1841 2262 discernunt
1859 2235 1997 2273 peccata
2009 2235 2130 2263 contra
2146 2228 2328 2262 conscien-

1347 2279 1431 2311 tiam
1457 2279 1500 2311 ab
1522 2278 1600 2311 aliis
1628 2285 1691 2311 etc.

1447 2326 1579 2362 Addita
1605 2336 1654 2362 est
1677 2328 1784 2371 igitur
1807 2326 1865 2362 hic
1887 2328 2100 2370 admonitio,
2126 2334 2166 2362 ut
2188 2328 2328 2373 sapien-

1347 2386 1401 2413 ter
1420 2379 1680 2412 consideremus
1701 2380 1861 2412 ordinem
1879 2380 2058 2413 doctrinae
2075 2387 2107 2413 et
2123 2379 2327 2413 discrimina

1349 2430 1610 2470 membrorum,
1653 2430 1756 2464 sicuti
1779 2430 1864 2463 alibi
1889 2430 1985 2464 iubet
2008 2442 2204 2463 sermonem
2236 2430 2328 2462 divi-

1764 2479 1812 2514 Et
1839 2479 2022 2526 Syracides
2045 2480 2161 2525 inquit
2186 2492 2259 2524 cap.
2277 2480 2328 2516 3.:

314 2537 437 2570 bulum
463 2534 692 2569 Pei-sectionis
721 2532 777 2566 hic
811 2544 883 2566 non
915 2531 1132 2573 intelligatur
1162 2529 1298 2573 privata
1322 2518 1325 2528 ⁴
1350 2529 1452 2573 Quae
1481 2531 1650 2574 praecipit
1674 2530 1738 2564 tibi
1760 2529 1874 2569 Deus,
1900 2528 1983 2564 haec
2001 2531 2110 2574 cogita
2130 2537 2266 2571 sancte,
2292 2531 2329 2564 id

316 2587 481 2626 perfectio
517 2584 621 2617 unius
655 2594 821 2626 personae
854 2594 915 2616 seu
958 2582 1107 2626 perfecta
1141 2580 1300 2623 impletio

1350 2587 1401 2613 est
1415 2608 1423 2616 ,
1451 2581 1561 2614 retine
1579 2581 1732 2613 nativam
1749 2582 1954 2614 sententiam
1977 2582 2073 2614 verbi
2090 2580 2172 2620 Dei,
2197 2592 2259 2613 nec
2278 2582 2331 2614 af-

315 2639 414 2681 legis:
445 2638 500 2670 sed
519 2634 734 2677 intelligatur
757 2633 912 2678 corporis
928 2631 1102 2666 Ecclesiae
1117 2641 1301 2676 coagmen·
1325 2628 1328 2663 ἰ
1352 2631 1477 2675 fingite
1508 2629 1707 2676 prophanas
1733 2630 1937 2676 opiniones,
1975 2632 2061 2666 sicut
2089 2631 2256 2666 usitatum
2282 2638 2332 2665 est
