2415 2942
273 788 278 791 .
316 757 380 788 rio.

310 114 382 150 455

309 201 542 236 remittentur.
597 197 668 230 Nec
691 196 889 229 coniectura
918 194 977 227 illa
1002 194 1100 227 firma
1122 200 1192 234 est,
1223 192 1290 227 Pe-

310 261 385 286 trus
409 252 484 293 plus
509 249 644 290 diligit,
672 259 751 289 crgo
769 246 798 278 ei
817 246 984 279 tribuitur
999 246 1111 278 maior
1130 251 1291 289 potestas.
1317 267 1320 297 3

314 304 429 335 l‘utcst
457 301 548 331 1-111111
572 300 647 330 sine
674 304 840 342 potestate
868 297 979 328 maior
999 296 1140 329 dilectio
1159 307 1228 328 esse
1254 295 1290 327 in
1317 314 1319 348 3

311 353 467 399 privato,
495 362 597 394 (11111111
624 350 657 381 111
682 349 934 389 gubernatore,
962 347 1114 391 denique
1133 347 1292 379 ministe-
1318 359 1319 362 ¹

311 404 401 435 rium
426 400 608 443 Evangelii
635 407 683 432 est
707 400 908 431 mauditum
936 399 1085 431 docendi
1107 396 1292 439 Evangelii

312 462 341 486 et
376 451 644 484 :ulininistratuli
683 457 917 489 sacramenta,
966 461 1038 481 non
1068 455 1116 481 est
1143 455 1293 492 potestas

694 500 782 533 Nam
820 507 971 542 potestas
1007 500 1148 543 politica
1189 496 1321 531 habes

312 555 516 585 man-latum
550 551 669 584 tuendi
701 551 920 593 disciplinam
956 557 987 584 et
1021 562 1158 593 pacem,
1199 550 1292 583 iuxta

314 612 423 636 certas
443 605 549 645 leges,
578 602 611 633 vi
630 602 820 644 corporali,
853 609 882 633 et
904 599 1009 634 ltabet
1028 607 1158 633 certum
1184 613 1294 643 popu-

313 504 436 536 similis
469 502 639 545 politicae.

316 656 406 692 111111,
435 666 538 698 (1110111
564 653 655 695 cogit
674 654 715 684 ad
739 652 994 692 obedientiam,
1013 659 1043 684 et
1068 658 1181 694 potest
1206 652 1295 683 ferre
1322 670 1324 698 2¹

315 717 424 738 novas
442 706 532 744 leges
548 710 777 745 congruentes
795 703 940 741 rationi,
969 702 1070 735 utiles
1098 713 1159 733 suo
1187 702 1298 744 impe-

317 814 440 843 testas,
469 817 538 837 non
560 803 663 836 ltaliet
683 804 905 836 autoritatem
925 803 1058 835 ferendi
1085 814 1191 834 novas
1209 802 1299 843 leges

318 865 410 888 extr-:1
434 854 682 895 lix-angelium,
711 866 773 885 nec
792 854 823 884 vi
851 860 910 886 aut
938 852 1300 885 excommunicatione

906 108 1029 145 PIIIL.
1057 105 1172 142 MEL.
1198 105 1407 142 SCRIPTA
1434 103 1733 141 EXEGETICA.

433 755 511 787 Non
531 761 579 786 est
603 761 717 786 autem
737 753 899 784 ministro
923 752 1104 793 Evangelii
1132 752 1208 783 talis
1235 764 1297 793 po-
1324 769 1325 775 =

1444 192 1656 226 praemonet
1686 191 1792 235 igitur
1814 190 1974 228 Christus
1999 193 2175 235 Petrum,'
2200 202 2240 229 ut
2268 195 2329 229 de-

1346 255 1454 288 ponas
1473 243 1562 276 illud
1581 243 1682 276 dulce
1697 243 1874 277 somnium
1890 245 1932 278 de
1956 246 2110 289 potentia
2136 252 2167 278 et
2193 246 2331 290 opibus,
2376 287 2377 295 ἵ

1346 302 1378 327 et
1402 306 1436 328 sc
1461 300 1643 338 praeparet
1668 295 1711 326 ad
1734 306 1883 329 crucem.
1958 295 2069 340 Saepe
2096 303 2213 329 autem
2243 296 2329 330 alias
2376 319 2377 325 1

1347 346 1477 378 dictum
1498 351 1565 385 est,
1595 345 1630 376 iu
1647 345 1720 377 sola
1741 343 1898 378 Ecclesia
1915 343 1982 378 Dei
1998 353 2113 379 extare
2133 347 2330 381 doctrinam

1347 408 1463 428 veram
1484 397 1526 428 de
1545 407 1666 433 cruce,
1693 402 1726 428 et
1744 395 1878 428 firmam
1896 396 2186 432 consolationem.
2239 395 2331 430 Eth-

1348 447 1417 479 nici
1439 454 1469 480 et
1486 446 1546 479 alii
1565 446 1764 489 ignorantes
1774 443 2019 489 Evangelium,
2046 458 2110 479 nec
2128 459 2246 481 causas
2265 460 2331 482 no-

1349 504 1450 537 runt,
1477 497 1571 530 unde
1587 497 1658 529 sint
1675 503 1789 530 tantae
1805 497 2035 537 calamitates,
2063 504 2132 530 tam
2152 505 2332 542 praestan-

1320 552 1322 592 ξ
1349 549 1392 581 115
1411 555 1555 581 naturae
1574 545 1780 587 hominum,
1808 559 1872 580 nec
1893 554 2029 581 norunt
2054 548 2203 582 efficacia
2221 561 2333 582 reme—

1350 599 1406 631 dia
1437 611 1518 631 vere
1547 598 1706 630 sanantia
1734 598 1873 631 dolores
1896 599 2022 631 cordis,
2076 597 2144 632 Sed
2171 597 2334 642 Evange-

1350 650 1436 682 lium
1474 656 1507 682 et
1537 660 1654 681 causas
1683 649 1854 688 ostendit,
1889 655 1922 682 et
1954 649 2128 688 remedia,
2165 661 2205 683 ae
2233 661 2333 693 saepe

1351 700 1435 732 alias
1464 700 1599 742 integra
1632 699 1790 732 doctrina
1827 700 1870 731 de
1899 696 1965 732 hoc
1995 699 2072 732 loco
2104 700 2244 733 recitata
2271 707 2335 741 est,

1352 763 1456 794 quam
1489 757 1580 783 certe
1608 756 1744 792 oportet
1773 760 1895 782 omnes
1919 761 2056 793 semper
2086 751 2122 782 in
2147 757 2335 795 conspectu

1324 820 1326 856 j
1353 799 1482 833 habere
1500 825 1507 838 ,
1550 807 1589 834 ut
1622 807 1763 834 teneant
1792 800 1830 832 in
1861 801 1997 844 magnis
2026 801 2210 836 doloribus
2237 812 2336 834 veras

317 908 462 947 sugendi
489 906 575 937 alios
607 905 785 936 ministros
815 905 856 935 ad
893 904 983 946 leges
1012 910 1104 936 extra
1137 901 1299 947 Evange-
1326 923 1327 930 1

318 959 402 990 lium
430 957 525 987 tatas.

422 1006 499 1040 iN'on
520 1013 565 1038 est
590 1005 694 1047 igitur
712 1005 871 1046 lingenda
890 1011 1039 1048 potestas
1057 1004 1204 1036 alicuius
1228 1004 1302 1046 cpi-
1327 1015 1330 1039 1

320 1058 411 1090 soon}
433 1058 554 1089 similis
572 1068 689 1098 regum
709 1056 867 1096 potestati
881 1083 888 1094 ,
916 1063 951 1088 ut
972 1057 1013 1087 ‹le
1031 1054 1195 1088 Romano
1213 1067 1302 1098 pon-

321 1110 410 1141 tifice
437 1109 582 1149 tingunt.

321 1160 476 1192 breviter
499 1158 686 1190 monuisse.

425 1209 475 1241 De
496 1210 647 1240 serundo
674 1208 769 1247 loco,
799 1207 930 1239 scilicet
957 1207 999 1238 de
1023 1207 1225 1239 discrimine
1249 1207 1304 1238 di-
1329 1203 1331 1218 '

323 1260 490 1303 sciplinae
515 1267 547 1292 et
577 1259 699 1292 crucis,
766 1256 855 1290 Cum
883 1269 971 1290 esses
1004 1258 1148 1298 iunior,
1189 1258 1305 1301 iuquit

322 1310 503 1347 Christus,
541 1310 702 1352 cingebas
725 1314 758 1340 te
783 1309 872 1351 ipse,
900 1314 963 1342 etc.
1017 1307 1063 1341 Ut
1087 1320 1186 1351 saepe
1209 1309 1305 1348 alias,

325 1363 370 1396 ita
388 1369 420 1394 et
438 1361 473 1394 in
492 1359 557 1393 hoc
573 1358 749 1403 colloquio
768 1364 861 1391 taxat
877 1356 1038 1390 Christus
1057 1359 1197 1391 stultam
1226 1371 1304 1399 per-

325 1412 521 1445 suasionem
540 1410 653 1453 Petri,
686 1409 744 1452 qui
769 1409 971 1456 expectabat
996 1409 1063 1440 iam
1088 1416 1161 1452 post
1190 1421 1305 1442 resur·
1330 1434 1331 1438 ,

326 1463 514 1496 rectionem
543 1459 673 1494 Christi
698 1460 783 1491 illud
816 1471 960 1492 aureum
985 1459 1194 1503 imperium,

326 1514 497 1558 putabant
515 1511 634 1544 ludaei
651 1523 685 1543 se
704 1510 845 1543 domitis
869 1511 1031 1552 gentibus
1053 1522 1224 1542 summam
1242 1523 1306 1554 po-

326 1565 469 1598 tentiam
497 1570 529 1596 et
553 1574 636 1605 opes
662 1572 879 1605 possessuros
903 1572 985 1592 esse.
1049 1559 1144 1600 Imo,
1177 1561 1307 1605 inquit,

326 1627 419 1647 nunc
446 1613 585 1646 initium
616 1613 679 1645 erit
705 1611 898 1653 ingentium
932 1610 1175 1643 afflictionum.

326 1674 379 1700 103
405 1665 566 1706 cingebas
592 1670 623 1696 te
647 1664 737 1707 ipse,
766 1673 861 1694 nunc
885 1661 945 1694 alii
970 1661 1121 1704 cingent.
1175 1660 1215 1694 In
1241 1659 1307 1694 hoe

326 1717 403 1750 loco
452 1715 671 1747 discernatur
713 1712 898 1754 disciplina
941 1712 1124 1746 rationalis
1152 1725 1169 1745 a
1193 1724 1335 1761 cruce.3

327 1766 525 1809 Disciplina
552 1771 601 1797 est
624 1763 806 1806 diligentia
831 1763 973 1806 regendi
999 1770 1159 1796 externos
1182 1775 1307 1801 1110105,

329 1821 422 1851 iuxta
448 1817 610 1849 mandata
632 1814 716 1855 Dei,
759 1814 825 1846 hoc
851 1820 921 1854 est,
953 1820 1133 1858 utcunque
1157 1815 1308 1858 seipsum

329 1870 476 1911 cingere.
543 1866 618 1898 Etsi
661 1873 776 1898 autem
817 1862 907 1897 hanc
947 1865 1170 1908 disciplinam
1215 1865 1309 1898 Deus

329 1919 518 1964 praecipit,
567 1924 605 1950 ut
634 1917 777 1949 dicitur:
821 1914 893 1948 Lex
934 1922 983 1948 est
1026 1916 1117 1948 bona
1155 1916 1309 1958 legitime

330 1970 453 2003 utenti.
520 1967 629 2001 Item:
674 1966 745 2009 Qui
776 1966 931 2008 gladium
961 1967 1149 2009 acceperit,
1193 1967 1308 2009 gladio

329 2020 477 2066 peribit,
505 2025 619 2051 tamen
645 2024 779 2051 tantum
802 2023 849 2050 est
874 2024 1057 2050 externum
1081 2030 1188 2061 opus,
1215 2018 1308 2061 quod

329 2072 431 2105 etiam
467 2070 503 2101 in
534 2069 650 2111 impiis
681 2080 752 2100 esse
782 2074 906 2111 potest.
971 2067 1042 2101 Sed
1073 2080 1156 2101 crux
1180 2068 1310 2100 dicitur

329 2121 493 2158 afflictio,
521 2131 595 2152 non
619 2118 781 2152 accersita
799 2125 915 2150 nostra
943 2118 1143 2158 voluntate,
1168 2119 1226 2150 sed
1250 2124 1310 2150 aut

330 2181 404 2207 orta
435 2184 454 2204 a
483 2169 642 2216 tyrannis
672 2168 882 2202 conantibus
913 2169 1029 2200 delere
1055 2166 1310 2211 EvangeHum,

331 2231 389 2258 3111
407 2232 554 2267 sequens
576 2231 797 2253 communem
824 2217 1063 2251 infirmitatem
1088 2226 1232 2252 naturae
1245 2217 1310 2252 ho-

331 2275 466 2307 minum
497 2272 669 2304 obnoxiae
698 2269 850 2309 morbis,
886 2270 1100 2313 paupertati,
1134 2270 1310 2311 infamiae,

331 2332 364 2359 et
394 2324 471 2357 aliis
500 2322 702 2361 doloribus,
739 2332 811 2354 non
842 2320 1016 2353 accersitis
1037 2327 1155 2353 nostra
1182 2321 1310 2353 volun-

331 2383 409 2410 tate,
463 2373 651 2406 Toleratur
671 2378 785 2405 antem
811 2377 952 2414 propter
976 2370 1209 2404 obedientiam
1235 2371 1309 2405 Deo

332 2426 503 2463 debitam,
539 2430 571 2455 et
595 2424 637 2455 ad
662 2435 736 2455 eam
761 2422 995 2454 obedientiam
1025 2423 1189 2454 accedunt
1215 2423 1309 2459 sides,

333 2488 427 2520 spes,
469 2482 502 2507 et
527 2474 712 2506 invocatio.
783 2472 927 2506 Talium
959 2472 1188 2504 afflictionum
1221 2474 1309 2505 tolc-

332 2527 443 2560 rantia
473 2525 508 2556 in
540 2524 666 2556 sanctis
691 2530 836 2555 vocatur
875 2523 1079 2555 sacrificium
1107 2531 1138 2555 et
1162 2524 1308 2556 mortiti-

331 2578 438 2615 ratio,
463 2582 495 2607 et
518 2574 619 2616 longe
644 2575 755 2606 maior
776 2581 808 2606 et
831 2574 1008 2606 ‹litticilior
1033 2584 1086 2605 res
1110 2580 1177 2615 est,
1205 2587 1307 2618 quam
1334 2580 1335 2593 ³

329 2627 512 2671 disciplina
538 2625 787 2667 paedagogica,
813 2626 856 2656 de
881 2636 946 2667 qua
967 2624 1064 2667 prins
1081 2625 1211 2657 dictum
1240 2632 1307 2658 est:
1333 2645 1335 2671 3

327 2678 416 2712 Cum
439 2687 528 2710 esses
552 2675 688 2713 iunior,
717 2675 878 2717 cingebas
902 2676 1064 2717 teipsum.

637 1106 730 1139 Haec
756 1107 838 1138 satis
869 1107 911 1140 sit
939 1108 981 1138 de
1007 1104 1070 1139 11ηο
1101 1107 1303 1150 quaestione
1328 1100 1330 1111 ¹

1236 1472 1305 1504 qUO
1330 1471 1332 1478 ’

1230 1612 1306 1643 An-
1332 1647 1335 1652 Δ

1324 861 1328 899 3
1354 851 1622 886 consolationes,

1589 932 1634 966 Si
1651 945 1727 967 eum
1747 932 1827 968 volo
1842 946 2004 976 manere,
2031 940 2092 970 etc.

1455 999 1538 1033 Dixi
1580 1001 1617 1033 in
1658 1002 1760 1035 tertio
1802 1003 1879 1036 loco
1921 1003 2095 1036 contineri
2138 1003 2336 1036 doctrinam

1327 1048 1330 1086 ἶ
1357 1051 1596 1095 dignissimam
1613 1052 1781 1085 memoria
1802 1054 1844 1086 de
1868 1054 2069 1092 vocatione,
2095 1066 2173 1086 cum
2199 1054 2337 1086 diversa

1357 1103 1481 1135 sintin
1502 1100 1656 1134 Ecclesia
1675 1104 1788 1145 dona,
1816 1109 1848 1135 et
1870 1104 2026 1137 diversae
2048 1104 2266 1143 vocationes,
2292 1115 2336 1136 110

1327 1149 1331 1195 l
1357 1160 1418 1186 aut
1441 1153 1683 1195 desperatione
1715 1153 1936 1195 frangamur,
1978 1161 2036 1188 aut
2063 1155 2258 1188 invidentia
2282 1155 2339 1187 in-

1358 1204 1568 1243 cendamur,
1596 1210 1736 1246 propter
1753 1204 1841 1236 alios
1860 1205 2124 1246 antecellentes,
2150 1212 2209 1239 aut
2232 1216 2338 1249 prava

1358 1254 1555 1287 imitatione
1570 1265 1631 1286 seu
1654 1251 1875 1299 κακοζηλίᾳ,
1902 1262 1963 1288 3111
1983 1253 2338 1302 πολυπραγμοσύνῃ,

1358 1307 1492 1338 deserta
1517 1311 1635 1338 nostra
1670 1306 1878 1344 vocatione,
1922 1305 1959 1337 in
1991 1306 2123 1338 alienas
2153 1309 2339 1349 irruamus,

1358 1353 1443 1388 haec
1468 1355 1535 1387 late
1560 1361 1679 1398 patent
1704 1355 1739 1387 in
1766 1356 1856 1399 vita,
1896 1362 1936 1389 ut
1959 1357 2114 1400 exempla
2137 1358 2340 1390 ostendunt.

1358 1405 1430 1438 Nos
1452 1406 1533 1449 quia
1558 1412 1677 1438 nostra
1702 1407 1796 1438 dona
1820 1418 1893 1438 non
1918 1414 2000 1439 sunt
2025 1408 2118 1449 paria
2144 1405 2339 1450 Propheta-

1359 1468 1436 1489 rum
1463 1463 1495 1488 et
1517 1454 1768 1498 Apostolorum
1800 1456 1921 1497 donis,
1953 1457 2116 1498 angimur
2140 1463 2174 1490 et
2199 1458 2340 1490 dubita-

1359 1518 1454 1546 nius,
1489 1518 1533 1538 an
1557 1505 1632 1538 Deo
1667 1506 1884 1549 placeamus,
1924 1518 1968 1539 an
1995 1506 2089 1540 Deus
2113 1507 2195 1540 velit
2221 1509 2340 1540 adesse

1360 1564 1480 1589 nostro
1499 1556 1684 1589 curriculo.
1736 1555 1832 1589 Haec
1855 1557 2078 1591 imbecillitas
2095 1558 2264 1591 eiicienda
2281 1564 2342 1596 est,

1362 1616 1395 1640 et
1417 1607 1642 1639 serviendum
1667 1607 1767 1639 firma
1800 1607 1894 1648 fide,
1933 1608 2069 1641 etiamsi
2101 1609 2194 1641 dona
2224 1615 2342 1642 nostra

1361 1664 1444 1691 suut
1469 1658 1601 1699 exigua.
1668 1656 1850 1690 Praeterea
1877 1657 1980 1698 Cain,
2014 1658 2118 1699 Saul,
2145 1659 2345 1692 incendun-

1361 1716 1419 1742 tur
1437 1707 1645 1740 invidentia.
1699 1706 1778 1740 Hoc
1796 1708 1927 1741 malum
1947 1709 2112 1741 usitatum
2131 1717 2269 1742 estnon
2286 1721 2343 1747 so-

1363 1760 1435 1792 lum
1454 1760 1490 1791 in
1507 1757 1682 1798 Ecclesia,
1709 1759 1768 1790 sed
1789 1759 1892 1791 etiam
1908 1759 1946 1791 in
1969 1759 2048 1792 aliis
2064 1757 2247 1793 hominum
2266 1772 2345 1793 coe-

1334 1809 1336 1830 1
1362 1811 1466 1843 tibus.
1537 1808 1725 1851 Pompeius
1756 1809 1850 1842 dolet
1882 1821 2034 1842 crescere
2057 1809 2207 1849 lulium,
2251 1818 2284 1844 et
2309 1822 2344 1843 se

1364 1861 1461 1905 quasi
1481 1860 1682 1892 inferiorem
1702 1860 1781 1892 duci
1795 1885 1803 1900 ,
1838 1860 1915 1893 ideo
1936 1861 2073 1893 facilius
2090 1861 2283 1904 impellitur
2301 1863 2344 1894 ad

1363 1912 1576 1944 movendum
1598 1910 1728 1942 bellum
1755 1911 1876 1948 civile,
1904 1922 1942 1943 ac
1957 1917 1996 1943 ut
2013 1911 2050 1942 in
2067 1912 2222 1955 imperiis
2249 1912 2342 1944 sedi-

1363 1963 1476 1996 tiones
1494 1968 1526 1993 et
1541 1960 1630 1992 bella
1648 1960 1762 1993 civilia
1782 1961 1946 1994 omnibus
1963 1962 2134 1995 aetatibus
2151 1974 2191 1995 ex
2210 1962 2344 1996 invidia

1364 2020 1395 2046 et
1411 2011 1603 2055 cupiditate
1619 2010 1794 2043 vindictae
1813 2019 1888 2044 orta
1906 2019 2005 2046 sunt:
2042 2012 2088 2046 ita
2105 2024 2206 2056 saepe
2222 2013 2258 2045 in
2275 2012 2344 2046 Ec-

1364 2063 1466 2096 clesia
1484 2069 1597 2094 motae
1612 2068 1693 2094 sunt
1711 2062 1815 2094 salsae
1834 2062 2036 2106 opiniones,
2064 2069 2097 2095 et
2113 2075 2257 2106 magnae
2271 2065 2344 2097 dis·

1364 2113 1553 2157 sipationes
1579 2112 1688 2145 factae
1712 2119 1812 2154 sunt,
1845 2119 1884 2146 ut
1901 2113 2014 2146 invidi
2038 2114 2127 2147 alios
2150 2122 2340 2148 crescentes

1364 2166 1440 2198 loco
1467 2170 1666 2204 moverent,
1706 2170 1739 2196 et
1767 2175 1806 2197 ex
1838 2164 1976 2207 fastigio
2007 2170 2216 2199 excuterent.
2285 2164 2344 2198 Sic

1365 2215 1472 2250 Arius
1494 2215 1617 2247 dolens
1649 2214 1757 2247 alium
1789 2213 1855 2247 sibi
1882 2214 2072 2258 praelatum
2101 2226 2173 2247 esse
2203 2215 2240 2247 in
2274 2215 2344 2248 ele·

1364 2267 1478 2300 ctione
1495 2265 1683 2309 Episcopi,
1710 2265 1821 2298 movit
1839 2272 2012 2298 certamen
2030 2267 2072 2298 de
2089 2265 2159 2297 filio
2179 2265 2253 2300 Dei.
2296 2264 2343 2299 Et

1365 2316 1450 2351 haec
1473 2323 1591 2349 nostra
1618 2323 1709 2349 aetas
1729 2316 1817 2349 vidit
1833 2316 1987 2358 exempla
2007 2316 2226 2360 aliquorum,
2253 2329 2342 2361 quos

1365 2374 1499 2402 constat
1517 2373 1652 2400 tanturn
1671 2367 1781 2399 livore
1799 2366 1961 2399 incitatos
1977 2378 2065 2407 esse,
2094 2373 2131 2399 ut
2149 2375 2340 2405 moverent,

1363 2427 1422 2453 aut
1448 2424 1710 2461 propugnarent
1731 2418 1834 2450 falsas
1859 2417 2043 2460 opiniones
2067 2418 2108 2449 ad
2128 2417 2341 2451 labefactan-

1335 2501 1337 2505 ,
1363 2472 1442 2504 (13111
1460 2481 1580 2502 00111111
1600 2469 1840 2507 autoritatem,
1864 2468 1924 2512 qni
1942 2469 2149 2501 antecellere
2166 2468 2341 2502 existima-

1335 2512 1337 2520 *
1364 2523 1502 2554 bantur.
1556 2518 1643 2552 Cum
1669 2518 1775 2559 igitur
1800 2518 1899 2550 valde
1927 2530 2112 2552 commune
2130 2519 2260 2551 malum
2286 2519 2342 2559 sit,

1364 2573 1521 2604 invidere
1545 2570 1767 2607 melioribus,
1796 2576 1828 2601 et
1852 2581 1952 2612 saepe
1976 2567 2150 2602 horrenda
2177 2569 2340 2602 incendia

1361 2622 1554 2660 Ecclesiae,
1581 2627 1613 2653 et
1637 2619 1863 2663 imperiorum
1888 2620 1970 2653 inde
1997 2621 2175 2660 oriantur,
2201 2620 2340 2652 discen-

1329 1265 1332 1276 t

1329 1399 1332 1432 ἱ

1331 2676 1336 2708 l
1361 2675 1445 2708 dum
1467 2680 1537 2714 est,
1564 2671 1666 2717 quale
1683 2670 1727 2705 sit
1744 2667 1810 2704 hoc
1825 2672 1974 2713 malum,
2001 2683 2090 2716 quae
2108 2670 2340 2711 51111501111113,

2257 110 2329 145 436
