2415 2942
277 111 349 146 895

280 206 372 235 cata,
407 207 476 240 quo
504 193 545 226 ad
571 201 718 235 poenam
745 195 936 226 aeternam,
973 194 1088 220 tamen
1117 185 1265 219 sciamus

279 249 327 281 sic
359 247 460 279 etiam
487 255 525 276 ea
556 242 643 285 tegi,
687 252 756 284 quo
783 240 825 272 ad
853 249 1001 282 poenam
1037 236 1266 281 corporalem,

280 299 375 331 iuxta
393 296 504 328 dicta:
534 291 779 326 Misericordia
794 288 952 328 Domini,
983 289 1076 333 quod
1093 299 1163 320 non
1181 299 1265 319 con·

279 347 384 380 sumti
405 356 536 378 sumus.
592 342 676 376 Vult
700 341 794 374 enim
820 340 918 373 Deus
943 339 1167 381 superstitem
1194 349 1265 370 esse

281 397 485 431 Ecclesiam.
540 393 620 427 Non
665 390 831 436 imputari
871 396 1008 434 peccata
1053 389 1264 434 intelligitur

280 450 384 481 etiam
402 454 434 480 et
452 448 494 479 de
514 443 709 489 praeteritis
736 449 769 476 et
795 443 838 474 de
866 440 1127 485 praesentibus,
1156 447 1188 473 et
1216 445 1266 471 est

280 511 353 532 non
379 497 545 539 cogitare,
583 507 655 528 non
680 495 886 530 decernere,
912 492 1005 536 quod
1035 491 1093 523 ille
1119 490 1265 523 credens

281 552 323 584 sit
354 549 555 592 puniendus
589 553 729 579 aeterna
760 555 889 587 poena,
933 553 1133 586 quanquam
1164 547 1264 572 antea

281 600 452 644 deliquit,
482 605 514 631 et
533 595 648 630 adhuc
666 602 747 628 sunt
771 595 807 626 in
832 605 871 626 eo
891 593 1021 625 sordes.
1074 591 1193 624 Latini
1210 590 1263 622 di-

283 658 419 687 cerent.
449 649 528 682 Non
552 647 763 692 exprobrare
780 656 837 684 ea,
865 656 936 676 non
963 653 1123 675 accusare
1149 639 1265 674 homi-

281 714 361 735 nem
395 708 562 743 tanquam
595 709 692 730 reum
721 706 852 740 poenae
877 701 1046 727 aeternae.
1113 691 1181 726 Sed
1208 689 1264 723 hic

282 754 408 785 usitata
431 750 584 783 obiectio
610 747 786 780 recitanda
810 751 877 784 est,
905 755 1012 788 quare
1028 742 1157 775 Paulus
1184 742 1265 775 citat

282 805 416 836 dictum
443 803 485 834 de
509 799 732 837 remissione,
768 803 800 829 et
825 807 897 827 non
923 793 1083 836 adiungit
1108 794 1198 827 dicta
1223 793 1265 825 de

283 853 468 898 operibus,
493 850 593 883 Beati
617 849 736 885 mites,
762 845 861 879 Beati
885 844 1140 879 misericordes.
1193 842 1266 877 Re-

285 905 457 948 spondeo:
491 900 583 943 Quia
610 910 745 941 semper
766 897 858 930 dicta
878 897 920 929 de
936 895 1101 928 laudibus
1119 906 1264 938 operum

283 962 365 988 sunt
390 948 638 998 synecdochae.
692 948 898 982 Laudamur
923 946 1015 979 enim
1040 946 1076 978 in
1098 945 1170 986 his,
1205 945 1265 989 qui

285 1012 365 1039 sunt
396 1001 611 1036 reconciliati
644 1001 730 1039 fide,
774 999 868 1031 iuxta
900 997 1012 1040 dicta,
1054 995 1160 1030 Rom.
1192 996 1265 1030 14.:

284 1054 402 1089 Omne
418 1054 510 1099 quod
530 1064 600 1085 non
614 1058 663 1085 est
675 1063 713 1084 ex
730 1050 796 1082 fide
814 1056 990 1092 peccatum
1009 1053 1068 1081 est.
1097 1046 1266 1081 Rom.3.:

284 1107 412 1149 Legem
444 1104 641 1138 stabilimus
673 1100 751 1136 side.
804 1098 1060 1134 Universaliter
1088 1097 1195 1140 igitur
1230 1098 1265 1129 in

285 1157 449 1190 laudibus
475 1165 620 1198 operum
649 1153 745 1195 prius
771 1150 988 1192 intelligatur
1012 1149 1096 1181 fides
1129 1148 1267 1192 praelu-

287 1219 385 1247 cens,
424 1217 511 1250 quae
540 1204 665 1247 accipit
690 1201 928 1236 remissionem
958 1206 1199 1243 peccatorum,
1235 1205 1268 1231 et

288 1257 607 1291 reconciliationem
625 1255 731 1297 gratis
750 1259 892 1296 propter
908 1251 1148 1284 mediatorem.
1185 1248 1267 1281 ldeo

288 1308 373 1341 haec
393 1308 483 1340 dicta
502 1304 567 1338 hoc
588 1306 663 1337 loco
682 1316 753 1337 non
769 1303 938 1341 citantur,
956 1301 1037 1345 quia
1054 1302 1145 1333 bona
1164 1312 1268 1344 opera

288 1366 482 1404 sequuntur
503 1357 537 1388 in
557 1355 769 1391 iustificatis,
797 1364 868 1385 non
887 1352 1086 1385 iustificant.

390 1408 521 1441 Paulus
541 1414 654 1439 autem
680 1403 735 1437 hic
757 1403 891 1448 quaerit
914 1414 984 1434 non
1005 1401 1183 1446 quomodo
1208 1412 1270 1443 po-

289 1471 359 1494 stea
384 1471 487 1502 opera
514 1458 597 1490 fiant
624 1463 682 1489 aut
699 1455 874 1499 placeant,
903 1454 962 1485 sed
989 1452 1167 1497 quomodo
1192 1463 1269 1494 per-

291 1524 374 1545 sona
397 1511 454 1544 fiat
471 1510 577 1544 iusta,
606 1507 641 1538 id
660 1514 729 1545 est,
758 1511 894 1547 accepta
915 1502 1010 1540 Deo,
1038 1502 1198 1534 videlicet
1216 1513 1270 1533 re-

291 1562 457 1594 missione
484 1565 718 1602 peccatorum.
770 1553 852 1587 Ideo
877 1554 967 1586 dicta
997 1554 1039 1586 de
1064 1552 1270 1585 remissione

291 1614 396 1651 citat,
432 1621 520 1655 quae
552 1620 624 1641 non
656 1614 737 1640 sunt
774 1601 1012 1650 synecdoche,
1054 1602 1135 1646 quia
1167 1602 1271 1645 gratis

291 1672 433 1706 propter
451 1661 561 1693 filium
586 1659 792 1702 recipimur,
821 1663 853 1689 et
879 1652 961 1687 haec
988 1653 1147 1686 remissio
1173 1659 1272 1685 ante·

291 1716 380 1747 cedit
403 1714 496 1745 bona
521 1722 638 1754 opera.

394 1763 565 1797 Addenda
591 1768 640 1793 est
663 1766 695 1792 et
722 1755 806 1790 haec
831 1755 1040 1789 admonitio.
1094 1752 1273 1787 Osiander

293 1817 542 1858 interpretatur
573 1809 655 1843 haec
677 1810 797 1841 verina:
827 1806 998 1850 Imputata
1017 1812 1066 1838 est
1087 1806 1115 1837 ei
1139 1804 1273 1837 iusticia

293 1865 360 1899 hoc
379 1866 502 1902 modo,
530 1863 563 1895 id
584 1868 651 1903 est,
680 1859 850 1893 transfusa
870 1865 919 1890 est
939 1857 973 1889 in
994 1869 1071 1889 eum
1097 1855 1274 1888 divinitas.

293 1915 370 1950 Etsi
396 1922 508 1948 autem
537 1912 756 1945 verissimum
783 1916 850 1947 est,
880 1909 915 1940 in
934 1908 1137 1940 remissione
1155 1918 1274 1949 pecca-

294 1975 412 2000 torum
431 1964 502 1997 sieri
525 1961 801 1999 renovationem,
822 1971 899 1992 cum
919 1959 1037 1991 audita
1055 1969 1137 1990 voce
1153 1956 1274 1989 Evan-

296 2017 374 2059 gelii
401 2017 437 2049 in
463 2015 568 2047 corde
593 2011 838 2056 perterrefacto
869 2010 959 2041 filios
985 2007 1050 2040 Dei
1075 2006 1164 2040 hanc
1189 2019 1274 2040 con·

295 2068 502 2101 solationem
525 2065 629 2103 dicit,
671 2061 919 2096 Remittuntur
942 2059 1005 2091 tihi
1033 2065 1167 2103 peccata
1185 2085 1193 2097 ‚
1229 2056 1275 2089 Et

298 2122 356 2151 dat
379 2117 553 2161 Spiritum
580 2121 758 2146 sanctum:
788 2118 904 2143 tamen
929 2110 1023 2142 aliud
1045 2115 1093 2141 est
1117 2108 1211 2152 loqui
1234 2108 1276 2139 de

297 2170 357 2202 illa
382 2166 628 2204 renovatione,
661 2163 755 2196 aliud
782 2163 824 2194 de
847 2173 970 2200 causa,
1008 2166 1147 2202 propter
1170 2170 1275 2203 quam

298 2231 445 2263 persona
465 2218 561 2261 prius
582 2215 705 2257 accipit
725 2212 962 2245 remissionem
983 2217 1220 2253 peccatorum,
1245 2215 1277 2241 et

299 2271 334 2303 fit
353 2276 489 2310 accepta
502 2294 509 2308 ,
529 2278 588 2300 seu
608 2267 650 2298 de
668 2264 770 2296 modo
789 2275 857 2306 quo
875 2261 1068 2294 accedimus
1087 2262 1126 2292 ad
1149 2260 1278 2294 Deum.

401 2319 501 2353 Sicut
525 2324 639 2350 autem
664 2315 752 2347 insra
775 2313 918 2349 dicitur',
945 2311 1092 2354 Propter
1109 2311 1278 2343 obedien-

302 2371 385 2403 tiam
409 2369 514 2402 unius
537 2367 800 2400 constituuntur
825 2363 904 2396 iusti
926 2362 1042 2394 midti:
1079 2362 1122 2394 ita
1148 2359 1203 2393 hic
1224 2362 1279 2393 in-

301 2421 498 2463 telligamus
523 2417 689 2461 imputari
715 2415 816 2447 nohis
844 2413 1080 2445 obedientiam
1111 2412 1281 2444 mediato-

303 2472 370 2510 ris,
407 2476 547 2513 propter
571 2479 672 2512 quem
699 2464 868 2498 hahemus
899 2464 1136 2496 remissionem
1163 2474 1280 2505 pecca-

302 2530 419 2555 torum
439 2527 469 2552 et
488 2518 773 2561 acceptationem.
803 2514 885 2548 Ideo
903 2522 933 2547 et
955 2512 1010 2546 hic
1026 2513 1156 2546 Paulus
1173 2513 1284 2545 citans

302 2572 497 2605 psalmum:
526 2567 621 2600 Beati
657 2579 805 2610 quorum
824 2566 987 2598 remissae
1012 2571 1091 2596 sunt
1116 2563 1285 2607 iniquita-

303 2633 352 2656 tes
370 2629 431 2654 etc.
485 2618 653 2653 Ostendit
670 2628 703 2649 se
732 2616 829 2660 loqui
855 2617 897 2647 de
926 2615 1174 2658 imputatione,
1216 2626 1284 2658 qua

304 2673 406 2705 not-»is
425 2677 567 2716 propter
587 2667 811 2701 mediatorem
831 2673 966 2710 peccata
984 2665 1228 2705 remittuntur,
1252 2672 1283 2697 et

881 100 1005 136 PIIIL.
1033 99 1148 137 MEL.
1174 97 1382 136 SCRIPTA
1411 96 1709 136 EXEGETtCA.

2227 101 2300 138 896

1320 197 1387 230 qua
1405 196 1550 229 persona
1567 191 1704 228 accepta
1721 191 1782 219 est.
1822 183 1906 220 Ideo
1927 193 1958 221 et
1977 194 2093 231 postea
2111 188 2211 221 dicit:
2240 186 2301 221 Fi-

1319 238 1379 269 des
1397 236 1589 280 imputatur
1608 235 1638 268 ei
1655 236 1695 268 ad
1717 235 1909 277 iusticiam,
1931 240 1989 271 sed
2008 245 2149 283 propter
2167 239 2301 272 media-

1320 294 1458 328 torem,
1512 294 1545 320 et
1573 286 1631 319 illa
1667 285 1771 327 fides,
1823 299 1910 332 quae
1946 288 2072 323 nititur
2108 290 2299 323 mediatore

1320 346 1438 381 petens
1481 344 1514 370 et
1557 337 1732 380 accipiens
1774 337 2015 371 remissionem
2067 347 2296 382 peccatorum.

1319 387 1370 421 Ac
1395 388 1640 421 universaliter
1663 388 1710 421 sic
1736 388 1863 422 docent
1881 386 2092 432 Prophetae,
2120 389 2298 424 Acceden-

1319 440 1403 472 dum
1429 450 1499 472 esse
1519 439 1560 472 ad
1583 438 1693 472 Deum
1720 438 1846 472 fiducia
1872 439 2130 472 misericordiae
2157 448 2299 484 propter

1319 490 1568 528 mediatorem,
1594 489 1680 523 sicut
1698 488 1823 523 Daniel
1845 489 1977 534 inquit:
2005 489 2086 523 Non
2106 491 2140 522 in
2164 490 2300 524 iusticia

1319 547 1455 579 nostra,
1480 541 1537 572 sed
1560 541 1594 572 in
1612 540 1847 573 misericordia
1875 549 1932 574 tua
1952 548 2092 584 propter
2107 539 2300 574 Dominum

1318 592 1442 624 exaudi
1462 603 1535 625 nos.
1588 590 1631 624 Et
1650 590 1789 623 Psalmo
1805 591 1859 625 6.:
1897 590 2040 624 Salvum
2066 603 2120 624 me
2143 591 2194 624 sac
2217 603 2301 635 pro-

1319 648 1397 685 pter
1415 641 1691 675 misericordiam
1711 649 1819 677 tuam.
1872 641 1917 675 Et
1929 641 2062 676 Exest:
2090 641 2302 676 Dominator

1319 691 1494 726 Dominus
1519 691 1612 725 Deus
1635 692 1845 726 misericors.

1420 742 1464 775 lit
1490 741 1593 777 Rom.
1618 741 1673 777 5.;
1719 742 1786 776 Per
1813 741 1908 776 hunc
1935 740 2104 777 habemus
2128 754 2301 777 accessum

1319 794 1361 827 ad
1378 792 1503 828 Deum.
1558 792 1660 826 ltem:
1689 792 1800 827 Nemo
1818 794 1977 837 pervenit
1993 795 2035 827 ad
2055 802 2207 838 patrem,
2234 793 2303 827 nisi

1319 857 1380 889 per
1400 844 1522 878 filium.
1575 841 1621 877 Et
1640 851 1756 877 tamen
1782 857 1902 877 verum
1922 851 1990 885 est,
2016 852 2055 878 ut
2082 845 2184 878 toties
2209 844 2303 877 dixi-

1319 906 1414 934 mus,
1449 894 1563 927 Simul
1590 894 1624 926 in
1655 893 1719 927 hac
1751 896 1955 927 remissione
1988 895 2098 928 silium
2123 895 2190 929 Dei
2220 896 2304 928 dare

1321 946 1423 978 nohis
1448 946 1490 977 de
1517 944 1647 987 spiritu
1672 957 1754 986 suo,
1790 948 1846 978 sed
1874 958 1944 978 non
1967 947 2228 979 obscurandum
2253 952 2304 979 est

1320 996 1482 1029 meritum
1500 993 1649 1034 Christi,
1680 1008 1741 1028 nec
1758 997 1982 1029 abducendae
1999 1003 2080 1030 sunt
2105 1003 2238 1030 mentes
2258 997 2303 1028 ab

1320 1045 1384 1080 hac
1416 1046 1519 1078 unica
1543 1046 1784 1079 consolatione
1816 1047 1850 1079 in
1879 1046 2072 1090 Evangelio
2103 1047 2304 1091 proposita,

1321 1108 1411 1142 quae
1436 1096 1609 1137 affirmat,
1637 1097 1743 1140 recipi
1762 1104 1793 1130 et
1812 1097 1946 1141 placere
1963 1098 2143 1130 credentes
2160 1104 2305 1141 propter

1321 1148 1546 1181 mediatorem
1561 1175 1568 1186 ,
1597 1147 1682 1180 sicut
1700 1159 1803 1189 supra
1823 1147 1927 1182 dixit:
1958 1146 2071 1190 Quem
2092 1149 2204 1192 posuit
2224 1160 2306 1192 pro·

1321 1199 1524 1243 piciatorem
1541 1198 1620 1232 fide.
1672 1197 1880 1232 Retineatur
1897 1205 2011 1232 autem
2030 1199 2195 1232 adversus
2213 1199 2306 1231 mul-

1320 1257 1371 1282 tas
1391 1248 1631 1282 cavillationes
1651 1246 1734 1281 haec
1751 1249 1962 1287 admonitio,
1979 1261 2056 1282 cum
2075 1249 2112 1282 in
2134 1248 2305 1282 vocabulo

1321 1301 1479 1333 iusticiae
1503 1299 1683 1333 fatendum
1707 1300 1770 1338 sit,
1807 1311 1878 1333 esse
1904 1298 1995 1333 hanc
2021 1299 2229 1333 relationem
2249 1311 2306 1333 ac-

1322 1350 1544 1394 ceptationiS,
1592 1361 1728 1383 necesse
1755 1357 1804 1383 est
1833 1350 1982 1392 intelligi
2009 1362 2073 1383 nos
2098 1351 2227 1394 iustos,
2268 1350 2304 1383 id

1321 1409 1389 1439 est,
1428 1408 1583 1443 acceptos
1611 1412 1682 1432 esse
1707 1407 1849 1443 propter
1879 1401 2108 1433 mediatorem
2133 1400 2245 1434 Deum
2275 1407 2308 1433 et

1323 1450 1521 1490 hominem,
1564 1458 1596 1485 et
1621 1462 1691 1484 uon
1719 1451 1870 1493 intelligi
1897 1451 2069 1484 iusticiam
2099 1458 2233 1484 tantum
2265 1451 2308 1483 de

1322 1502 1520 1536 divinitate.

1474 1572 1704 1620 Impulalum
1736 1579 1785 1608 est
1810 1573 1843 1607 ei
1867 1574 1905 1607 in
1929 1575 2132 1622 praepulio.

1541 1638 1748 1677 Quartum
1783 1646 2091 1677 argumentum.

1425 1700 1564 1734 lusticia
1583 1700 1751 1744 imputata
1771 1707 1821 1733 est
1837 1707 1917 1733 ante
1944 1700 2258 1741 circumcisionem,

1426 1752 1517 1794 Ergo
1555 1751 1771 1783 circumcisio
1810 1763 1881 1783 non
1913 1758 1962 1785 est
1993 1764 2121 1793 causa,
2168 1758 2310 1795 propter

1489 1815 1591 1847 quam
1620 1799 1798 1835 Abraham
1831 1808 1881 1835 est
1906 1801 2027 1835 iustus.

1427 1853 1687 1897 Consequentia
1716 1852 1897 1884 manifesta
1929 1860 2005 1892 est,
2054 1852 2135 1896 quia
2168 1852 2310 1885 effectus

1327 1916 1398 1937 non
1423 1904 1595 1937 antecedit
1621 1915 1758 1935 causam
1785 1909 1952 1945 tempore.
2004 1901 2240 1936 Circumcisus
2262 1910 2311 1936 est

1327 1964 1442 1990 autem
1461 1952 1640 1988 Abraham
1659 1966 1752 1985 anno
1773 1954 1892 1986 aetatis
1910 1965 1990 1985 suae
2009 1952 2087 1990 99„
2116 1965 2193 1985 cum
2210 1960 2311 1986 antea

1329 2013 1472 2039 vocatus
1492 2011 1578 2038 esset
1597 2017 1635 2036 ex
1656 2003 1776 2036 Haran
1795 2001 1854 2036 75.
1908 2003 1998 2037 Sunt
2013 2015 2094 2046 ergo
2111 2003 2195 2036 anni
2212 2004 2256 2037 ab
2273 2016 2311 2037 ea

1328 2057 1513 2090 vocatione
1538 2056 1580 2087 ad
1609 2054 1909 2087 circumcisionem
1936 2053 1995 2088 24.

1435 2106 1475 2140 ln
1508 2104 1574 2138 hoc
1602 2112 1807 2147 argumento
1840 2104 2042 2138 continetur
2079 2104 2238 2137 doctrina
2268 2106 2310 2137 de

1331 2158 1438 2201 signis
1457 2169 1516 2191 seu
1540 2156 1782 2194 sacramentis,
1810 2163 1847 2188 ut
1866 2156 1990 2188 usitate
2011 2155 2250 2195 nominamus,
2278 2161 2311 2186 et

1332 2209 1491 2242 doctrina
1514 2209 1556 2239 de
1591 2207 1692 2239 honis
1725 2207 1900 2250 operibus.
1953 2203 2132 2239 Abraham
2165 2217 2236 2237 nou
2262 2211 2312 2237 est

1334 2260 1444 2292 iustus
1469 2265 1611 2301 propter
1635 2268 1742 2300 opus,
1768 2258 1861 2301 quod
1879 2257 2019 2301 quidem
2039 2268 2056 2287 a
2073 2254 2147 2287 Deo
2165 2254 2309 2286 manda-

1332 2317 1406 2343 tum
1426 2317 1512 2342 erat:
1539 2320 1619 2350 ergo
1641 2320 1704 2340 nec
1727 2319 1791 2340 nos
1807 2319 1926 2340 sumus
1942 2306 2021 2339 iusti
2039 2311 2181 2348 propter
2197 2316 2312 2348 opera,

1335 2362 1393 2393 sed
1420 2361 1556 2404 placent
1574 2358 1646 2391 Deo
1671 2359 1762 2390 hona
1788 2369 1890 2401 opera
1912 2357 1948 2388 in
1969 2354 2040 2392 his,
2069 2356 2127 2399 qui
2152 2356 2219 2386 iam
2245 2355 2311 2388 fide

1336 2411 1417 2444 iusti
1445 2417 1544 2450 sunt,
1574 2409 1707 2442 etiamsi
1727 2407 1870 2441 haerent
1888 2405 2001 2439 adhuc
2019 2406 2054 2437 in
2072 2406 2120 2438 eis
2146 2405 2313 2449 reliquiae

1335 2462 1483 2506 peccati,
1510 2467 1547 2494 ut
1565 2460 1647 2492 alibi
1668 2459 1842 2501 copiosius
1863 2457 2003 2491 dicitur.

1438 2512 1538 2545 Nunc
1561 2510 1604 2544 de
1624 2508 1858 2543 Sacramentis
1882 2507 2047 2541 dicamus.
2100 2505 2231 2539 Paulus
2256 2507 2311 2538 in-

1336 2563 1426 2605 signi
1447 2564 1554 2594 verlm
1577 2571 1660 2593 usus
1683 2565 1752 2597 est,
1787 2558 1947 2591 nominat
1973 2557 2066 2590 hunc
2088 2558 2194 2590 ritum
2216 2557 2313 2600 sigil-

1336 2613 1410 2646 lum
1438 2612 1595 2646 iusticiae
1618 2610 1708 2642 fidei.
1762 2608 1829 2641 Hie
1855 2609 2005 2652 primum
2025 2608 2245 2641 considerent
2261 2607 2314 2640 di-

1337 2670 1491 2703 scentes,
1535 2673 1622 2706 quae
1646 2661 1715 2693 sint
1740 2660 1866 2693 usitata
1901 2656 2084 2691 hominum
2114 2658 2242 2692 iudicia
2274 2658 2316 2691 do
