2415 2942
269 133 345 170 915

296 214 534 252 Commendo!
555 221 673 249 antcm
693 214 795 249 Deus
813 213 917 248 nohis
935 226 1040 247 suum
1059 223 1231 247 amorem.

377 287 660 319 Commemorata
680 285 868 318 dilectione
892 283 981 315 redit
1004 282 1044 314 ad
1058 282 1159 314 illam
1180 291 1258 324 par-

276 346 343 371 tvm
370 337 517 380 epilogi,
546 349 648 381 qnam
676 336 873 369 instituerat
891 335 935 366 de
958 333 1170 370 salvatione,
1198 343 1258 364 seu

278 390 319 421 de
338 389 640 420 consummatione
665 386 824 419 beneficii
851 385 912 417 filii
931 384 1005 417 Dei.
1059 382 1147 415 Cum
1164 381 1258 414 Deus

278 450 342 471 nos
361 446 502 482 propter
521 437 699 471 Christum
720 437 888 469 immensa
906 434 1145 467 misericordia
1166 444 1258 465 rece-

279 490 387 533 perit,
414 501 491 521 cum
514 500 664 521 essemus
689 488 831 527 iniusti,
859 493 991 531 quanto
1017 485 1125 526 magis
1149 490 1258 515 aeter-

280 553 361 572 nam
397 540 542 572 salutem
577 540 702 580 dabit,
743 545 926 583 postquam
957 548 1051 568 nunc
1085 533 1258 568 iustificati

282 603 401 624 sumus
427 591 506 623 insti
533 590 702 632 sanguine
726 587 869 624 Christi.
939 586 1038 619 lianc
1064 585 1259 618 doctrinam

283 643 324 673 de
342 642 644 674 consummatione
663 640 818 672 beneficii
837 650 974 672 necesse
992 645 1039 670 est
1058 637 1158 673 addi,
1181 634 1261 679 quia

285 693 369 737 quid
395 694 571 736 prodesset
595 699 752 735 receptos
783 702 872 729 esse,
911 689 939 722 si
967 699 1037 720 non
1060 692 1264 731 sequeretur

284 751 423 776 aeterna
442 742 546 775 solus.
594 741 688 774 Haec
705 741 884 784 perspicua
905 745 998 772 sunt.

385 801 543 835 Sciamus
572 809 685 834 autem
717 807 749 834 et
784 799 1022 833 dulcissimam
1052 794 1265 829 consolatio-

285 865 363 885 nem
385 854 472 886 tradi
492 853 656 885 adversus
673 851 848 893 ingentem
867 849 1155 885 imbecillitatem,
1178 856 1265 889 quae

285 904 419 948 reliqua
437 903 538 937 estin
556 901 626 943 his,
654 903 713 946 qui
733 900 907 935 iustificati
927 899 1060 933 suntin
1079 895 1143 930 hac
1160 897 1240 930 vita.

386 961 548 995 Astii-mat
565 962 657 994 enim
677 959 739 993 hos
756 967 850 993 certo
868 957 1033 992 haeredes
1050 957 1140 989 vitae
1155 961 1267 988 aeter-

287 1025 367 1045 nae:
403 1025 603 1057 quanquam
632 1010 777 1044 haerent
804 1011 839 1042 in
866 1010 967 1042 nobis
993 1008 1161 1052 reliquiae
1187 1017 1262 1048 pec-

288 1065 374 1103 cati,
403 1072 518 1097 tamen
537 1063 709 1096 iustificati
728 1072 848 1095 sumus
868 1060 1037 1103 sanguiue
1053 1056 1183 1091 Christi
1196 1084 1203 1094 ,
1231 1057 1266 1088 id

288 1123 348 1153 est,
370 1122 549 1147 teneamus
566 1112 654 1146 hanc
667 1112 955 1148 consolationem,
977 1122 1039 1142 nos
1058 1120 1128 1141 esse
1145 1120 1268 1140 recon-

288 1166 442 1201 ciliatos,
470 1167 502 1197 id
522 1173 587 1202 est,
616 1166 751 1208 placere
768 1163 842 1196 Deo
865 1168 1006 1204 propter
1026 1160 1267 1196 mediatorem,

290 1228 489 1261 quanquam
515 1227 634 1249 sumus
660 1215 797 1257 indigni
823 1221 855 1246 et
880 1212 1029 1249 infirmi,
1057 1217 1089 1243 et
1113 1219 1271 1253 expresse

291 1268 434 1300 dicitur:
472 1267 648 1299 lustiticati
673 1265 842 1308 sangnine
863 1291 871 1301 ,
907 1264 940 1294 id
967 1269 1035 1301 est,
1070 1259 1269 1293 obedientia

291 1316 441 1357 Christi,
469 1317 557 1349 sicut
584 1318 673 1349 infra
699 1316 846 1348 dicitur:
878 1314 942 1346 Per
970 1313 1075 1344 unius
1103 1311 1271 1343 obedien-

292 1369 374 1402 tiam
395 1369 473 1401 iusti
500 1368 762 1401 constituuntur
786 1364 899 1397 multi.
955 1361 998 1396 Et
1025 1363 1274 1404 interpretatur

293 1420 364 1461 ipse
384 1417 439 1452 hic
464 1419 673 1451 vocabulum
699 1417 894 1453 iustificati,
921 1413 1091 1446 vocabulo
1117 1411 1272 1444 reconci-

293 1470 388 1510 liati,
416 1477 452 1503 ut
470 1470 618 1501 sciamus
637 1470 671 1501 in
690 1467 880 1505 vocabulo,
908 1465 1011 1503 lusti,
1040 1469 1201 1505 oportere
1220 1461 1274 1492 in-

298 1522 404 1564 telligi
431 1520 656 1557 relationem,
686 1518 846 1551 videlicet
872 1514 1191 1549 reconciliationem
1217 1523 1275 1543 sen

294 1571 579 1614 acceptationem,
605 1583 692 1616 quae
707 1571 742 1602 fit
761 1574 902 1612 propter
919 1565 1147 1598 mediatorem
1163 1562 1276 1595 Deum

295 1631 328 1656 et
348 1621 540 1655 hominem.

399 1680 443 1714 Et
468 1689 584 1714 tamen
620 1691 740 1712 verum
771 1685 841 1717 est,
882 1676 970 1709 sicut
1003 1674 1095 1707 infra
1129 1672 1276 1705 dicitur:

296 1733 363 1766 Per
383 1732 561 1766 Christum
588 1730 664 1763 dari
687 1729 832 1772 gratiam
859 1734 891 1761 et
917 1727 1069 1759 donum:
1098 1723 1186 1757 Cum
1212 1723 1278 1754 fide

299 1784 620 1818 reconciliationem
654 1778 972 1824 apprehendimus,
1013 1774 1181 1808 vivificari
1215 1784 1278 1805 nos

298 1848 359 1880 per
376 1835 487 1868 filium
500 1861 507 1874 ,
532 1835 619 1866 sicut
637 1832 710 1875 ipse
727 1831 857 1874 inquit:
887 1826 961 1871 Ego
979 1827 1084 1860 vitam
1103 1833 1279 1859 aeternam

300 1889 344 1919 do
369 1887 427 1919 eis.
493 1884 595 1917 ltem:
633 1882 702 1924 Qui
730 1880 835 1914 hahet
858 1880 990 1921 filium,
1026 1877 1133 1911 habet
1163 1877 1282 1909 vitam.

301 1936 406 1970 Item:
441 1933 509 1969 Dat
534 1935 636 1968 nobis
662 1936 704 1967 de
727 1932 861 1976 Spiritu
891 1941 966 1963 suO.
1028 1929 1095 1963 Sed
1126 1927 1284 1972 praeclu-

302 2000 377 2022 cere
412 1987 507 2019 illam
544 1985 818 2019 consolationem
855 1987 1009 2026 oportet,
1045 1991 1133 2024 quae
1165 1976 1283 2011 statuit

300 2051 365 2072 nos
388 2045 530 2083 propter
555 2037 778 2069 mediatorem
803 2033 916 2067 Deum
940 2039 972 2064 et
996 2030 1200 2067 hominem,
1231 2039 1285 2060 re-

301 2091 369 2134 cipi
394 2097 427 2123 et
451 2089 603 2133 placete,
635 2088 723 2121 sicut
748 2083 805 2118 hic
828 2083 959 2129 inquit:
995 2080 1173 2115 Iustificati
1205 2090 1284 2111 san—

300 2142 417 2187 guine-

596 2221 812 2258 Gloriantes
831 2220 869 2254 in
886 2217 980 2253 Deo.

407 2303 485 2336 Non
513 2301 702 2344 gloriantes
725 2300 760 2331 in
787 2296 1007 2339 nobisipsis,
1035 2292 1102 2327 hoc
1117 2301 1182 2333 est,
1209 2305 1281 2327 non

304 2355 496 2386 tribuentes
521 2344 643 2394 nobis,
679 2352 771 2395 quod
797 2358 935 2381 nostrae
961 2346 1130 2384 virtutes,
1165 2356 1281 2381 nostr„

305 2405 460 2443 novitas,
486 2410 602 2436 nostra
630 2402 752 2434 merita
771 2400 842 2432 sint
865 2409 965 2431 causa
990 2395 1094 2428 huius
1118 2398 1203 2430 tanti
1223 2400 1282 2432 be-

305 2455 418 2487 neficii
431 2480 439 2493 ,
464 2456 521 2486 sed
543 2454 638 2486 Deus
654 2459 795 2496 propter
811 2451 922 2483 filiurn
941 2450 1000 2481 dat
1015 2446 1153 2485 Gratis,
1178 2456 1211 2482 et
1228 2461 1281 2482 re-

305 2505 584 2538 conciliationem
620 2510 652 2536 et
682 2504 788 2536 vitam
818 2508 1006 2534 aeternam.
1075 2498 1173 2532 Sicut
1196 2500 1280 2533 alibi

304 2556 433 2600 inquit:
464 2554 533 2596 Qui
552 2554 732 2596 gloriatur,
755 2553 790 2584 in
804 2551 955 2586 Domino
967 2550 1144 2594 glorietur.
1177 2550 1280 2584 Item:

304 2606 472 2639 Gaudens
499 2604 656 2647 gaudebo
681 2603 716 2635 in
744 2602 915 2643 Domino,
945 2602 1038 2646 quod
1065 2601 1280 2635 vestimentis

303 2657 458 2690 iusticiae
483 2655 599 2688 induit
625 2665 698 2693 me,
732 2660 765 2687 et
790 2654 996 2687 vestimento
1026 2651 1148 2685 salutis
1175 2652 1280 2686 vesti-

302 2716 350 2742 vit
376 2719 440 2739 me.

867 128 991 162 PHlL.
1018 125 1134 161 MEL.
1163 124 1368 162 SCRIPTA
1398 121 1696 158 EXEGETICA.

2218 127 2292 162 916

1411 207 1654 253 Opponantur
1672 216 1786 242 autem
1805 215 1837 243 et
1855 207 1939 245 haec
1956 211 2048 245 dicta
2073 219 2211 246 nostrae
2239 213 2294 245 in-

1312 260 1483 299 firmitati,
1520 267 1551 294 ct
1581 267 1772 294 statuamus
1804 267 1934 293 certum
1970 273 2042 295 esse
2072 263 2295 304 beneficium,

1310 311 1535 344 donationem
1568 312 1657 344 vitae
1692 318 1853 343 aeternae
1887 318 2030 354 propter
2053 314 2294 354 mediatorem,

1313 361 1446 394 etiamsi
1472 360 1588 395 adhuc
1615 360 1762 394 haerent
1786 361 1823 394 in
1846 361 1949 395 nobis
1969 362 2136 407 reliquiae
2157 365 2298 406 peccati,

1314 412 1406 444 iuxta
1431 412 1581 446 dictum:
1618 411 1723 445 Nulla
1747 424 1841 445 nuuc
1859 413 2038 446 damnatio
2065 421 2114 447 est
2139 411 2210 454 hiS‚
2237 416 2297 460 qui

1314 462 1348 494 in
1370 459 1509 496 Christo
1531 462 1607 497 Iesu
1631 463 1824 495 ambulant.

1314 543 1415 578 Sicut
1438 556 1502 591 per
1527 558 1639 579 unam
1667 542 1849 578 hominem
1867 549 2047 590 peccalum
2065 544 2104 579 in
2121 543 2300 580 mundum

1683 596 1834 629 miravit
1858 600 1919 631 ele.

1415 662 1587 707 Superior
1608 676 1687 708 pars
1704 662 1885 708 Epistolae
1904 665 2063 708 exposuit
2090 665 2304 708 propositio·

1319 726 1419 754 nem,
1454 714 1636 747 iustificari
1663 713 1824 748 homines
1849 715 1916 748 fide
1939 723 2080 758 propter
2104 715 2215 748 filium
2237 715 2305 748 Dei

1319 765 1571 805 mediatorem,
1612 777 1684 798 non
1716 773 1858 810 propter
1891 766 2021 808 legem,
2061 772 2122 799 aut
2156 773 2301 810 propter

1319 822 1435 848 nostra
1480 826 1603 858 opera,
1655 823 1688 850 et
1721 816 1956 861 propositioni
1997 816 2135 850 addidit
2178 816 2308 850 confir-

1320 874 1522 900 mationem.

1421 916 1523 949 Nunc
1547 916 1644 950 velut
1668 928 1800 950 novum
1827 917 1958 951 librum
1982 917 2128 951 incoans
2151 917 2306 951 instituit

1320 963 1510 1007 (ἤι’άλυσιν,
1538 967 1574 999 in
1592 979 1658 1012 qua
1674 968 1816 1010 exponit
1835 969 1971 1010 singula
1987 968 2173 1009 vocabula,
2200 968 2302 1001 vide-

1322 1019 1399 1050 licet
1442 1018 1590 1061 peccati,
1626 1018 1746 1061 Legis,
1785 1018 1949 1059 Gratiae,
1983 1026 2016 1052 et
2041 1018 2180 1061 copiose
2205 1019 2307 1051 docet.

1327 1067 1537 1108 Ecclesiam,
1572 1069 1666 1101 unde
1692 1069 1735 1101 sit
1759 1076 1960 1112 peccatum,
1997 1075 2030 1102 et
2054 1069 2114 1113 qui
2137 1069 2208 1101 sint
2231 1069 2307 1101 eius

1324 1119 1475 1154 effectus.
1519 1118 1657 1151 Deinde
1674 1119 1752 1164 quis
1770 1119 1812 1152 sit
1829 1119 1972 1152 effectus
1988 1119 2191 1163 principalis
2206 1118 2306 1161 legis.

1328 1171 1444 1202 Postea
1463 1171 1557 1203 unde
1573 1170 1618 1203 sit
1635 1170 1764 1213 gratia,
1792 1170 1877 1214 quid
1894 1170 1957 1210 sit,
1986 1177 2019 1204 et
2035 1181 2125 1215 quae
2141 1169 2308 1203 beneficia

1325 1221 1584 1264 complectatur.

1669 1302 1775 1350 Quid
1797 1304 1846 1337 sil
1873 1301 1968 1340 Lex.

1426 1371 1497 1404 Lex
1518 1373 1659 1404 moralis
1684 1381 1732 1406 est
1758 1381 1896 1405 aeterna
1921 1379 1953 1405 et
1973 1373 2115 1406 immota
2140 1372 2309 1416 sapientia

1328 1430 1359 1455 vt
1375 1434 1497 1455 norma
1523 1423 1678 1454 iustitiae
1704 1423 1738 1454 in
1768 1423 1860 1460 Deo,
1899 1424 2067 1466 patefacta
2084 1421 2309 1463 homiuibus,

1329 1473 1500 1505 transfusa
1525 1474 1561 1504 in
1580 1484 1642 1505 nos
1667 1472 1772 1504 simili
1801 1473 1877 1505 luce
1904 1473 1939 1505 in
1966 1472 2162 1513 creatione,
2189 1481 2221 1506 et
2247 1485 2310 1515 po—

1330 1532 1398 1555 stea
1415 1523 1632 1566 promulgata
1653 1524 1688 1554 in
1706 1521 1900 1565 Decalogo‚
1933 1530 1971 1556 ut
1986 1523 2134 1556 sciamus
2154 1524 2247 1568 quod
2267 1523 2310 1556 sit

1333 1573 1443 1611 Deus,
1471 1580 1503 1606 et
1527 1574 1638 1617 qualis
1663 1573 1726 1609 sit,
1752 1581 1783 1605 et
1809 1574 2049 1605 discernamus
2071 1585 2149 1605 eum
2173 1586 2191 1605 a
2210 1573 2311 1605 malis

1333 1624 1484 1662 naturis,
1521 1631 1553 1656 et
1580 1623 1817 1664 intelligamus
1840 1634 1904 1654 nos
1929 1629 2090 1666 oportere
2115 1623 2145 1655 ei
2170 1624 2311 1655 confor-

1334 1686 1401 1706 mes
1420 1685 1510 1714 esse,
1537 1685 1658 1705 omnes
1676 1680 1850 1706 creaturas
1868 1673 2055 1706 rationales
2073 1673 2249 1716 obligans,
2273 1681 2310 1707 ut

1335 1725 1401 1757 sint
1428 1725 1531 1763 tales,
1559 1725 1677 1766 quales
1706 1724 1764 1756 illa
1783 1724 1950 1766 sapientia
1970 1724 2033 1757 Dei
2050 1735 2122 1756 esse
2136 1724 2316 1767 praecipit,

1336 1775 1514 1819 postulans
1548 1775 1718 1817 integram
1748 1774 2003 1814 obedientiam,
2043 1781 2076 1807 et
2098 1775 2316 1807 denuncians

1335 1833 1508 1859 aeternam
1536 1826 1622 1857 iram
1647 1823 1711 1857 Dei
1736 1826 1919 1864 omnibus,
1947 1825 2007 1869 qui
2032 1836 2103 1857 non
2129 1831 2210 1858 sunt
2233 1825 2316 1857 tales

1336 1878 1427 1910 iuxta
1456 1877 1626 1919 integram
1657 1876 1920 1913 obedientiam,
1963 1876 2031 1908 nisi
2061 1875 2120 1908 fiat
2153 1875 2311 1908 remissio

1338 1934 1477 1972 propter
1506 1927 1630 1960 filium.

1438 1985 1532 2019 Haec
1566 1985 1723 2018 definitio
1752 1984 1903 2017 sumitur
1934 1996 1973 2017 ex
2004 1985 2120 2018 verbis
2151 1984 2312 2028 Decalogi

1339 2036 1450 2071 Exod.
1473 2037 1533 2072 20.
1569 2044 1601 2070 et
1625 2048 1664 2068 ex
1690 2035 1811 2078 Capite
1837 2042 1960 2080 quarto
1985 2034 2107 2070 Deut.:
2146 2034 2240 2068 Haec
2266 2044 2315 2069 est

1339 2088 1507 2131 sapientia
1533 2093 1643 2120 vestra
1666 2093 1697 2120 et
1724 2086 1921 2119 intellectus
1943 2092 2009 2120 etc.
2078 2085 2183 2119 Item:
2219 2085 2313 2119 Deus

1340 2140 1429 2182 ignis
1454 2149 1662 2172 consumens
1685 2144 1746 2171 est.
1819 2136 1921 2170 Item:
1956 2136 2168 2170 Maledictus
2199 2137 2315 2169 omnis

1339 2190 1398 2234 qui
1424 2201 1494 2222 non
1521 2195 1637 2221 manet
1666 2188 1702 2220 in
1736 2187 1920 2225 omnibus,
1957 2199 2046 2232 quae
2071 2188 2107 2220 in
2133 2187 2206 2230 lege
2229 2187 2315 2220 scri-

1338 2249 1392 2285 pta
1410 2246 1502 2274 sunt.

1434 2298 1630 2332 Prudenter
1649 2304 1762 2329 autem
1783 2297 2028 2329 discernantur
2051 2307 2069 2328 a
2096 2295 2167 2338 lege
2189 2297 2316 2329 morali

1334 2348 1594 2383 Ceremoniates
1610 2355 1641 2381 et
1661 2347 1839 2381 Forenses.
1894 2346 1985 2389 Quia
2011 2347 2103 2379 enim
2121 2346 2215 2380 Deus
2233 2359 2316 2380 con-

1333 2401 1445 2434 stitnit
1470 2400 1626 2444 politiam
1655 2398 1777 2438 lsrael,
1814 2404 1851 2430 ut
1879 2405 1992 2430 certus
2016 2397 2111 2430 locus
2137 2404 2241 2437 esset,
2277 2397 2314 2430 in

1334 2464 1403 2495 quo
1427 2463 1466 2484 ex
1498 2458 1587 2483 certa
1619 2450 1725 2492 stirpe
1747 2454 1945 2481 nasceretur
1968 2445 2149 2487 Christus,
2190 2455 2223 2482 et
2253 2448 2315 2481 ubi

1333 2503 1608 2545 conspiceretur,
1637 2501 1792 2536 doceret,
1822 2499 1938 2531 ederet
1962 2499 2183 2539 testimonia,
2219 2506 2315 2542 pate-

1334 2560 1447 2592 retur,
1481 2559 1514 2585 et
1536 2551 1726 2593 refugeret,
1765 2557 1847 2582 sunt
1869 2549 2008 2581 additae
2038 2549 2130 2592 leges
2161 2561 2315 2582 ceremo-

1332 2603 1442 2635 niales
1465 2610 1498 2636 et
1525 2603 1678 2635 forenses
1709 2600 1752 2632 ad
1773 2606 1904 2633 certum
1923 2606 2078 2643 tempus,
2107 2600 2186 2644 quia
2205 2600 2314 2633 socie—

1332 2660 1381 2686 tas
1402 2651 1553 2686 humana
1576 2651 1612 2684 in
1630 2648 1694 2684 hac
1712 2649 1807 2683 civili
1826 2651 2080 2683 consuetudine
2104 2662 2175 2682 non
2201 2656 2313 2694 potest

1331 2715 1401 2737 esse
1424 2704 1499 2737 sine
1522 2703 1646 2736 ordine
1674 2708 1706 2735 et
1730 2702 1805 2734 sine
1830 2701 1982 2735 iudiciis.
2048 2700 2172 2735 Voluit
2197 2707 2312 2734 autem
