2415 2942
265 101 338 135 787
848 87 975 123 PHlL.
1002 86 1120 123 MEL.
1148 85 1358 122 SCRIPTA
1383 85 1684 124 ExEGE‘rtcA.

268 194 301 220 te
318 193 381 220 etc.
408 183 480 217 Has
497 178 687 213 sententias
705 183 736 210 et
755 174 886 208 similes
904 173 1007 206 nobis
1026 173 1253 210 inculcemuS,
1276 169 1281 206 1
1409 171 1535 206 Pulcre
1558 179 1673 206 autem
1697 171 1856 216 depingit
1880 171 1967 207 baec
1983 173 2154 207 sententia
2173 183 2291 206 resur-

271 246 300 270 οι
322 238 363 268 :td
382 245 444 266 nos
464 242 604 276 quoque
626 228 800 271 pertinere
822 232 1036 264 statuamus,
1069 231 1100 257 et
1125 223 1256 256 talibus
1310 224 1501 257 rectionem
1524 230 1557 257 et
1579 234 1726 266 regnum
1748 221 1892 257 Christi.
1948 223 2053 266 Quod
2073 224 2167 257 enim
2185 223 2288 256 dicit:

272 283 566 331 promissionibus
584 281 686 312 fidem
707 278 743 310 iu
763 276 864 309 nobis
882 275 1090 313 excitemus,
1111 275 1257 313 alamus,
1308 273 1386 307 Erit
1403 286 1498 307 mors
1522 275 1597 307 eius
1619 274 1790 317 gloriosa,
1817 273 1986 316 significat
2005 285 2084 307 eum
2103 286 2175 307 non
2195 274 2288 318 peri-

272 345 375 380 atquc
392 333 656 367 confirmemus:
675 339 755 361 nam
774 325 840 360 hoc
855 325 1008 359 exercitii
1029 337 1155 368 genere
1172 325 1257 357 fides
1310 332 1429 358 turum
1455 325 1490 357 in
1509 331 1622 358 morte
1644 324 1734 357 sicut
1756 324 1817 357 alii
1835 335 1950 367 reges,
1977 335 2055 357 cum
2076 325 2291 362 moriuntur,

273 387 381 421 alitur
408 391 441 417 et
469 382 731 416 corroboratur.
1312 375 1480 408 amittunt
1505 386 1622 418 regna.
1674 372 1720 407 At
1746 372 1803 407 hic
1827 373 1904 408 Rex
1930 385 1991 417 per
2013 381 2159 407 mortem
2186 387 2289 408 occu-

2213 86 2287 123 788

277 466 368 503 Ideo
398 463 573 500 assumile
614 474 673 495 cos
706 464 857 500 mutuo,
903 458 994 492 sicut
1028 461 1057 491 el
1089 453 1263 492 Christus

625 511 802 547 assumsit
837 521 915 545 nos,

381 585 475 619 llaec
494 590 543 616 est
561 580 739 615 conclusio
758 579 865 612 totius
887 577 953 610 loci
970 577 1013 610 de
1029 587 1094 610 usu
1110 586 1264 608 ceremo-

280 639 440 673 niarum,
467 635 503 667 iu
524 645 593 678 quo
616 629 824 664 adhortatur
843 628 975 661 Gentes
993 635 1024 660 et
1052 627 1197 659 ludaeos
1221 626 1262 657 ad

282 687 526 724 concordiam,
565 690 597 716 et
624 682 748 723 allegat
779 679 975 721 exemplum
1009 675 1141 710 Christi
1171 676 1266 718 quod

283 751 385 783 supra
411 734 616 781 proposuit:
654 731 725 774 Qui
750 742 828 762 cnm
853 729 896 762 sit
921 728 1013 760 filius
1038 726 1122 763 Dei,
1150 732 1266 758 tamen

284 788 521 822 amantissime
554 795 617 816 nos
649 782 792 814 miseros
814 786 845 812 et
872 779 1039 819 indignos
1067 777 1268 820 complexus

285 848 353 880 est,
381 851 440 871 sua
457 842 568 868 morte
584 844 647 865 nos
666 830 834 869 redemit,
862 841 924 861 suo
949 828 1118 861 beneficio
1143 835 1268 861 servat.

288 890 325 923 ld
359 887 555 930 exemplum
581 884 676 916 iubet
703 893 766 914 nos
792 879 940 917 imitari,
984 887 1021 911 nt
1053 885 1175 910 mutuo
1205 889 1269 910 nos

287 940 578 982 complectamur,
617 945 679 965 nec
704 938 846 976 propter
871 929 1196 962 dissimilitudinem
1222 928 1269 959 ri-

288 1000 405 1029 tuum,
440 985 731 1030 tranquillitatem
757 980 952 1019 Ecclesiae,
987 987 1020 1011 et
1044 978 1269 1010 concordiam

289 1039 441 1073 labefieri
469 1039 634 1070 sinamus.

391 1088 435 1123 Et
457 1088 537 1132 quia
561 1093 644 1118 tunc
672 1089 746 1116 erat
776 1082 868 1114 inter
891 1079 1022 1113 Gentes
1051 1091 1088 1112 ac
1122 1078 1270 1112 Iudaeos

289 1141 472 1185 praecipue
504 1136 587 1170 haec
618 1132 854 1167 controversia
885 1132 928 1163 de
954 1131 1100 1169 ritibus,
1145 1130 1271 1162 iterum

291 1192 442 1225 inculcat
467 1187 600 1220 ludaeis
617 1184 827 1222 testimonia,
847 1194 935 1226 quae
951 1179 1273 1215 ostensluntEvan-

291 1244 418 1284 gelium
445 1240 545 1273 etiam
565 1239 606 1269 ad
627 1236 761 1269 Gentes
784 1234 978 1276 pertinere,
1021 1243 1128 1276 quare
1154 1230 1273 1263 ludaei

292 1285 364 1326 non
389 1292 535 1324 debeant
559 1286 736 1330 aspernari
762 1283 912 1323 Gentes,
946 1283 1004 1316 sed
1030 1282 1123 1314 velut
1151 1282 1274 1314 fratres
1298 1266 1302 1321 l

293 1352 323 1377 et
341 1355 419 1374 vere
441 1340 609 1383 populum
628 1337 688 1369 Dei
713 1334 906 1376 complecti.
963 1333 1106 1364 Interim
1125 1339 1157 1364 et
1176 1332 1274 1364 Gen-

292 1402 343 1427 tes
362 1393 542 1425 confirmat
562 1388 614 1420 bis
638 1385 869 1424 testimoniis,
898 1395 940 1416 ne
964 1384 1125 1416 dubitent
1142 1380 1275 1416 Christi

294 1444 460 1477 henetiia
486 1443 526 1473 ad
552 1451 586 1471 se
618 1439 804 1482 pertinere.

397 1494 485 1527 (jitat
514 1497 627 1523 antem
654 1491 747 1520 iuter
773 1494 926 1519 caeteros
952 1486 1045 1519 locos
1077 1492 1110 1518 et
1137 1492 1276 1518 senten·
1300 1490 1302 1509 ¹

296 1547 379 1578 tiam
407 1556 446 1576 ex
472 1541 574 1575 Esaia
599 1547 767 1580 snintavu,
814 1550 917 1582 quain
943 1549 1006 1569 suo
1038 1548 1132 1567 more
1156 1537 1276 1567 recitat
1302 1559 1303 1586 Ξ

295 1599 390 1629 iuxta
410 1591 673 1627 translationem
690 1591 906 1630 septuaginta
927 1587 1170 1630 interpretum.
1207 1586 1275 1618 Ne-
1302 1592 1303 1625 j

296 1659 363 1689 que
382 1653 499 1679 tannen
517 1642 685 1676 sententia
699 1640 852 1672 Graecae
869 1638 1029 1671 lectionis
1047 1638 1090 1669 ab
1107 1636 1277 1668 Hebraico

296 1699 486 1739 discrepat,
515 1708 552 1727 ac
578 1705 621 1724 ne
640 1692 754 1724 verbis
771 1691 914 1734 quidem
940 1689 1088 1721 multum
1113 1687 1279 1718 dissonat.

297 1748 448 1781 Hebraei
477 1746 523 1777 sic
552 1746 688 1785 lrgnut:
719 1740 760 1774 Et
788 1742 851 1773 erit
880 1741 941 1772 illo
968 1738 1024 1769 die
1042 1737 1138 1769 radix
1160 1737 1278 1776 lessae,

298 1811 386 1843 quae
414 1797 536 1835 stabit,
573 1802 610 1826 ut
630 1795 672 1825 sit
691 1793 830 1831 signum
850 1789 1009 1833 populis,
1046 1787 1176 1820 Gentes
1204 1800 1277 1819 earn
1304 1796 1305 1799 ’

297 1850 496 1894 requirent,
524 1853 554 1878 et
580 1845 643 1877 erit
663 1854 753 1874 mors
778 1842 852 1873 eins
875 1841 1037 1883 gloriosa.
1094 1838 1197 1879 Quod
1224 1836 1279 1869 hie.

299 1901 441 1941 legitur:
479 1896 612 1932 Stabit,
656 1901 691 1926 ut
723 1893 764 1924 sit
794 1892 930 1932 signum
957 1890 1114 1933 populis,
1153 1888 1279 1921 Graeci

299 1957 494 1986 verterunt,
525 1947 703 1987 lirigetur,
731 1951 766 1976 ut
785 1943 929 1985 imperet
948 1940 1136 1974 Gentibus.
1194 1939 1279 1970 Ver-

297 2003 381 2034 bum
403 2000 495 2031 enini
518 1996 725 2033 Ebrnicum,
753 1996 845 2037 quod
873 1991 927 2024 bic
946 1992 1082 2033 siguum
1104 1990 1281 2027 vertimus,

299 2052 469 2092 siguificat
496 2048 618 2079 vexittt
647 2053 677 2077 et
706 2042 809 2086 troph
824 2056 891 2080 zea,
935 2049 967 2074 et
997 2042 1123 2074 similia
1156 2054 1280 2073 monu—

485 2098 648 2134 lntelligit
675 2095 768 2127 enim
797 2091 977 2125 Christum
1009 2093 1132 2124 durent
1159 2104 1195 2123 ar
1228 2093 1280 2122 vi-

298 2109 426 2135 menta.

301 2162 429 2185 ctorem>
452 2154 546 2187 fore,
575 2150 639 2180 sul»
664 2147 760 2178 cuius
780 2145 906 2176 vexillo
924 2143 986 2175 tuti
1009 2143 1155 2177 erimus,
1183 2142 1281 2173 cuius

300 2203 473 2246 praesidio
495 2210 649 2241 tegamur
666 2210 702 2228 ac
719 2197 949 2227 defendemur
966 2195 1131 2225 adversus
1146 2204 1280 2224 summa

300 2255 410 2289 wala,
441 2258 637 2295 pet-catum,
667 2248 752 2279 iratn
774 2245 857 2284 Dei,
886 2245 1034 2281 inst-ros,
1063 2250 1094 2276 et
1114 2245 1281 2275 adversus

302 2303 491 2348 potentiam
510 2300 652 2333 diaboli.
692 2296 731 2330 E:
752 2297 843 2340 quod
861 2293 1016 2327 Ebraens
1035 2292 1154 2327 habet:
1183 2294 1281 2326 Gen-

301 2363 350 2387 tes
377 2366 454 2385 eum
481 2352 677 2397 requirent,
705 2349 796 2380 idern
822 2353 888 2381 est,
917 2350 1010 2390 quod
1034 2345 1082 2377 ait
1108 2344 1280 2377 Graecus:

303 2405 434 2437 Gentes
470 2404 503 2435 in
541 2416 579 2434 eo
612 2400 814 2442 sperabunt.
875 2397 963 2429 Nam
995 2397 1054 2440 qui
1087 2397 1129 2427 ab
1161 2396 1279 2439 aliquo
1306 2417 1307 2422 ,

300 2455 468 2487 auxilium
495 2462 525 2485 et
554 2453 696 2484 salutem
725 2455 905 2491 expetunt,
949 2454 1090 2493 sperant
1119 2453 1151 2479 et
1176 2458 1279 2489 expe<

300 2513 413 2543 etant,
458 2508 671 2535 concurrunt
709 2507 740 2532 et
777 2498 984 2541 confugiunt
1017 2499 1056 2528 ad
1095 2509 1184 2529 euni.
1239 2496 1278 2528 ld

299 2556 454 2588 Iitmawis
477 2554 577 2585 dixit:
608 2551 802 2594 Requireut
824 2561 914 2581 euin.
952 2549 999 2581 lta
1019 2549 1046 2579 si
1066 2549 1142 2591 quis
1161 2548 1279 2579 dextre

298 2608 545 2649 ituerprvtrtnr
564 2603 732 2635 Graecam
759 2600 961 2638 lectionem,
991 2599 1121 2632 videbit
1139 2604 1278 2631 senten—
1303 2625 1306 2648 3

296 2659 378 2690 tiatn
411 2668 488 2689 cnm
514 2653 661 2687 Ebraica
689 2651 834 2684 omnino
859 2661 1062 2693 congruere.
1302 2658 1306 2682 1

1317 426 1413 470 pabit
1443 437 1607 469 regnum,
1648 432 1681 458 et
1707 431 1783 468 post
1806 431 1953 457 mortem
1979 435 2059 456 vere
2084 436 2122 458 ac
2146 425 2295 467 gloriose

1317 476 1486 519 regnabit.
1545 475 1633 509 Nam
1658 476 1761 508 etiam
1788 482 1866 519 post
1890 481 2037 507 mortem
2063 475 2128 507 erit
2156 475 2294 518 signum

1317 527 1473 571 populis,
1503 525 1636 560 Gentes
1659 527 1701 559 ad
1721 537 1799 559 eum
1819 531 2049 565 concurrent,
2072 525 2242 559 auxilium
2263 531 2298 559 et

1316 577 1462 611 salutem
1483 577 1526 610 ab
1543 589 1583 610 eo
1599 577 1841 620 expectabunt.
1884 575 2004 618 Quare
2021 575 2204 610 reviviscet
2221 583 2299 620 post

1318 635 1485 667 mortem,
1520 639 1583 661 nec
1609 628 1675 660 erit
1697 627 1849 666 otiosus,
1883 627 1942 659 sed
1962 627 2142 666 defendet,
2170 628 2298 670 guber-

1320 679 1436 716 nabit,
1464 685 1496 711 et
1513 678 1664 712 servabit
1683 689 1760 717 eos,
1787 677 1849 722 qui
1867 678 1908 710 ad
1931 677 2044 721 ipsum
2060 677 2273 720 confugient.

1422 729 1540 773 Atque
1556 729 1602 762 ita
1622 728 1735 762 solent
1750 725 1946 771 Prophetae
1964 727 2186 761 subindicare
2194 725 2300 764 Chri-

1320 779 1364 813 sti
1389 779 1700 818 resurrectionem,
1742 779 1823 823 quia
1847 785 2019 812 testantur
2044 778 2222 820 futurum,
2261 784 2300 812 ut

1321 836 1490 873 perpetuo
1513 831 1660 863 adorent
1687 841 1766 862 eum
1793 826 1972 867 homines,
2007 835 2045 862 ut
2064 827 2204 863 Psalmo
2222 829 2300 865 72:

1320 878 1367 912 Et
1390 880 1564 913 timebunt
1589 891 1668 913 eum
1693 881 1804 912 donec
1830 880 1895 913 erit
1917 880 1969 913 sol
1992 886 2025 912 et
2049 879 2142 913 luna.
2197 879 2300 913 Item:

1323 929 1380 962 Tu
1398 941 1432 962 es
1454 931 1615 962 sacerdos
1633 931 1669 962 in
1688 936 1883 964 aeternum.
1941 930 2086 963 Necesse
2110 931 2204 963 enim
2229 938 2301 964 erat

1323 978 1503 1013 Christum
1529 980 1736 1013 resuscitare
1758 992 1797 1013 ex
1820 987 1952 1021 morte,
1987 980 2160 1025 siquidem
2180 993 2302 1025 perpe-

1323 1037 1384 1063 tuo
1415 1038 1622 1073 regnaturus
1649 1037 1732 1066 erat.
1800 1029 1888 1064 Nam
1915 1031 1952 1063 in
1977 1028 2042 1064 hac
2067 1032 2208 1065 mortali
2234 1032 2304 1066 vita

1325 1081 1444 1114 nullus
1473 1093 1531 1113 rex
1563 1088 1729 1125 perpetuo
1756 1081 1861 1121 vivit,
1898 1088 1958 1114 aut
1979 1088 2112 1124 regnat.

1427 1131 1565 1164 Deinde
1581 1133 1796 1175 significatur
1811 1129 1877 1165 hoc
1887 1143 2028 1177 quoque
2044 1143 2189 1175 regnum
2199 1129 2306 1164 Chri-

1325 1183 1367 1216 sti
1392 1183 1466 1215 fore
1490 1194 1560 1215 non
1587 1184 1827 1223 mundanum,
1872 1183 1929 1215 sed
1957 1182 2124 1223 coeleste,
2164 1183 2201 1215 in
2236 1194 2306 1227 quo

1326 1233 1497 1266 divinitus
1517 1245 1571 1266 res
1588 1241 1744 1276 geretur,
1771 1233 1808 1265 in
1826 1244 1896 1277 quo
1916 1233 1980 1268 Dei
1998 1234 2160 1267 voluntas
2174 1235 2216 1267 ad
2243 1244 2306 1266 nos

1327 1285 1550 1328 perferretur.

1428 1334 1540 1367 Porro
1566 1334 1737 1367 sententia
1761 1334 1870 1367 tristis
1894 1341 1998 1373 esset,
2022 1335 2050 1366 si
2075 1335 2142 1367 tale
2158 1346 2306 1377 regnum

1327 1385 1553 1425 describeret,
1581 1384 1617 1416 in
1643 1396 1710 1429 quo
1731 1392 1865 1417 tantum
1884 1391 2167 1428 proponerentur
2191 1385 2306 1417 minae

1328 1438 1369 1469 de
1393 1436 1523 1469 iudicio
1547 1435 1614 1468 Dei
1638 1436 1803 1467 adversus
1827 1433 1997 1468 homines.
2060 1434 2180 1480 Itaque
2204 1435 2307 1477 longe

1329 1487 1431 1520 aliter
1465 1484 1521 1518 bic
1554 1486 1763 1518 describitur
1794 1497 1939 1528 regnum
1975 1483 2119 1519 Christi.
2184 1485 2309 1527 Ingens

1329 1538 1521 1570 consolatio
1553 1537 1589 1568 in
1624 1533 1678 1568 bis
1712 1536 1826 1567 verbis
1850 1536 2053 1568 suavissime
2079 1535 2309 1582 proponitur·

1333 1588 1370 1620 ln
1389 1600 1428 1619 eo
1445 1594 1564 1629 gentes
1580 1586 1782 1628 sperabunt.
1824 1584 1901 1619 Erit
1919 1585 2027 1627 igitur
2043 1597 2188 1629 regnum
2207 1584 2311 1620 Chri-

1330 1639 1370 1671 sti
1391 1650 1461 1670 uon
1483 1649 1629 1678 regnum
1649 1636 1743 1668 exitii
1768 1642 1799 1667 et
1817 1636 2044 1678 perditionis,
2077 1638 2137 1669 sed
2163 1648 2310 1679 regnum

1330 1689 1401 1731 spei
1431 1695 1463 1720 et
1491 1687 1621 1719 salutis.

1675 1684 1782 1718 Venit
1808 1683 1971 1719 Christus
1995 1699 2068 1719 non
2092 1694 2130 1721 ut
2160 1689 2312 1727 damnet,

1331 1751 1402 1770 non
1422 1739 1559 1781 perdat,
1578 1737 1635 1768 sed
1654 1742 1691 1768 ut
1709 1743 1821 1768 servet
1839 1748 1876 1769 ac
1892 1737 2051 1772 restituat
2067 1749 2130 1771 nos
2146 1739 2214 1772 iam
2233 1745 2313 1771 ante

1332 1791 1517 1822 damnatos
1544 1795 1575 1820 et
1601 1786 1818 1819 adiudicatos
1842 1787 1958 1821 morti.

1435 1838 1521 1871 Nam
1548 1835 1613 1870 hoc
1638 1848 1784 1877 regnum
1812 1850 1942 1870 novum
1974 1838 2051 1871 ideo
2084 1838 2312 1871 constitutum

1333 1897 1403 1927 est,
1438 1897 1475 1922 ut
1503 1889 1545 1921 sit
1572 1888 1750 1931 potentius
1775 1899 1883 1930 regno
1907 1888 2036 1931 peccati
2063 1895 2094 1920 et
2120 1889 2214 1931 legis.
2268 1887 2313 1922 Et

1333 1954 1411 1974 cum
1436 1941 1489 1972 lex
1514 1946 1613 1971 antea
1636 1939 1726 1970 edita
1749 1938 1810 1975 sit,
1847 1939 1881 1970 in
1900 1951 1966 1983 qua
1987 1939 2036 1970 ira
2054 1938 2118 1971 Dei
2146 1940 2312 1972 adversus

1334 1998 1512 2034 peccatum
1531 1996 1667 2021 ostensa
1687 1995 1755 2028 est,
1789 2000 1861 2021 non
1887 1989 1954 2022 iam
1980 1989 2075 2022 venit
2094 1987 2254 2022 Christus
2275 1997 2313 2022 ut

1334 2042 1444 2083 legem
1463 2041 1601 2080 afferat,
1628 2040 1663 2071 in
1688 2050 1754 2083 qua
1776 2051 1897 2072 rursus
1920 2040 2128 2073 condemnet
2148 2052 2228 2079 nos,
2255 2042 2313 2073 sed

1335 2094 1500 2125 adversus
1518 2091 1611 2123 illam
1630 2090 1958 2123 condemnationem
1984 2090 2085 2124 affert
2110 2091 2314 2134 promissio-

1336 2155 1414 2175 neni
1448 2150 1480 2175 et
1511 2141 1800 2175 consolationem.
1863 2141 1984 2186 ltaque
2007 2142 2070 2175 etsi
2094 2149 2224 2175 terrent
2249 2154 2313 2175 nos

1336 2200 1470 2236 peccata
1506 2199 1647 2231 nostra,
1681 2198 1796 2224 tamen
1826 2191 1975 2225 sciamus
2009 2189 2103 2225 hunc
2133 2191 2314 2226 Christum
2340 2227 2343 2229 ,

1334 2244 1553 2288 propositum
1598 2253 1688 2282 esse,
1725 2248 1764 2275 ut
1799 2254 1977 2286 speremus
2018 2243 2177 2278 salutem.
2237 2242 2315 2276 Hoc

1334 2295 1498 2337 pontifice
1517 2291 1685 2326 babemus
1703 2291 1815 2326 Deum
1835 2294 2020 2337 placatum.
2057 2292 2124 2326 Hic
2141 2295 2209 2328 dux
2226 2301 2314 2336 teget

1334 2357 1397 2377 nos
1421 2346 1587 2377 adversus
1619 2344 1822 2384 diabolum,
1862 2345 2028 2377 adversus
2051 2351 2218 2383 mortem,
2253 2346 2314 2377 ad-

1334 2407 1452 2427 versus
1481 2396 1605 2428 mundi
1629 2394 1820 2427 saevitiam.
1873 2393 1992 2435 Quare
2019 2395 2054 2427 in
2074 2396 2239 2428 omnibus
2265 2396 2317 2428 af-

1304 2488 1306 2497 >
1332 2446 1548 2478 Hit-tionibus
1567 2447 1608 2477 ad
1638 2443 1731 2477 hunc
1757 2444 1966 2478 versiculum
1996 2446 2238 2488 respiciamus:
2275 2445 2313 2478 ln

1333 2508 1371 2529 eo
1395 2504 1510 2536 gentes
1527 2497 1734 2539 sperabunt,
1763 2496 1911 2528 sciamus
1929 2496 2097 2528 auxilium
2116 2509 2149 2529 es
2168 2498 2314 2530 salutem

1331 2558 1350 2580 a
1375 2546 1516 2580 Christo
1536 2548 1719 2590 petendam
1739 2553 1771 2579 et
1789 2548 2038 2589 expectandam
2064 2559 2146 2582 esse,

1431 2598 1548 2641 Atque
1570 2597 1656 2629 illud
1681 2598 1794 2640 ipsum
1820 2596 2100 2639 vultlparticula:
2129 2597 2254 2638 Stabit,
2277 2602 2313 2628 nt

1332 2648 1375 2682 sit
1399 2648 1536 2691 signum
1569 2648 1725 2692 populis,
1771 2645 1838 2680 hoc
1871 2655 1943 2688 est,
1989 2648 2166 2692 regnabit,
2209 2655 2238 2681 et
2271 2647 2314 2679 ad
