2415 2942
105 89 178 126 849
370 85 471 123 XIII.

207 171 303 208 Anni
323 179 404 206 sunt
421 173 464 205 ab
480 172 572 205 exitu
597 184 635 205 ex
654 170 813 217 Aegypto
838 183 950 216 usque
969 172 1010 203 ad
1036 183 1089 203 re-

106 226 356 259 surrectionem
382 221 514 257 Cbristi
537 221 646 258 1545.
701 222 790 255 Tam
815 222 877 254 diu
905 222 939 253 in
968 223 1090 253 eodem

106 276 251 318 vestigio
275 274 441 308 mansisse
465 272 657 307 Ecclesiam
693 279 725 305 et
751 272 930 305 doctrinae
962 273 1091 310 sedem,

107 327 174 359 fuit
191 327 314 369 ingens
331 327 474 358 bonum.
533 324 681 368 Propter
696 321 758 355 has
778 334 897 355 causas
918 323 1091 364 intellige-

106 377 191 412 bant
207 377 362 410 seniores
380 376 536 420 politiam
557 374 749 408 Mosaicam
767 373 996 406 constitutam
1011 385 1093 405 esse.

108 426 199 461 Nam
225 434 264 461 ut
290 434 402 460 certus
426 433 512 459 esset
536 425 706 470 populus,
734 424 885 457 discerni
904 436 981 457 eum
1003 424 1094 467 poli-

107 478 186 512 ticis
208 478 358 511 vinculis
384 484 417 511 et
442 477 569 510 ritibus
586 478 630 509 ab
646 475 723 508 aliis
743 475 906 518 gentibus
924 475 1092 518 oportuit.

106 527 154 563 Et
177 529 214 562 in
243 529 369 562 ritibus
394 528 563 570 elegantia
593 525 775 566 exercitia,
817 532 850 558 et
879 526 975 568 signa
1005 537 1093 569 quae

108 586 222 613 essent
238 579 312 625 typi
332 578 573 623 promissionis
590 577 707 610 addita
726 583 818 609 sunt.
862 575 984 621 Itaque
1002 575 1093 609 Pau-

107 630 163 663 lus
188 631 225 663 in
250 630 360 673 prima
387 628 618 673 promissione
639 628 743 669 longe
770 627 919 660 antefert
946 626 1093 659 ludaeos

115 679 304 714 Gentibus.
359 679 470 719 Dicit,
497 691 555 712 eos
574 677 800 722 amplissimis
816 678 994 710 bem-ficiis
1012 690 1093 720 prae

107 731 186 765 aliis
210 738 352 765 ornatos
380 730 510 771 fuisse,
554 741 642 774 quae
678 729 747 761 iam
777 728 981 762 brevissime
1005 728 1092 762 reci-

107 782 269 817 tavimus.

208 840 256 875 Et
277 847 358 874 sunt
380 839 530 883 insignia
553 839 744 873 verborum
763 840 933 883 pondera.
987 838 1093 880 Dicit,

109 892 261 926 multum
289 899 321 925 et
345 892 510 924 omnibus
534 891 648 923 modis
676 891 902 931 antecellere,
927 890 1008 935 quia
1035 902 1091 922 ve-

105 941 282 976 rissimum
298 949 366 983 est,
393 953 556 984 magnam
572 941 677 975 fuisse
694 941 966 986 amplitudinem
986 941 1093 973 bene-

107 993 288 1033 ficiorum,
323 994 366 1025 de
394 993 522 1037 quibus
547 992 640 1032 dixi,
683 1004 834 1038 quorum
860 993 1092 1036 praecipuum

110 1044 185 1089 ipse
211 1042 268 1077 hic
293 1055 365 1077 esse
384 1043 519 1088 inquit:
549 1043 653 1085 Quod
676 1041 760 1076 huic
777 1043 949 1083 familiae,
975 1043 1008 1075 id
1034 1049 1094 1082 est,

106 1095 253 1139 posteris
277 1092 462 1134 Abrahae,
493 1094 620 1127 tradita
644 1101 694 1127 est
720 1094 906 1138 promissio
933 1093 1094 1127 Messiae.

108 1145 180 1180 Ubi
205 1145 308 1178 etiam
336 1145 466 1186 insigni
493 1145 600 1177 verbo
623 1156 706 1177 usus
738 1152 808 1185 est,
836 1144 1092 1177 Promissiones
1117 1162 1122 1195 1

106 1204 188 1230 sunt
205 1197 467 1229 commendatae
490 1195 556 1235 eis,
582 1207 642 1229 seu
668 1196 839 1237 creditae,
868 1196 903 1228 id
929 1203 995 1236 est,
1025 1195 1091 1239 ipsi

107 1247 189 1280 facti
206 1254 288 1280 sunt
307 1247 466 1279 custodes
484 1246 767 1289 promissionum.
821 1244 867 1279 Et
885 1246 952 1279 fuit
971 1246 1094 1288 ingens

108 1297 369 1341 praerogativa,
410 1308 535 1329 sonare
566 1297 602 1328 in
633 1295 698 1329 hac
730 1297 862 1329 familia
887 1297 1091 1340 promissio-

108 1360 200 1382 nem.
264 1346 311 1380 Et
335 1359 470 1390 semper
501 1347 549 1379 ibi
575 1347 692 1392 aliqua
719 1354 802 1380 sunt
829 1359 909 1379 vera
932 1348 1091 1379 membra

108 1405 268 1431 aeternae
291 1398 486 1440 Ecclesiae,
523 1398 583 1430 ubi
609 1410 674 1430 vox
710 1398 952 1441 promissionis
982 1404 1094 1437 sonat,

109 1449 196 1482 sicut
213 1448 297 1481 alias
315 1459 416 1491 saepe
433 1448 583 1489 dicitur,
604 1447 645 1481 In
664 1456 764 1482 coetu
784 1456 986 1482 vocatorum
1006 1460 1095 1481 sem-

108 1511 170 1544 per
183 1499 321 1544 aliquos
340 1511 410 1532 esse
429 1499 566 1532 electos.

209 1556 278 1591 Sed
302 1557 418 1591 statim
444 1557 668 1600 adiungenda
692 1564 742 1591 est
767 1564 800 1591 et
822 1558 930 1591 altera
949 1569 1094 1601 respon-

112 1607 176 1641 sio.
229 1607 308 1640 Non
333 1608 611 1640 antecelluerunt
632 1608 772 1647 Iudaei,
800 1610 894 1653 quod
920 1610 961 1641 ad
990 1608 1095 1640 meri—

112 1665 186 1691 tum
206 1658 348 1698 attinet,
376 1658 410 1689 id
431 1665 500 1697 est,
529 1670 592 1690 nec
612 1659 837 1691 merebantur
853 1660 1094 1692 remissionem

112 1715 354 1752 peccatorum,
381 1720 443 1741 nec
461 1715 559 1741 erant
581 1708 662 1740 iusti
688 1709 762 1751 lege
779 1721 895 1742 coram
915 1708 1008 1750 Deo,
1035 1710 1092 1742 sed

111 1759 184 1799 illi,
208 1760 268 1803 qui
292 1758 366 1791 Deo
395 1759 611 1792 reconciliati
631 1766 728 1797 sunt,
761 1760 827 1791 fide
849 1768 991 1803 propter
1016 1772 1095 1804 pro-

114 1809 255 1843 missam
272 1808 437 1842 Messiam
455 1810 585 1853 recepti
602 1817 704 1851 sunt,
726 1817 757 1842 et
775 1810 842 1843 fide
859 1811 941 1844 iusti
961 1818 1069 1846 crant.

162 1914 269 1963 Quid
285 1916 378 1950 anim
391 1945 398 1959 ‚
421 1916 569 1950 etiamsi
583 1916 707 1965 aliqui
720 1931 793 1952 nvn
810 1917 1045 1954 crediderunt.

211 1986 337 2021 luserit
357 1993 390 2019 et
407 1987 492 2020 alias
511 1987 753 2032 quaestiones,
781 1996 819 2023 ut
838 1990 875 2022 fit
903 1989 939 2022 in
969 1989 1095 2022 diffici-

111 2037 204 2071 libus
222 2038 482 2071 controversiis.
524 2037 614 2071 Cum
634 2039 796 2081 dixisset,
827 2041 1094 2084 promissionem

111 2088 241 2131 gratiae
273 2088 434 2121 traditam
467 2100 539 2121 esse
570 2087 734 2122 Abrahae
767 2098 800 2124 et
831 2092 905 2124 eius
938 2092 1096 2135 posteris,

112 2139 267 2183 quaerit,
296 2151 339 2171 an
365 2145 436 2171 rata
465 2139 527 2179 sit,
556 2151 633 2172 cum
659 2147 728 2173 tam
752 2143 854 2175 multi
880 2142 950 2175 sint
970 2149 1003 2176 ct
1020 2143 1094 2175 fue-

112 2190 183 2223 rint
209 2189 328 2232 impii,
353 2189 413 2234 qui
439 2201 513 2222 eam
538 2191 711 2232 aspernati
737 2194 843 2225 sunt?
879 2192 1096 2237 Respondet,

110 2239 379 2284 promissionem
410 2247 521 2273 ratam
557 2252 654 2283 esse,
692 2242 826 2277 etiamsi
854 2244 997 2288 plurimi
1024 2257 1094 2277 non

112 2292 269 2326 credunt.

216 2348 427 2383 Consideres
445 2355 580 2391 autem,
606 2347 663 2383 hic
686 2352 914 2385 necessariam
938 2355 1095 2388 consola·
1121 2356 1124 2373 ¹

115 2399 245 2432 tionem
265 2401 368 2433 nobis
388 2400 558 2444 proponi,
589 2407 710 2434 contra
730 2402 907 2445 vulgarem
932 2407 1097 2439 tentatio-

116 2461 216 2493 nem,
246 2463 332 2495 qnae
350 2451 451 2484 valde
467 2459 648 2496 oppugnat
668 2453 771 2485 fidem
790 2452 856 2487 hoc
874 2464 1096 2498 argumento:

115 2499 205 2534 Cum
222 2501 281 2534 alii
298 2507 367 2534 tam
391 2503 493 2536 multi
512 2510 672 2546 pereant,
706 2515 791 2536 num
815 2512 847 2537 te
865 2514 963 2548 putes
988 2519 1005 2539 a
1022 2506 1095 2541 Deo

116 2564 198 2594 prae
218 2559 286 2584 tam
306 2552 424 2585 multis
446 2553 580 2597 recipi?
606 2553 674 2587 Hic
697 2556 864 2599 exemplis
879 2555 1008 2590 Paulus
1030 2571 1093 2603 op-

116 2602 218 2646 ponit
241 2603 507 2646 promissionem
531 2603 616 2643 Dei,
645 2611 677 2638 et
700 2605 884 2640 immotum
910 2619 1097 2651 argumen-

116 2660 208 2693 tum,
235 2655 328 2698 quod
347 2652 439 2687 Deus
454 2655 498 2689 sit
513 2667 627 2688 verax.
679 2654 883 2691 Statuamus
900 2658 1007 2703 igitur
1021 2672 1095 2694 cer-

165 2703 351 2738 Mtnitru.
381 2706 482 2739 Orien.
507 2707 588 2739 vor..
618 2708 695 2740 XV.

523 86 557 120 3.
590 82 886 122 ENARRATIO
914 84 1066 121 EPIST.
1092 83 1238 120 PAULt
1266 84 1333 120 AD
1360 83 1622 122 ROMANOS.

1674 85 1775 121 CAP.
1804 85 1868 122 111.
2065 85 2137 120 850

1145 172 1276 205 tissime
1296 180 1402 205 ratam
1422 184 1494 205 esse
1513 173 1780 216 promissionem
1804 172 1969 206 omnibns
1992 173 2137 205 creden-

1144 223 1259 262 tibus,
1285 230 1322 256 ut
1350 224 1439 255 insra
1463 224 1606 257 dicitur.
1669 223 1757 256 ldeo
1784 236 1823 256 ex
1846 224 1911 256 fide
1937 224 2062 266 gratis,
2099 230 2137 257 ut

1145 274 1242 305 firma
1266 274 1308 306 sit
1325 275 1523 316 promissio.

1245 322 1410 356 Citantur
1427 332 1541 356 autem
1563 322 1618 356 hic
1638 325 1728 358 dicta
1755 337 1793 358 ex
1813 324 1979 365 Psalmis,
2007 331 2044 357 ut
2070 336 2135 357 an-

1145 371 1280 407 tithesis
1313 382 1435 416 augeat
1467 375 1762 418 perspicuitatem.
1824 375 1917 408 Deus
1945 382 1993 409 est
2019 387 2133 415 verax,

1144 425 1260 458 omnis
1288 432 1403 457 autem
1432 423 1537 457 bomo
1562 427 1721 460 mendax.
1775 425 1900 459 Servat
1925 427 2017 459 enim
2038 425 2134 459 Deus

1145 476 1333 519 promissa,
1367 476 1470 508 etiam
1498 476 1674 518 indiguis,
1717 484 1859 519 propter
1881 488 1978 509 snam
2007 478 2134 509 verita-

1146 534 1213 559 tem
1234 532 1265 559 et
1283 526 1489 560 bonitatem.
1545 526 1673 559 Omnis
1691 524 1796 559 homo
1820 528 1987 565 mendax,
2015 528 2048 559 id
2071 534 2134 568 est,

1145 577 1198 610 vel
1233 589 1374 619 prorsus
1403 577 1592 617 dubitans,
1627 577 1681 609 vel
1707 577 1827 610 multis
1849 578 2133 610 dubitationibus

1144 628 1360 668 conflictans,
1380 640 1442 661 nec
1460 628 1560 660 valde
1578 627 1726 668 timens,
1743 639 1807 660 nec
1824 628 1971 660 firmiter
1987 630 2133 661 credens

1145 678 1228 712 Deo.
1269 678 1357 712 Nam
1375 680 1460 713 etin
1480 678 1608 711 sanctis
1629 676 1756 712 horum
1775 678 1943 712 vitiorum
1959 679 2130 723 reliquiae

1146 736 1321 765 maneant.

1209 812 1260 848 Ut
1278 812 1314 846 ιἰι
1333 811 1423 845 msti
1435 811 1557 852 leeris,
1588 817 1625 846 ul
1642 811 1764 846 vincas
1784 824 1861 845 cum
1880 809 2072 848 iudicaris.

1247 882 1356 915 Addit
1374 881 1469 914 aliud
1488 881 1748 921 testimonium,
1776 881 1870 925 qnod
1889 878 2041 915 detrahit
2068 893 2134 914 no-

1144 933 1195 966 bis
1212 934 1416 976 dignitatem
1436 945 1494 965 seu
1514 933 1661 975 gloriam
1680 932 1836 965 iusticiae
1859 939 1891 966 et
1915 932 2135 966 meritorum.

1143 983 1309 1018 Continet
1325 991 1440 1017 autem
1467 982 1524 1016 bic
1550 995 1669 1016 versus
1697 990 1727 1016 ct
1755 983 1951 1016 doctrinam
1976 993 2136 1015 necessa-

1145 1036 1231 1068 riam
1258 1036 1300 1067 de
1329 1035 1547 1067 confessione
1572 1042 1710 1066 nostrae
1738 1034 1975 1075 indignitatis,
2003 1039 2035 1066 et
2052 1033 2135 1066 dul-

1145 1086 1320 1119 cissimam
1338 1086 1628 1118 consolationem.
1682 1083 1765 1117 Tibi
1786 1091 1922 1117 tantum
1948 1096 2025 1117 sum
2053 1096 2136 1128 pec-

1146 1144 1262 1177 cator,
1288 1147 1347 1169 seu
1369 1137 1536 1180 quiddam
1554 1147 1652 1168 reum
1671 1142 1702 1168 et
1717 1135 1862 1177 dignum
1881 1147 2009 1178 poena,
2039 1135 2135 1180 quod

1145 1189 1273 1227 fateor,
1308 1194 1347 1220 ut
1374 1194 1411 1220 tu
1435 1188 1546 1220 iustus
1574 1186 1818 1230 pronuncieris
1845 1198 1922 1219 cum
1951 1186 2075 1229 punis,
2103 1192 2137 1219 et

1146 1239 1267 1271 vincas
1285 1250 1363 1271 cum
1388 1238 1573 1276 iudicaris,
1610 1237 1644 1269 itl
1673 1243 1743 1277 est,
1771 1249 1850 1269 cnm
1876 1243 1907 1269 te
1926 1235 2135 1281 hypocritae

1147 1290 1318 1322 iudicant:
1354 1288 1444 1322 sicut
1468 1289 1539 1321 sere
1562 1299 1683 1321 omnes
1703 1285 1862 1320 homines
1886 1288 1923 1320 in
1947 1287 2135 1320 clamitati-

1147 1341 1212 1372 bus
1234 1339 1405 1382 cogitant,
1447 1338 1560 1371 Deum
1593 1338 1648 1371 vel
1677 1338 1849 1371 iniustum
1875 1339 1930 1371 vel
1954 1338 2134 1370 crudelem

1146 1403 1236 1430 esse,
1274 1397 1305 1422 et
1330 1388 1421 1422 banc
1447 1390 1660 1423 imbecillem
1685 1396 1845 1422 naturam
1871 1389 1976 1421 nimis
2000 1388 2136 1431 magnis

1147 1442 1325 1474 aerumnis
1350 1453 1509 1476 onerare.
1578 1439 1685 1474 Multi
1719 1441 1822 1473 etiam
1847 1441 2021 1478 fremunt,
2056 1451 2135 1473 curn

1147 1493 1215 1525 sint
1236 1492 1463 1533 benemeriti,
1492 1499 1529 1525 ut
1550 1491 1655 1531 Saul,
1684 1491 1739 1523 vel
1758 1502 1876 1523 causas
1894 1491 2057 1524 iustiores
2075 1492 2137 1523 de-

1146 1544 1341 1581 fenderint,
1372 1550 1407 1575 ut
1424 1542 1527 1581 Cato,
1555 1549 1588 1575 et
1612 1548 1728 1574 tamen
1754 1553 1788 1574 se
1814 1542 1968 1585 opprimi
1992 1541 2136 1574 calami-

1147 1594 1293 1632 tatibus,
1321 1594 1411 1626 sicut
1428 1592 1636 1636 Pompeius,
1662 1592 1768 1633 Cato,
1794 1590 1945 1633 Brutus,
1981 1593 2024 1625 de
2043 1604 2127 1636 pro-

1147 1645 1301 1677 videntia
1319 1645 1451 1688 quaesti
1470 1651 1565 1679 sunt.

1248 1694 1316 1729 Sed
1345 1694 1471 1727 Daniel
1497 1694 1666 1727 clamitat:
1704 1693 1789 1727 Tibi
1806 1693 1960 1728 Domine
1986 1692 2136 1733 iusticia,

1147 1746 1250 1778 nobis
1274 1752 1388 1778 autem
1410 1747 1569 1778 confusio
1592 1745 1690 1778 faciei
1715 1753 1864 1780 nostrae.
1918 1743 1964 1778 Et
1988 1743 2051 1778 Iob
2078 1744 2135 1777 in—

1147 1797 1240 1841 quit:
1272 1796 1362 1828 Vere
1379 1797 1460 1837 scio,
1487 1797 1582 1842 quod
1601 1808 1672 1828 non
1692 1796 1895 1829 iustificetur
1914 1793 2019 1829 bomo
2037 1807 2135 1829 com-

1148 1854 1287 1891 paratus
1314 1846 1388 1880 Deo
1415 1854 1478 1882 etc.
1547 1846 1694 1881 Etiamsi
1723 1847 1890 1880 occiderit
1922 1858 1995 1886 me,
2031 1847 2066 1879 in
2094 1859 2134 1879 eo

1147 1900 1304 1942 sperab0.
1374 1897 1614 1932 Veruntamen
1646 1898 1719 1931 vias
1751 1910 1845 1930 meas
1878 1898 1914 1929 in
1946 1904 2134 1941 conspectu

1148 1950 1222 1982 eius
1240 1960 1400 1992 arguam,
1425 1957 1458 1983 et
1482 1951 1554 1993 ipse
1580 1949 1645 1982 erit
1673 1949 1825 1982 salvator
1845 1959 1960 1988 meus,
1989 1960 2051 1982 nec
2073 1960 2134 1981 ve-

1147 2001 1220 2034 niet
1240 2001 1274 2032 in
1295 2007 1520 2044 conspectum
1544 2000 1618 2033 eius
1643 1999 1757 2033 omnis
1784 1997 1986 2045 hypocrita,
2013 1999 2047 2032 id
2073 2006 2135 2040 est,

1148 2052 1206 2096 qui
1225 2052 1299 2084 vult
1314 2052 1476 2085 accedere
1494 2063 1552 2085 sua
1573 2051 1720 2084 iusticia.
1748 2049 1793 2085 Et
1820 2051 2010 2094 imperator
2027 2049 2134 2083 Mau-

1147 2103 1252 2135 ricius
1270 2102 1403 2146 inquit:
1432 2102 1547 2136 Iustus
1566 2113 1600 2135 es
1617 2101 1794 2141 Domine,
1822 2109 1854 2135 et
1878 2108 2010 2134 rectum
2037 2101 2132 2135 iudi-

1146 2154 1239 2187 cium
1257 2160 1369 2188 tuum.

1248 2203 1338 2238 Cum
1367 2204 1474 2247 igitur
1500 2204 1616 2248 inquit
1643 2202 1782 2237 David:
1824 2201 1872 2236 Ut
1905 2202 2023 2236 vincas
2051 2216 2130 2237 cum

1147 2255 1332 2296 iudicaris,
1368 2255 1526 2289 intuetur
1551 2253 1752 2300 hypocritas
1784 2261 1984 2287 accusantes
2010 2255 2128 2287 Deum

1148 2307 1346 2340 iniusticiae
1368 2307 1420 2339 vel
1447 2306 1681 2345 crudelitatis,
1707 2312 1738 2338 et
1756 2304 1927 2344 ostendit,
1954 2302 2131 2339 Ecclesiae

1148 2358 1402 2391 consessionem
1426 2356 1503 2390 Deo
1528 2358 1680 2390 tribuere
1707 2356 1847 2388 laudem
1883 2353 2062 2397 Iusticiae,
2098 2364 2130 2391 et

1149 2416 1330 2452 propterea
1358 2409 1596 2441 obedientiam
1619 2407 1738 2450 aliquo
1763 2406 1868 2438 modo
1895 2406 2130 2441 voluntariam

1147 2461 1183 2492 in
1206 2460 1327 2503 poenis
1344 2467 1538 2503 praestare,
1553 2458 1646 2490 iuxta
1664 2457 1770 2489 illud:
1800 2455 2048 2490 Humiliamini
2064 2459 2130 2492 sub

1149 2511 1281 2553 potenti
1307 2522 1414 2543 manu
1431 2509 1506 2544 Dei.
1569 2507 1671 2541 Item:
1701 2505 1812 2541 Orate
1838 2508 1979 2541 sineira
2009 2516 2040 2543 et
2056 2510 2131 2542 sine

1148 2560 1388 2596 haesitatione.

1249 2611 1344 2645 Haec
1368 2612 1411 2644 de
1434 2610 1594 2644 doctrina
1618 2610 1846 2644 confessionis
1871 2610 1905 2643 in
1937 2607 2003 2643 boc
2028 2621 2128 2643 versu

1150 2663 1305 2708 primum
1330 2662 1584 2696 consideranda
1615 2668 1708 2698 sunt.
1761 2660 1885 2695 Postea
1915 2662 2069 2694 discatur
2098 2667 2132 2694 et

1598 2710 1648 2747 54
