2415 2942
136 108 210 145 477
427 103 528 140 xut.

133 192 306 228 iusticiam
331 190 518 226 tradimus:
564 202 638 224 non
670 188 765 223 enim
797 188 986 223 iustificant
1015 200 1148 248 opera}

133 249 253 278 nostra
281 255 396 277 coram
420 241 507 277 Deo.
584 240 665 275 Alia
696 241 868 287 quaedam
899 239 1036 273 iusticia
1062 247 1123 280 est,
1145 257 1147 281 2

135 307 204 341 qua
228 305 345 328 coram
367 292 442 327 Deo
470 293 718 332 iustificamur,
744 302 888 335 nempe,
914 291 1054 323 credere
1082 289 1120 322 in
1144 286 1147 345 ἔ

135 344 338 386 Christum,
365 343 460 378 hunc
486 343 645 389 quisquis
673 339 924 387 apprehendit,
958 340 987 373 is
1015 338 1122 374 habet
1144 364 1146 395 1

135 398 239 430 finem
264 396 369 440 legis,
405 396 441 428 id
459 401 528 437 est,
553 405 725 428 summam
748 392 850 436 legis,
886 389 952 424 hoc
976 398 1043 430 est,
1071 397 1122 425 est
1143 400 1146 431 ζ

136 449 248 482 iustus
266 459 383 480 coram
401 445 495 487 Deo,
521 444 683 479 satisfecit
699 444 790 479 Deo.

243 496 433 542 Eleganter
466 502 581 530 autem
621 494 760 529 ornavit
803 493 1044 526 definitionem
1080 504 1121 525 ex

136 549 325 583 contrario.
393 547 532 581 iusticia
565 552 636 587 est,
678 557 750 578 non
785 545 900 578 dicere
936 545 973 576 in
1003 544 1121 584 corde,

136 601 215 645 quis
237 600 399 633 ascendet
423 598 461 631 in
485 597 642 637 coelum,
676 602 737 630 aut
766 595 845 641 quis
869 595 1057 629 descendet
1082 594 1120 626 in

134 650 326 696 abyssum?
361 648 425 683 hae
449 649 579 692 figurae
604 647 788 681 continent
813 647 968 681 rationes
993 643 1120 678 huma-

135 713 215 740 nas,
256 708 288 735 et
313 701 506 745 depingunt
520 699 590 745 'cor
615 697 852 732 incredulum.
913 696 1004 730 Nam
1030 696 1119 729 ratio

133 758 398 796 argumentatur
420 748 488 784 hoc
509 750 633 783 modo:
669 747 751 782 Non
768 759 910 793 possum
932 748 1120 781 ascendere

134 804 170 836 in
195 803 331 836 coelum
349 808 381 835 et
406 813 522 835 coram
547 801 666 834 videre
688 799 905 833 voluntatem
923 797 1010 840 Dei,
1037 809 1118 841 ergo

133 865 205 887 non
233 854 372 886 credam
402 864 456 885 me
479 850 555 885 Deo
585 862 687 884 curae
717 862 806 892 esse,
844 862 916 883 non
948 849 1119 884 assentiar

132 903 245 937 Deum
270 915 333 937 nos
360 903 549 947 respicere,
579 901 692 935 Deum
710 901 813 935 nobis
833 898 900 935 hoc
916 902 1023 934 modo
1043 900 1118 945 pla-

133 954 204 988 cari
228 954 322 988 iuxta
350 955 511 988 verbum.
584 952 657 986 Nee
684 953 850 986 descendi
881 953 917 985 in
941 953 1118 997 abyssum,

133 1003 199 1038 hoc
218 1011 285 1044 est,
315 1017 387 1039 non
408 1004 481 1037 vidi
500 1004 680 1051 quomodo
699 1004 830 1037 mortui
849 1005 994 1046 degant,
1028 1014 1119 1048 quo-

130 1057 236 1089 modo
253 1055 368 1089 redire
389 1055 433 1089 ad
451 1055 558 1089 vitam
577 1054 723 1098 possint.
778 1053 888 1098 igitur
904 1066 976 1088 non
1001 1065 1118 1087 assen-

131 1108 198 1142 tiar
227 1118 427 1153 quenquam
462 1106 670 1139 reviviscere
701 1116 826 1149 posse,
866 1112 925 1139 aut
956 1117 974 1138 a
1007 1112 1118 1137 morte

131 1157 287 1194 liberari.
363 1156 470 1191 Ratio
502 1156 595 1189 enim
629 1156 726 1189 ducit
757 1162 961 1199 argumenta
986 1167 1024 1188 ex
1051 1152 1116 1193 his,

131 1220 221 1254 quae
244 1219 348 1242 sensu
370 1204 647 1252 comprehendit.
700 1205 796 1240 Haec
817 1206 976 1251 impietas
1000 1205 1116 1240 cordis

133 1257 252 1293 haeret
269 1259 306 1292 in
323 1259 488 1292 omnibus
505 1255 710 1291 hominibus
725 1264 861 1293 natura.

232 1307 395 1354 Opponit
419 1309 525 1352 igitur
547 1308 784 1348 contrarium,
812 1305 941 1341 habere
966 1307 1114 1340 verbum

132 1361 168 1393 in
186 1361 311 1400 corde,
344 1360 380 1392 id
401 1366 470 1399 est,
508 1370 588 1391 vere
613 1358 792 1399 assentiri,
826 1359 920 1403 quod
946 1355 1012 1390 hoc
1036 1369 1115 1390 ver-

129 1412 235 1451 bum,
262 1411 356 1455 quod
373 1409 574 1453 praedicant
589 1407 770 1453 Apostoli,
798 1420 919 1441 verum
936 1408 991 1449 sit,
1018 1408 1113 1453 quod

128 1467 268 1505 propter
291 1458 472 1494 Christum
501 1459 713 1504 recipiamur
743 1459 779 1491 in
811 1459 958 1502 gratiam
990 1460 1111 1502 patris,

127 1512 220 1557 qupd
251 1517 397 1559 propter
417 1509 599 1544 Christum
628 1511 808 1553 contingat
835 1509 992 1551 iusticia,
1029 1509 1113 1548 vita,

127 1569 268 1607 propter
282 1559 460 1596 Christum
478 1573 556 1594 vere
573 1561 681 1595 simus
698 1560 772 1595 Deo
792 1572 911 1602 curae,
939 1560 1033 1607 quod
1051 1561 1113 1594 ‹le-

124 1615 309 1647 fendamur
325 1625 342 1645 a
362 1611 436 1646 Deo
457 1619 489 1646 et
504 1624 695 1648 servemur.

225 1661 492 1711 Epiphanema‚
530 1664 634 1697 corde
663 1663 821 1697 creditur
852 1662 895 1696 ad
925 1661 1112 1704 iusticiam,

127 1723 158 1750 et
176 1727 235 1748 ore
252 1715 289 1749 fit
306 1714 477 1748 confessio
502 1715 546 1747 ad
569 1715 730 1749 salutem.
782 1713 970 1758 Repetitur
995 1721 1111 1748 autem

125 1767 267 1800 effectus
289 1766 392 1809 fidei,
418 1765 568 1807 scilicet,
601 1766 695 1810 qnod
721 1765 804 1798 fides
829 1764 1009 1805 iustificet,
1037 1777 1111 1798 non

125 1830 240 1862 opera.
309 1814 357 1850 Et
393 1817 536 1850 additur
569 1816 811 1850 testimonium
847 1828 887 1849 ex
915 1813 1110 1859 Propheta:

126 1868 256 1902 Omnis
277 1868 341 1915 qui
369 1868 557 1900 crediderit
585 1880 656 1900 non
685 1868 847 1911 pudefiet.
916 1864 1055 1900 Citatur
1077 1873 1110 1901 et

123 1920 219 1953 aliud
237 1919 493 1954 testimonium:
522 1916 653 1952 Omnis
669 1919 728 1964 qui
747 1917 964 1952 invocaverit
980 1929 1110 1951 nomen

123 1970 286 2010 Domini,
313 1970 428 2002 salvus
445 1969 522 2005 erit.

227 2020 298 2054 Suo
323 2032 419 2053 wore
442 2020 597 2054 annectit
613 2020 875 2064 gradationem,
903 2033 970 2066 qua
993 2022 1109 2055 decla-

125 2078 179 2105 rat
202 2071 345 2103 modum
376 2071 648 2112 iustificationis,
692 2078 723 2105 et
749 2071 828 2104 fidei
852 2083 1010 2113 causam,
1048 2084 1109 2106 seu

127 2121 303 2167 quomodo
331 2120 414 2153 fides
447 2121 674 2165 concipiatur.
750 2121 931 2158 Dialectici
962 2124 1108 2157 tradunt

124 2173 254 2206 soriten
273 2171 401 2204 versari
426 2171 462 2204 in
484 2172 595 2205 causis
612 2179 644 2206 et
663 2173 854 2207 effectibus.
908 2172 971 2208 Est
989 2182 1106 2208 antem

125 2224 246 2257 sorites
265 2223 459 2266 gradationi
477 2223 604 2258 affinis.
657 2222 738 2257 Ideo
760 2223 909 2266 Paulus,
937 2237 1016 2258 cum
1035 2226 1107 2258 vel-

126 2276 169 2308 let
191 2275 374 2308 ostendere
396 2274 476 2306 fidei
503 2285 660 2315 causam,
689 2274 841 2309 instituit
863 2277 1106 2319 gradationem

124 2324 189 2360 hoc
208 2325 322 2358 modo.

223 2376 335 2410 Nemo
353 2376 510 2416 invocat,
539 2376 606 2409 nisi
624 2377 758 2410 credat:

222 2426 331 2460 Nemo
350 2428 478 2467 credit,
504 2428 572 2460 nisi
587 2427 762 2460 audiverit
778 2427 943 2461 verbum:

222 2477 300 2511 Non
317 2486 425 2521 potest
442 2479 558 2512 audiri
581 2478 739 2518 verbum,
767 2478 833 2511 nisi
852 2479 1080 2522 praedicetur.

223 2528 300 2562 Non
327 2536 437 2576 potest
462 2530 654 2574 praedicari
677 2530 844 2571 verbnm,
872 2530 939 2562 nisi
962 2531 1106 2564 mittan-

122 2589 181 2616 tur
195 2592 211 2613 a
230 2580 305 2613 Det»
323 2581 380 2624 qni
400 2581 609 2624 praedicent.
652 2579 697 2614 Et
716 2580 834 2615 recitat
852 2580 1104 2621 testimonium,

122 2633 157 2664 in
176 2644 246 2676 quo
262 2628 433 2674 Propheta
457 2632 628 2676 praedixit
651 2632 809 2666 futurum
839 2643 932 2673 esse,
960 2638 997 2666 ut
1022 2633 1103 2666 mit-

120 2690 258 2723 tantur,
286 2683 344 2727 qui
363 2694 493 2717 novum
513 2684 660 2718 verbum
681 2689 845 2729 spargant
863 2683 902 2717 in
919 2684 1105 2728 mun-dum,

583 106 615 141 1.
651 100 1049 139 ANNOTATIONES
1079 101 1127 138 IN
1154 101 1310 140 Epls'r.
1337 99 1486 138 PAULI
1513 101 1580 137 AD
1608 99 1869 138 ROMANOS.

2087 100 2159 135 478

1173 188 1210 221 in
1227 200 1296 234 quo
1314 188 1578 222 annuncientur
1594 188 1701 233 gratia
1718 196 1751 223 et
1767 200 1848 233 pax,
1875 200 1947 221 non
1969 186 2032 222 ira.
2067 185 2157 220 Nam

1172 239 1226 272 lex
1253 246 1352 273 antea
1375 240 1462 273 iram
1489 239 1555 273 Dei
1580 240 1746 275 ostendit.
1799 238 1867 273 Hic
1892 240 1935 273 de
1958 239 2029 272 alio
2051 238 2158 271 verbo

1172 290 1383 324 vaticinatur
1414 288 1609 335 Propheta,
1653 292 1746 336 quod
1772 291 1950 335 praedicat
1979 289 2158 323 remissio-

1172 351 1252 372 nem
1269 347 1502 384 peccatorum,
1528 348 1561 375 et
1576 343 1682 384 gratis
1698 342 1801 376 offert
1820 341 1993 375 iusticiam
2012 341 2158 374 creden-

1172 391 1279 424 tibus.
1333 390 1443 424 Docet
1464 398 1579 424 autem
1598 392 1701 425 fidem
1721 393 1769 425 sic
1792 393 2013 435 contingere,
2041 391 2068 424 si
2093 402 2157 423 au-

1171 441 1309 475 diamus
1345 442 1491 474 verbum
1515 440 1607 482 Dei,
1644 450 1675 475 et
1703 443 1848 487 quidam
1885 440 2039 475 humana
2075 453 2159 474 voce

1172 492 1421 537 praedicatum.
1475 490 1537 525 Est
1557 493 1664 535 igitur
1681 504 1783 526 causa
1810 493 1962 526 efficiens
1980 492 2059 526 fidei
2079 504 2158 525 ver-

1171 543 1275 582 bum,
1311 554 1380 588 quo
1399 543 1549 587 impellit
1573 550 1605 577 et
1633 551 1749 577 movet
1764 542 1858 576 Deus
1884 545 1987 576 corda
2014 544 2058 576 ad
2085 554 2160 575 crc-

1170 595 1338 629 dendum.
1393 593 1478 628 Sine
1495 595 1602 627 verbo
1621 606 1691 627 non
1709 594 1883 637 contingit
1900 593 2054 638 Spiritus
2076 605 2159 627 san-

1169 651 1256 680 ctus.
1309 643 1355 678 Et
1371 651 1407 678 ut
1422 644 1659 679 ministerium
1677 646 1775 679 verbi
1793 643 1859 679 Dei
1884 645 2159 684 commendaret,

1169 696 1306 729 addidit
1321 695 1525 729 missionem
1542 708 1696 741 quoque.

1271 745 1404 780 Multas
1430 758 1469 780 ac
1493 758 1636 790 magnas
1665 746 1835 781 utilitates
1864 748 2048 791 decerpere
2079 745 2159 790 pius

1170 797 1279 831 lector
1293 809 1332 831 ex
1349 795 1415 831 hoc
1432 797 1544 842 capite
1561 804 1683 842 potest.
1734 797 1848 842 Supra
1864 798 1966 831 valde
1984 798 2074 831 clara
2095 809 2158 841 po—

1169 848 1266 882 nitur
1282 849 1440 882 definitio
1455 849 1552 890 fidei,
1580 849 1699 894 inqua
1725 849 1819 882 cerni
1845 856 1976 893 potest,
2005 849 2090 893 quid
2114 848 2158 881 sit

1169 900 1265 934 fides.
1334 899 1466 934 Natura
1491 900 1584 933 enim
1610 906 1643 933 et
1666 900 1719 932 vis
1740 900 1822 933 fidei
1849 900 1952 934 valde
1975 900 2068 933 clare
2095 900 2158 932 de·

1170 951 1338 995 pingitur,
1363 963 1441 984 cum
1460 951 1699 984 dubitationes
1716 951 1797 984 illae
1812 951 1940 985 mentis
1957 950 2086 995 impiae
2102 961 2158 982 re-

1170 999 1452 1046 prehenduntur.
1515 1001 1605 1045 Quis
1630 1002 1785 1036 ascendit
1808 1002 1844 1035 in
1871 1002 2034 1036 coelum?
2076 1000 2156 1044 Qua

1170 1053 1224 1085 via
1251 1060 1343 1097 patet
1374 1053 1508 1086 reditus
1537 1053 1685 1086 mortuis
1717 1054 1757 1086 ad
1790 1053 1924 1087 vitam?
1964 1051 2026 1085 Est
2060 1052 2154 1085 enim

1167 1104 1269 1144 fides,
1304 1116 1392 1149 quae
1418 1110 1511 1137 certo
1537 1104 1659 1137 statuit
1683 1104 1726 1136 de
1750 1104 1932 1137 voluntate
1955 1102 2043 1146 Dei,
2081 1101 2156 1135 Deo

1169 1166 1232 1188 nos
1250 1167 1354 1188 curae
1374 1166 1463 1195 esse,
1492 1153 1605 1187 Deum
1631 1154 1735 1187 nobis
1760 1154 1940 1197 ignoscere
1967 1154 2061 1187 iuxta
2091 1150 2159 1186 hoe

1169 1206 1336 1245 verbum,
1380 1206 1447 1248 tegi
1479 1211 1512 1238 et
1545 1205 1686 1237 defendi
1716 1210 1749 1238 et
1775 1205 1905 1238 servari
1933 1216 1997 1237 nos
2022 1217 2039 1238 a
2065 1205 2158 1238 Deo.

1171 1255 1254 1289 Item
1274 1262 1416 1298 separat
1433 1255 1604 1289 iusticiam
1624 1256 1704 1288 fidei
1722 1268 1738 1288 a
1757 1255 1891 1289 iusticia
1912 1256 2014 1299 legis,
2043 1263 2074 1289 et
2092 1255 2159 1288 soli

1165 1306 1246 1339 fidei
1276 1306 1400 1340 tribuit
1429 1306 1710 1340 iustificationem
1730 1333 1740 1348 ,
1781 1307 1883 1342 alteri
1913 1307 2031 1351 generi
2063 1307 2155 1340 clare

1164 1357 1301 1392 adimit.

1268 1406 1405 1441 Deinde.
1423 1408 1581 1450 gradatio
1600 1409 1642 1440 (le
1664 1409 1769 1442 modo
1789 1408 2069 1450 iustificationis,
2096 1420 2157 1442 seu

1166 1459 1209 1492 de
1234 1459 1313 1491 fidei
1349 1471 1449 1491 causa
1478 1470 1687 1503 magnopere
1716 1460 1936 1494 observanda
1962 1468 2014 1495 est
2036 1466 2161 1494 contra

1164 1510 1335 1544 fanaticos
1361 1507 1539 1550 hon-ines,
1577 1510 1635 1555 qui
1661 1517 1894 1544 contemnunt
1919 1511 2157 1545 ministerium

1166 1561 1282 1602 verbi,
1310 1561 1392 1606 qui,
1420 1561 1548 1594 omisso
1575 1562 1705 1599 verbo,
1741 1573 1849 1594 novas
1876 1562 2156 1596 illuminationes

1165 1611 1376 1658 requirunt,
1426 1611 1486 1656 qui
1528 1612 1599 1644 suis
1638 1613 1939 1655 speculationibus
1981 1620 2157 1647 conantur

1165 1663 1278 1697 Deum
1313 1660 1634 1707 comprehendere,
1676 1664 1737 1708 qui
1776 1664 1953 1698 somniant
1981 1664 2157 1709 Spiritum

1164 1721 1324 1749 sanctum
1343 1713 1481 1758 concipi
1500 1720 1558 1747 aut
1582 1714 1719 1758 operari
1745 1714 1780 1747 in
1805 1715 1909 1748 nobis
1932 1727 1994 1759 per
2017 1722 2156 1749 nostras

1165 1765 1421 1810 speculationes
1448 1765 1524 1798 sine
1550 1766 1658 1798 verbo
1683 1764 1767 1806 Dei,
1793 1765 1852 1811 qui
1877 1767 2057 1800 somniant
2073 1765 2156 1810 Spi-

1164 1818 1269 1850 ritum
1294 1823 1453 1849 sanctum
1474 1815 1611 1860 concipi
1642 1827 1704 1860 per
1729 1817 2014 1860 praeparationes
2039 1824 2154 1851 certo-

1165 1880 1242 1901 rum
1271 1879 1431 1914 opernm.
1485 1866 1590 1900 Tales
1615 1865 1780 1902 haeretici
1806 1868 1951 1902 suerunt
1977 1868 2062 1901 olim
2097 1867 2156 1902 ἒν-

1163 1916 1407 1959 θουσιασταὶ,
1437 1924 1467 1951 et
1485 1918 1545 1951 alii
1563 1918 1676 1952 multi.
1730 1918 1775 1952 Et
1793 1919 1919 1952 nostris
1937 1919 2156 1963 temporibus

1164 1977 1245 2004 sunt
1264 1969 1535 2014 Anabaptistae‚
1563 1976 1595 2003 et
1623 1969 1683 2002 alii
1711 1970 1772 2015 qui
1798 1970 2032 2003 ministerium
2056 1970 2155 2003 verbi

1163 2027 1411 2057 contemnunt,
1441 2027 1473 2053 et
1498 2020 1675 2054 somniant
1693 2020 1865 2064 Spiritum
1892 2028 2048 2054 sanctum
2077 2022 2155 2054 dari

1161 2073 1237 2106 sine
1255 2072 1362 2104 verbo
1380 2071 1460 2106 Dei.
1512 2070 1633 2117 Itaque
1652 2072 1791 2116 publice
1817 2072 1957 2116 prodes-t
1975 2069 2031 2105 hic
2055 2072 2154 2106 locus

1161 2124 1204 2157 ad
1229 2123 1454 2156 retinendum
1471 2122 1707 2156 ministerium
1728 2124 1823 2157 verbi
1843 2122 1918 2156 Dei.

1262 2173 1409 2207 Prodest
1428 2181 1459 2208 et
1477 2174 1639 2217 privatim
1659 2174 1695 2207 in
1720 2174 1974 2208 tentationibus
1999 2174 2153 2218 piorum.

1160 2223 1250 2258 Nam
1269 2236 1369 2266 aegre
1387 2226 1518 2272 pendet
1537 2236 1635 2257 mens
1654 2237 1673 2258 a
1695 2225 1770 2258 solo
1795 2225 1920 2266 verbo,
1949 2232 1982 2258 et
2001 2225 2151 2270 requirit

1160 2276 1245 2309 alias
1263 2276 1539 2314 consolationes,
1569 2276 1867 2314 illuminationes,
1894 2288 1968 2309 non
1990 2277 2094 2309 audet
2116 2288 2155 2310 se

1160 2335 1295 2361 tantum
1314 2327 1421 2360 verbo
1438 2333 1643 2362 sustentare.
1699 2325 1746 2359 Ut
1771 2326 1879 2369 igitur
1900 2327 2049 2360 sciamus
2078 2339 2151 2360 non

1159 2390 1231 2411 esse
1247 2378 1333 2411 alias
1351 2377 1609 2411 consolationes
1627 2376 1873 2421 requirendas,
1900 2378 1996 2411 iubet
2014 2389 2078 2411 nos
2104 2379 2149 2411 ad

1159 2430 1304 2463 verbum
1331 2430 1520 2473 respicere,
1555 2440 1593 2461 ac
1616 2427 1767 2469 sentire,
1802 2429 1897 2473 quod
1921 2426 2014 2462 haud
2040 2429 2152 2462 dubie

1158 2478 1242 2513 haec
1258 2480 1300 2513 sit
1317 2479 1383 2513 Dei
1404 2480 1566 2512 voluntas
1589 2478 1735 2512 iuvandi
1759 2490 1846 2520 nos,
1872 2491 1960 2525 quae
1978 2479 2015 2512 in
2041 2481 2150 2513 verbo

1157 2532 1367 2565 ostenditur.
1427 2528 1474 2563 Et
1497 2541 1541 2562 ne
1562 2529 1804 2574 requireretur
1829 2530 1895 2564 alia
1918 2530 2153 2572 illuminatio,

1156 2589 1303 2616 testatur
1330 2594 1365 2615 se
1396 2580 1493 2625 loqui
1523 2580 1568 2613 de
1604 2581 1713 2614 verbo
1750 2581 1953 2625 praedicato
1991 2578 2144 2615 humana

1156 2645 1256 2674 voce,
1292 2634 1335 2665 de
1359 2631 1535 2675 corporali
1567 2632 1695 2672 verbo,
1731 2633 1827 2677 quod
1860 2632 2006 2675 legitur,
2050 2634 2147 2676 quod

1153 2690 1318 2730 personat
1335 2682 1373 2716 iu
1389 2682 1546 2720 auribus.
1583 2681 1665 2717 Ideo
1682 2682 1809 2717 diserte
1828 2683 1876 2717 ait
1889 2682 2025 2717 Moses:
2056 2682 2082 2717 V
2087 2695 2146 2717 er·
