2415 2942
24 0 35 116 twa—a

57 1298 131 1335 ‘est
147 1301 305 1344 captivus
322 1297 398 1332 heri
422 1299 495 1340 sui,
530 1305 687 1332 servatus
712 1299 755 1331 ad
780 1299 916 1344 aliquas
936 1312 1068 1343 operas,
1119 1305 1151 1331 et
1190 1298 1344 1331 ostendit
1380 1310 1414 1331 se
1447 1312 1518 1331 non
1552 1301 1649 1344 loqui
1683 1301 1725 1333 de
1754 1301 1897 1344 politica
1930 1304 2109 1337 servitute.

66 1553 161 1597 ,legit
176 1565 293 1587 semen
310 1550 496 1593 Abrahae,
522 1560 562 1586 ut
587 1552 733 1586 serviret
750 1553 818 1597 ipsi
838 1553 874 1585 in
893 1551 956 1586 hac
976 1555 1066 1596 poli·
1086 1292 1095 1874 f

88 122 162 158 201
496 119 580 157 XII.
633 117 930 156 ENARRATIO
959 118 1010 155 IN
1033 116 1217 156 EVANG.
1244 118 1458 157 IOANNIS.
1510 120 1614 157 CAP.
1641 121 1744 157 vm.
2052 126 2127 161 202

1132 206 1248 244 mani,
1281 214 1460 251 peccatum
1493 215 1525 242 et
1553 209 1641 242 iram
1667 207 1751 250 Dei,
1785 215 1819 243 et
1845 221 1968 243 omnes
1990 222 2122 254 poenas

1131 265 1328 300 praesentes
1353 266 1385 292 et
1409 266 1581 294 aeternas.
1634 258 1687 293 Ita
1711 271 1832 293 rursus
1850 258 1935 294 haec
1950 273 2018 294 vox
2036 274 2121 307 pro-

1129 308 1231 351 ponit
1263 310 1500 343 dulcissimam
1530 311 1827 344 consolationem:
1863 310 1902 345 Si
1932 312 2026 346 filius
2057 325 2120 347 vos

216 205 350 242 Servus
366 217 439 241 non
456 211 579 240 manet
596 206 634 240 in
653 203 759 240 domo
773 209 955 253 perpetuo.

194 282 370 319 Generale
386 284 519 318 dictum
538 290 609 324 est,
635 294 774 316 servum
793 294 866 315 non
882 294 1024 316 manere
1042 282 1080 316 in

1103 318 1105 330 Ι

88 335 312 431 ξὲῐιῇιέὲᾶἑῶἓ
343 342 415 420 ξέἔ’
452 347 527 419 ἓξὲξ
555 331 866 428 ξέἰῖυὲἃεέἓέςῗῒ
902 339 1078 417 Εὲῑῐῗὶἓίἓ
1102 331 1105 398 i
1129 359 1351 398 liberaverit,
1378 372 1458 393 vere
1480 362 1585 394 liberi
1603 362 1695 395 estis.
1748 361 2006 406 Complectitur
2022 364 2118 396 enim

401 413 410 428 5
861 410 870 424 ⁵
976 406 986 416 ¹

89 438 195 471 dixit:
224 438 354 472 Servus
377 437 509 482 peccati
524 442 574 468 est
592 446 671 468 reus
689 440 849 467 aeternae
867 434 939 467 irae
956 435 1025 468 Dei
1043 441 1078 468 et
1100 399 1103 470 i
1128 409 1374 442 hber‘monem
1406 422 1425 443 a
1450 419 1618 454 peccans‘
1653 413 1697 445 ab
1719 426 1771 446 ¹¹³
1791 412 1858 446 Dffl
1882 421 1916 448 et
1937 425 1956 447 ³
1981 426 2117 458 P00ss152

170 489 194 522 t‘
237 495 397 522 aeternae
445 499 510 520 nec
557 486 612 518 uic
642 497 721 518 uam
746 485 815 518 dici
840 485 993 519 atrocius
1017 493 1077 519 aut
1127 457 1295 517 hoe.e⁵t'
1328 461 1603 519 reStimtionem,
1622 462 1797 519 imildae,
1829 471 1862 498 et
1886 466 2116 523 donationem

87 500 224 574 ffiiltiiiss
240 540 282 572 de
300 515 425 573 natura
442 498 595 570 humiina
615 498 744 580 gomi,
772 548 877 580 quam
903 548 976 570 esse
999 548 1075 569 ser·
1126 511 1257 553 giorum
1281 517 1443 544 aeternae
1467 518 1499 545 et
1522 512 1687 548 hennae·
1740 513 1840 556 Quae
1862 527 2010 550 munera
2032 528 2116 561 qma

318 589 326 596 ,
397 586 431 621 O
499 587 507 594 .
554 583 577 619 h
665 586 672 593 .
811 587 818 593 .
876 584 887 619 ι
978 587 1002 620 3.
1027 594 1037 621 t
1125 573 1199 594 non
1229 561 1494 605 intelligebant,
1526 563 1605 595 ideo
1636 569 1805 608 tanquam
1839 566 1928 598 ebrii
1954 574 1986 600 et
2011 567 2116 600 deliri

87 596 566 673 vgznrgrzccssssfflanqfflngse
580 593 792 671 ὃξξεὶὲξὲιῃὲ
809 599 1073 672 Ἑρο108εὲζξῐὲ’
1126 613 1291 645 aberrant
1316 625 1333 646 a
1356 613 1529 646 sententia
1547 611 1698 655 Christi,
1726 621 1759 648 et
1776 616 1953 650 somniant
1971 618 2116 651 liberta-

86 653 111 674 n
150 653 171 673 u
415 660 423 671 ι
905 665 912 679 ‚
1058 661 1074 665 -

85 702 218 724 macem
241 691 407 723 adversus
429 688 544 721 Deum
597 688 768 722 abiectam
794 700 813 722 a
830 687 925 728 Deo,
965 690 1073 723 desti-
1125 670 1194 697 tem
1214 663 1392 708 politicam
1415 671 1448 698 et
1464 664 1609 708 imperia
1622 692 1631 705 ‚
1659 671 1692 699 et
1706 667 1900 700 ostendunt
1917 678 1952 700 se
1970 679 2115 712 prorsus

553 715 563 730 9

82 748 201 775 natam
219 741 262 774 ad
278 748 435 774 aeternas
452 746 485 774 et:
498 737 687 773 horribiles
703 751 852 782 poenas,
880 740 1072 774 subiectam
1124 726 1187 798 ξπ
1207 726 1381 799 ,ωἰδῦῗζὲὶ
1397 712 1589 757 hum³¹¹²³⁵²
1616 728 1680 750 ΗΒΕ
1703 729 1975 762 Pmffl¹⁵⁵¹0nem
2000 719 2116 753 Abra·

83 791 266 838 tyrannidi
282 791 435 832 diaboli,
461 803 535 824 non
560 802 660 834 posse
686 791 832 823 liberari
860 792 904 824 ab
922 791 974 824 ira
993 790 1072 833 Dei,
1151 777 1188 799 ae
1205 777 1243 798 m
1261 778 1277 798 e
1309 779 1339 809 ¹¹³
1384 778 1412 801 θ’

82 849 116 876 et
132 842 254 887 poenis
268 842 434 883 aeternis,
461 842 604 887 propria
623 841 771 877 iusticia.
805 840 944 875 Horum
962 843 1073 876 malo-

80 906 161 927 rum
180 894 384 937 magnitudo
402 905 476 926 non
493 890 807 937 comprehenditur
823 893 867 926 ab
886 893 957 927 ulla
975 905 1071 926 crea-

81 951 180 985 tura,
202 946 261 977 sed
279 944 396 989 aliqua
420 956 460 977 ex
485 950 584 991 parte
606 943 763 987 agnoscit
787 941 849 976 has
876 951 990 978 tantas
1014 957 1071 977 ae-

80 1007 243 1036 rumnas,
271 995 364 1029 inter
381 1002 432 1028 tot
447 992 625 1028 horrenda
641 995 739 1038 signa
756 995 827 1027 irae
844 993 928 1036 Dei,
965 1002 997 1029 et
1016 996 1072 1028 in-

79 1053 133 1080 ter
148 1058 276 1090 poenas
291 1046 536 1091 quotidianas,
570 1043 745 1086 Ecclesia,
779 1058 867 1090 quae
894 1046 964 1089 agit
988 1059 1070 1090 poe-

81 1097 284 1136 nitentiam,
320 1103 353 1130 et
378 1097 441 1130 scit
467 1108 502 1129 se
525 1097 718 1129 subiectam
743 1096 796 1128 illi
820 1097 954 1140 ingenti
984 1098 1069 1130 moli

80 1160 328 1182 aerumnarum
351 1155 495 1191 propter
526 1154 719 1191 peccatum.
778 1146 863 1180 Plus
890 1154 938 1180 cst
964 1148 1071 1190 igitur

79 1199 195 1232 dicere
213 1211 352 1231 servum
371 1198 522 1242 peccati,
550 1210 653 1243 quam
678 1198 886 1240 generaliter
905 1199 973 1231 dici
998 1211 1069 1231 ser-

79 1262 175 1284 vum.
235 1249 326 1282 Nam
357 1260 478 1282 servus
511 1249 722 1295 generaliter
754 1260 814 1281 scu
845 1249 940 1282 civili
971 1262 1069 1282 more

1285 865 1370 900 Scio
1394 864 1498 915 quod
1518 856 1635 903 semen
1660 866 1838 904 Abrahae
1856 869 1953 906 estis.

1223 940 1315 976 Cum
1334 942 1456 976 Iudaei
1474 944 1629 978 dicerent
1646 957 1680 978 se
1696 946 1828 979 liberos
1846 957 1937 987 esse,
1962 946 2114 980 uteban-

1122 999 1180 1026 tur
1203 991 1270 1026 hoc
1295 1001 1520 1037 argumento:
1550 994 1642 1038 Quia
1660 1007 1781 1029 sumus
1798 1008 1916 1029 semen
1937 995 2113 1038 Abrahae,

1122 1044 1176 1077 cui
1201 1045 1288 1077 sacta
1309 1052 1357 1078 est
1377 1046 1561 1089 promissio
1582 1047 1681 1089 regni
1699 1054 1731 1080 et
1748 1047 1937 1089 lIbertatis,
1966 1055 1998 1082 et
2015 1050 2112 1093 quod

1120 1094 1216 1128 Deus
1250 1093 1420 1129 hactenus
1453 1098 1624 1137 servavit,
1666 1110 1711 1131 ne
1744 1099 1911 1131 servitute
1943 1106 2112 1143 perpetua

1122 1146 1397 1189 opprimeretur,
1426 1148 1562 1181 etiamsi
1589 1149 1631 1180 ad
1658 1155 1795 1191 tempus
1821 1149 2012 1193 castigavit.
2067 1151 2112 1183 Id

1120 1204 1365 1239 argumentum
1392 1199 1490 1241 prius
1511 1198 1677 1232 refutavit
1695 1197 1857 1233 Christus
1875 1201 2111 1245 descriptione

1119 1247 1316 1280 servitutis:
1344 1246 1415 1289 Qui
1438 1249 1522 1282 facit
1539 1256 1736 1292 peccatum,
1763 1262 1884 1284 servus
1900 1259 1949 1284 est
1965 1253 2108 1295 peccati,

1118 1348 1221 1381 Nunc
1243 1348 1342 1381 addit
1359 1350 1467 1392 magis
1484 1351 1642 1384 odiosam
1661 1352 1905 1385 refutationem
1920 1380 1929 1394 ,
1955 1355 2000 1387 ab
2014 1355 2110 1398 ipso-

1118 1411 1197 1432 rum
1216 1400 1374 1442 personis
1394 1408 1562 1434 sumtam:
1593 1401 1664 1435 Vos
1683 1403 1746 1435 etsi
1763 1403 1844 1436 estis
1859 1416 1975 1437 semen
1993 1404 2109 1438 Abra—

1118 1448 1182 1482 hae
1207 1452 1400 1484 secundum
1427 1464 1586 1491 carnem,
1613 1460 1728 1486 tamen
1753 1455 1834 1499 quia
1853 1455 1933 1488 estis
1951 1456 2012 1488 filii
2032 1457 2109 1489 dia-

1117 1501 1209 1540 boli,
1238 1514 1310 1533 non
1334 1503 1414 1535 estis
1433 1502 1491 1535 illa
1512 1504 1695 1547 posteritas
1713 1505 1885 1549 particeps
1902 1507 2107 1550 promissio-

1117 1552 1171 1585 nis
1198 1550 1374 1586 Abrahae.
1429 1552 1506 1586 Iioc
1530 1555 1679 1587 dictum:
1717 1555 1798 1589 Scio
1825 1559 1919 1602 quod
1946 1559 2026 1591 estis
2052 1570 2107 1591 se-

1117 1615 1196 1635 men
1217 1601 1381 1636 Abrahae
1394 1631 1403 1645 ,
1431 1617 1498 1637 vox
1515 1612 1564 1638 est
1581 1607 1820 1650 deplorantis,
1846 1609 1941 1652 quod
1960 1609 2012 1641 illi
2029 1609 2107 1652 ipsi,

1116 1656 1175 1698 qui
1208 1655 1384 1688 debebant
1417 1667 1488 1688 esse
1512 1654 1689 1698 Ecclesia,
1724 1664 1806 1691 sunt
1839 1656 1955 1692 hostes
1981 1658 2048 1692 Dei
2074 1668 2107 1694 et

1117 1703 1302 1740 Ecclesiae.
1357 1705 1438 1739 Scio
1462 1719 1523 1739 vos
1548 1720 1619 1740 esse
1644 1716 1743 1741 natos
1763 1720 1802 1741 ex
1820 1708 1986 1743 Abrahae
2002 1712 2106 1744 semi-

1115 1767 1176 1796 ne,
1214 1756 1285 1788 scio
1318 1768 1378 1789 vos
1408 1758 1543 1800 magnis
1573 1758 1752 1791 miraculis
1786 1767 1925 1793 vocatos
1958 1774 2030 1795 csse
2062 1763 2107 1795 ad

1115 1807 1331 1849 agnitionem
1360 1807 1445 1848 Dei,
1494 1816 1526 1842 et
1566 1810 1687 1842 multis
1726 1811 1850 1843 seculis
1883 1813 2044 1845 defensos
2072 1821 2107 1846 et

1116 1858 1304 1890 collocatos
1335 1859 1372 1890 in
1405 1871 1543 1892 summo
1571 1857 1705 1893 honore
1730 1861 1765 1893 in
1791 1868 1864 1895 toto
1887 1875 2012 1906 genere
2037 1861 2107 1897 hu-

1115 1920 1239 1946 mano,
1269 1915 1307 1941 ut
1330 1909 1405 1942 sitis
1429 1912 1589 1943 custodes
1614 1918 1645 1944 et
1669 1924 1857 1955 praecones
1873 1915 1939 1947 mei
1958 1915 2056 1947 verbi
2073 1922 2106 1948 et

1115 1959 1377 2002 promissionis,
1411 1973 1478 2004 qua
1511 1963 1644 1995 reddita
1671 1970 1721 1996 est
1746 1964 1838 1996 salus
1864 1962 2020 1998 humano
2046 1977 2105 2009 ge-

1116 2009 1205 2041 neri.
1258 2010 1353 2043 Haec
1380 2012 1498 2044 omnia
1522 2013 1653 2046 maiora
1677 2020 1780 2054 sunt,
1808 2027 1911 2059 quam
1931 2013 1969 2049 iit
1989 2018 2104 2049 verbis

1116 2060 1280 2102 explicari
1311 2062 1393 2095 satis
1419 2065 1565 2106 possint.
1626 2063 1813 2098 Assentior
1839 2078 1917 2109 ergo
1944 2079 2005 2100 vos
2031 2080 2105 2101 esse

1115 2123 1232 2143 semen
1254 2110 1418 2145 Abrahae
1441 2116 1634 2147 secundum
1661 2128 1820 2154 carnem,
1849 2124 1881 2150 et
1903 2125 2044 2151 vocatos
2060 2121 2105 2152 ad

1115 2174 1262 2204 regnum
1281 2162 1368 2203 Dei,
1396 2171 1429 2197 et
1451 2165 1553 2197 doleo
1575 2177 1636 2198 vos
1659 2178 1731 2199 non
1750 2179 1936 2210 agnoscere
1954 2176 2105 2203 vestram

1116 2213 1356 2252 vocationem,
1394 2222 1428 2248 et
1459 2228 1537 2248 cum
1569 2228 1605 2249 ea
1633 2218 1770 2250 rabiose
1794 2230 1961 2261 pugnare.
2021 2220 2104 2254 Non

1115 2264 1196 2296 estis
1228 2265 1335 2305 igitur
1366 2277 1446 2298 vera
1480 2267 1664 2310 posteritas
1698 2267 1882 2310 Abrahae,
1929 2271 2104 2316 particeps

1115 2315 1304 2357 promissae
1331 2316 1610 2358 benedictionis,
1644 2319 1703 2351 sed
1730 2319 1876 2353 miserae
1903 2322 2013 2363 feces,
2039 2326 2105 2356 ab-

1114 2366 1220 2399 iectae
1249 2378 1267 2399 a
1292 2365 1385 2407 Deo,
1419 2368 1501 2411 quia
1535 2369 1692 2411 neglecto
1725 2371 1833 2404 verbo
1859 2370 1923 2405 Dei
1954 2373 2103 2408 finxistis

1114 2417 1214 2449 vobis
1229 2429 1338 2450 novas
1352 2418 1547 2462 opiniones,
1574 2427 1606 2453 et
1622 2432 1717 2453 nunc
1734 2421 2104 2458 adversaminiEvan-

1112 2469 1214 2511 gelto.
1267 2468 1370 2502 Hanc
1388 2469 1482 2502 enim
1501 2481 1641 2504 causam
1657 2471 1796 2515 allegat.

79 1358 113 1384 et
129 1352 333 1384 demensum
350 1350 536 1393 accipiens,
589 1349 687 1383 Talis
711 1357 785 1384 erat
800 1356 832 1383 et
847 1351 998 1394 populus
1019 1351 1070 1383 le-

79 1402 147 1444 gis,
173 1402 319 1434 meliore
344 1401 567 1441 conditione,
600 1412 704 1445 quarn
723 1397 881 1435 Ethnici.
932 1402 1068 1436 Omnes

77 1452 226 1500 pariter,
264 1451 394 1496 posteri
419 1449 585 1484 Abrahae
609 1458 643 1484 et
667 1447 830 1491 Ethnici‚
864 1459 945 1485 sunt
976 1454 1065 1485 servi

77 1503 209 1547 peccati
226 1503 420 1535 secundum
447 1509 630 1542 naturam,
663 1502 723 1534 sed
745 1508 863 1535 tamen
884 1503 982 1536 Deus
1005 1504 1066 1536 de-

77 1604 143 1646 tia,
178 1604 215 1637 in
243 1616 310 1650 qua
333 1616 368 1637 se
394 1605 587 1648 patefacere
610 1603 740 1643 voluit,
779 1611 812 1636 et
842 1605 1067 1648 promulgare

78 1655 246 1695 verbum,
281 1661 313 1688 et
337 1655 475 1687 mittere
497 1655 608 1688 filium
632 1652 738 1687 huius
763 1652 930 1698 hospitii,
965 1657 1064 1701 quasi

79 1705 265 1738 atriensem
282 1717 341 1737 seu
358 1705 534 1743 villicum,
568 1703 662 1738 hunc
685 1705 856 1748 populum
884 1713 1005 1739 natum
1026 1720 1065 1740 ex

78 1752 283 1798 Abraham,
309 1755 345 1787 in
362 1767 431 1799 quo
452 1761 568 1788 tamen
583 1756 696 1788 voluit
713 1755 817 1788 simul
839 1768 910 1788 esse
928 1757 1063 1801 aliquos

78 1805 263 1849 participes
280 1805 468 1849 promissae
488 1803 725 1845 haereditatis,
753 1807 811 1837 sed
830 1818 901 1839 non
921 1816 1064 1851 propter

77 1856 254 1900 politiam,
280 1856 370 1890 sicut
387 1856 491 1888 etiam
520 1868 559 1888 ex
577 1853 741 1889 Ethnicis
765 1857 903 1890 vocavit
927 1858 1064 1903 aliquos

76 1908 119 1940 ad
146 1907 352 1951 promissam
374 1904 636 1941 haereditatem.
689 1905 758 1940 Sed
780 1905 900 1940 Iudaei
918 1917 1063 1942 conten-

76 1958 206 1991 debant
225 1969 259 1990 se
276 1964 419 2001 propter
437 1957 594 2001 politiam
610 1964 643 1991 et
657 1957 743 1999 legis
761 1970 865 2000 opera
892 1971 963 1992 esse
982 1958 1064 1992 hae-

75 2009 175 2042 redes
195 2008 352 2041 iusticiae
373 2016 405 2041 et
421 2008 552 2050 gloriae
568 2015 741 2048 aeternae,
770 2009 804 2040 id
823 2010 946 2043 resuta!
959 2009 1063 2043 Chri-

73 2066 146 2093 stus
166 2060 304 2092 duobus
323 2059 455 2092 modis:
493 2058 651 2092 Primum
670 2059 779 2092 atroci
796 2061 1063 2094 condemnatio-

72 2122 131 2143 ne:
162 2109 232 2152 Qui
244 2110 325 2143 facit
337 2116 528 2153 peccatum,
555 2122 674 2143 servus
686 2117 735 2143 est
748 2111 890 2154 peccati.
924 2111 1062 2145 Deinde

72 2161 228 2203 generali
260 2161 436 2204 exemplo,
486 2162 580 2194 unde
617 2161 772 2194 nascitur
801 2171 1062 2205 argumentum,

73 2212 169 2257 quod
196 2219 322 2245 vocant
346 2224 365 2244 a
389 2211 538 2245 maiore:
571 2211 699 2245 Nullus
723 2224 844 2245 servus
866 2220 916 2247 est
941 2212 1062 2248 haeres

70 2262 277 2296 facultatum
294 2260 392 2303 heri,
420 2274 501 2305 ergo
526 2263 638 2296 multo
658 2263 776 2296 minus
795 2275 877 2304 vos,
905 2265 964 2309 qui
982 2267 1061 2299 estis

70 2313 163 2347 servi
179 2313 320 2357 peccati.
373 2311 420 2347 Et
438 2326 640 2359 quanquam
664 2313 790 2347 delecti
815 2315 895 2348 estis
921 2317 963 2348 ad
988 2329 1061 2349 cer-

69 2373 139 2398 tam
159 2365 337 2408 politiam,
359 2371 477 2398 tamen
500 2372 643 2409 propter
661 2362 752 2398 hanc
778 2377 852 2398 non
878 2367 960 2400 estis
977 2365 1062 2402 bae-

70 2417 180 2451 redes.
233 2415 356 2449 Postea
373 2416 472 2450 addit
488 2413 694 2452 antithesin.

90 2515 164 2550 Sed
180 2515 338 2562 sifilius
363 2530 423 2551 cos
446 2516 672 2561 liberaverit,
707 2529 782 2552 cere
804 2517 913 2553 liberi
933 2519 1042 2554 erilis.

174 2592 222 2626 Ut
247 2605 350 2637 supra
375 2592 466 2627 nihil
494 2595 628 2628 tristius
651 2595 720 2628 dici
743 2596 855 2638 potuit
877 2593 941 2629 hac
960 2609 1058 2630 voce:
1227 2568 1354 2605 Sermo
1378 2582 1477 2605 meus
1501 2583 1574 2605 non
1600 2578 1697 2621 capit
1720 2586 1759 2608 m
1785 2573 1902 2618 ‘Obls'
1935 2581 1996 2614 etc·

70 2642 143 2686 Qui
163 2651 338 2687 peccatum
357 2645 458 2686 facit,
487 2658 607 2679 servus
629 2653 677 2680 est
697 2647 840 2690 peccati.
892 2645 1057 2690 Comple—

70 2694 175 2729 ctitur
195 2695 290 2728 enim
314 2696 562 2731 universaliter
589 2698 708 2731 omnia
734 2698 825 2732 mala
843 2698 979 2742 generis
1001 2697 1071 2734 hu-

1213 2646 1285 2680 Nec
1309 2659 1396 2691 opus
1421 2655 1470 2682 est
1494 2646 1564 2682 huc
1587 2659 1760 2685 accersere
1783 2653 2036 2697 disputationes
2060 2657 2103 2689 de

1111 2698 1434 2744 praedestinatione
1461 2700 1658 2746 longiores,
1727 2702 1875 2738 Causam
1905 2706 2104 2741 reiectionis
