<?xml version="1.0" encoding="UTF-8"?>
<!DOCTYPE html PUBLIC "-//W3C//DTD XHTML 1.0 Transitional//EN"
    "http://www.w3.org/TR/xhtml1/DTD/xhtml1-transitional.dtd">
<html xmlns="http://www.w3.org/1999/xhtml" xml:lang="en" lang="en">
 <head>
  <title>
</title>
<meta http-equiv="Content-Type" content="text/html;charset=utf-8" />
  <meta name='ocr-system' content='tesseract 3.04.00' />
  <meta name='ocr-capabilities' content='ocr_page ocr_carea ocr_par ocr_line ocrx_word'/>
</head>
<body>
  <div class='ocr_page' id='page_1' title='image "./operaquaesupersu15melauoft/operaquaesupersu15melauoft_0145.png"; bbox 0 0 2415 2942; ppageno 0'>
   <div class='ocr_carea' id='block_1_1' title="bbox 21 116 151 163">
    <p class='ocr_par' dir='ltr' id='par_1_1' title="bbox 21 116 151 163">
     <span class='ocr_line' id='line_1_1' title="bbox 21 116 151 163; baseline -0.038 0"><span class='ocrx_word' id='word_1_1' title='bbox 21 116 31 163; x_wconf 71' lang='lat' dir='ltr'><strong>&#39;t</strong></span> <span class='ocrx_word' id='word_1_2' title='bbox 75 123 151 160; x_wconf 79' lang='lat'><strong>273</strong></span> 
     </span>
    </p>
   </div>
   <div class='ocr_carea' id='block_1_2' title="bbox 479 122 562 159">
    <p class='ocr_par' dir='ltr' id='par_1_2' title="bbox 479 122 562 159">
     <span class='ocr_line' id='line_1_2' title="bbox 479 122 562 159; baseline -0.012 0"><span class='ocrx_word' id='word_1_3' title='bbox 479 122 562 159; x_wconf 89' lang='lat' dir='ltr'><strong>XII.</strong></span> 
     </span>
    </p>
   </div>
   <div class='ocr_carea' id='block_1_3' title="bbox 72 207 1068 963">
    <p class='ocr_par' dir='ltr' id='par_1_3' title="bbox 72 207 1068 963">
     <span class='ocr_line' id='line_1_3' title="bbox 74 207 1068 256; baseline -0.003 -11"><span class='ocrx_word' id='word_1_4' title='bbox 74 209 233 249; x_wconf 83' lang='lat' dir='ltr'><strong>Excitat,</strong></span> <span class='ocrx_word' id='word_1_5' title='bbox 268 209 403 256; x_wconf 89' lang='lat' dir='ltr'><strong>inquit,</strong></span> <span class='ocrx_word' id='word_1_6' title='bbox 437 208 534 244; x_wconf 88' lang='lat' dir='ltr'><strong>Deus</strong></span> <span class='ocrx_word' id='word_1_7' title='bbox 559 207 712 244; x_wconf 86' lang='lat' dir='ltr'><strong>humiles</strong></span> <span class='ocrx_word' id='word_1_8' title='bbox 737 215 770 242; x_wconf 90' lang='lat' dir='ltr'><strong>et</strong></span> <span class='ocrx_word' id='word_1_9' title='bbox 792 208 1005 249; x_wconf 86' lang='lat' dir='ltr'><strong>imbecilles,</strong></span> <span class='ocrx_word' id='word_1_10' title='bbox 1029 216 1068 242; x_wconf 89' lang='lat' dir='ltr'><strong>ut</strong></span> 
     </span>
     <span class='ocr_line' id='line_1_4' title="bbox 76 259 1068 304; baseline -0.004 -9"><span class='ocrx_word' id='word_1_11' title='bbox 76 268 202 295; x_wconf 88' lang='lat' dir='ltr'><strong>sonent</strong></span> <span class='ocrx_word' id='word_1_12' title='bbox 223 259 478 304; x_wconf 66' lang='lat' dir='ltr'><strong>Evangelfflm,</strong></span> <span class='ocrx_word' id='word_1_13' title='bbox 514 261 617 295; x_wconf 90' lang='lat' dir='ltr'><strong>etiam</strong></span> <span class='ocrx_word' id='word_1_14' title='bbox 642 260 922 304; x_wconf 77' lang='lat' dir='ltr'><strong>repugnantibus</strong></span> <span class='ocrx_word' id='word_1_15' title='bbox 947 267 1068 304; x_wconf 78' lang='lat' dir='ltr'><strong>tyran-</strong></span> 
     </span>
     <span class='ocr_line' id='line_1_5' title="bbox 76 308 1067 356; baseline -0.004 -11"><span class='ocrx_word' id='word_1_16' title='bbox 76 312 131 345; x_wconf 90' lang='lat' dir='ltr'><strong>nis</strong></span> <span class='ocrx_word' id='word_1_17' title='bbox 160 319 192 346; x_wconf 88' lang='lat' dir='ltr'><strong>et</strong></span> <span class='ocrx_word' id='word_1_18' title='bbox 228 313 363 356; x_wconf 81' lang='lat' dir='ltr'><strong>magnis</strong></span> <span class='ocrx_word' id='word_1_19' title='bbox 395 311 692 355; x_wconf 74' lang='lat' dir='ltr'><strong>gubernatoribus</strong></span> <span class='ocrx_word' id='word_1_20' title='bbox 724 310 861 345; x_wconf 85' lang='lat' dir='ltr'><strong>mundi.</strong></span> <span class='ocrx_word' id='word_1_21' title='bbox 928 308 1067 352; x_wconf 81' lang='lat' dir='ltr'><strong>Duplex</strong></span> 
     </span>
     <span class='ocr_line' id='line_1_6' title="bbox 79 359 1067 407; baseline -0.005 -11"><span class='ocrx_word' id='word_1_22' title='bbox 79 363 272 397; x_wconf 83' lang='lat' dir='ltr'><strong>consolatio</strong></span> <span class='ocrx_word' id='word_1_23' title='bbox 303 363 514 407; x_wconf 83' lang='lat' dir='ltr'><strong>proponitur</strong></span> <span class='ocrx_word' id='word_1_24' title='bbox 535 364 570 395; x_wconf 93' lang='lat' dir='ltr'><strong>in</strong></span> <span class='ocrx_word' id='word_1_25' title='bbox 596 360 662 394; x_wconf 93' lang='lat' dir='ltr'><strong>hoc</strong></span> <span class='ocrx_word' id='word_1_26' title='bbox 692 361 796 396; x_wconf 89' lang='lat' dir='ltr'><strong>dicto.</strong></span> <span class='ocrx_word' id='word_1_27' title='bbox 863 359 1067 397; x_wconf 67' lang='lat' dir='ltr'><strong>lWonemur,</strong></span> 
     </span>
     <span class='ocr_line' id='line_1_7' title="bbox 74 412 1067 447; baseline -0.004 0"><span class='ocrx_word' id='word_1_28' title='bbox 74 426 120 447; x_wconf 89' lang='lat' dir='ltr'><strong>ne</strong></span> <span class='ocrx_word' id='word_1_29' title='bbox 159 414 246 447; x_wconf 86' lang='lat' dir='ltr'><strong>moti</strong></span> <span class='ocrx_word' id='word_1_30' title='bbox 281 414 522 447; x_wconf 75' lang='lat' dir='ltr'><strong>imbecillitate</strong></span> <span class='ocrx_word' id='word_1_31' title='bbox 556 412 758 446; x_wconf 76' lang='lat' dir='ltr'><strong>docentium</strong></span> <span class='ocrx_word' id='word_1_32' title='bbox 798 418 1067 444; x_wconf 75' lang='lat' dir='ltr'><strong>contemnamus</strong></span> 
     </span>
     <span class='ocr_line' id='line_1_8' title="bbox 75 461 1067 508; baseline -0.003 -11"><span class='ocrx_word' id='word_1_33' title='bbox 75 464 328 508; x_wconf 86' lang='lat' dir='ltr'><strong>Evangelium,</strong></span> <span class='ocrx_word' id='word_1_34' title='bbox 357 465 428 497; x_wconf 89' lang='lat' dir='ltr'><strong>imo</strong></span> <span class='ocrx_word' id='word_1_35' title='bbox 453 476 497 497; x_wconf 90' lang='lat' dir='ltr'><strong>ne</strong></span> <span class='ocrx_word' id='word_1_36' title='bbox 514 475 578 496; x_wconf 89' lang='lat' dir='ltr'><strong>nos</strong></span> <span class='ocrx_word' id='word_1_37' title='bbox 597 469 716 495; x_wconf 88' lang='lat' dir='ltr'><strong>nostra</strong></span> <span class='ocrx_word' id='word_1_38' title='bbox 743 461 965 494; x_wconf 66' lang='lat' dir='ltr'><strong>imbecillitas</strong></span> <span class='ocrx_word' id='word_1_39' title='bbox 990 473 1067 494; x_wconf 89' lang='lat' dir='ltr'><strong>mo-</strong></span> 
     </span>
     <span class='ocr_line' id='line_1_9' title="bbox 76 511 1066 555; baseline -0.004 -8"><span class='ocrx_word' id='word_1_40' title='bbox 76 521 166 555; x_wconf 88' lang='lat' dir='ltr'><strong>veat,</strong></span> <span class='ocrx_word' id='word_1_41' title='bbox 191 522 229 549; x_wconf 89' lang='lat' dir='ltr'><strong>ut</strong></span> <span class='ocrx_word' id='word_1_42' title='bbox 247 517 447 548; x_wconf 89' lang='lat' dir='ltr'><strong>deseramus</strong></span> <span class='ocrx_word' id='word_1_43' title='bbox 463 513 696 547; x_wconf 88' lang='lat' dir='ltr'><strong>ministerium</strong></span> <span class='ocrx_word' id='word_1_44' title='bbox 706 511 902 554; x_wconf 79' lang='lat' dir='ltr'><strong>Evangelii.</strong></span> <span class='ocrx_word' id='word_1_45' title='bbox 929 511 1066 545; x_wconf 82' lang='lat' dir='ltr'><strong>Deinde</strong></span> 
     </span>
     <span class='ocr_line' id='line_1_10' title="bbox 77 563 1066 610; baseline -0.005 -11"><span class='ocrx_word' id='word_1_46' title='bbox 77 566 248 599; x_wconf 81' lang='lat' dir='ltr'><strong>auxilium</strong></span> <span class='ocrx_word' id='word_1_47' title='bbox 274 566 514 610; x_wconf 86' lang='lat' dir='ltr'><strong>promittitur,</strong></span> <span class='ocrx_word' id='word_1_48' title='bbox 540 563 671 604; x_wconf 90' lang='lat' dir='ltr'><strong>Deum,</strong></span> <span class='ocrx_word' id='word_1_49' title='bbox 699 563 767 603; x_wconf 87' lang='lat' dir='ltr'><strong>ait,</strong></span> <span class='ocrx_word' id='word_1_50' title='bbox 801 563 965 606; x_wconf 85' lang='lat' dir='ltr'><strong>perficere</strong></span> <span class='ocrx_word' id='word_1_51' title='bbox 989 563 1066 595; x_wconf 87' lang='lat' dir='ltr'><strong>lau-</strong></span> 
     </span>
     <span class='ocr_line' id='line_1_11' title="bbox 76 613 1064 658; baseline -0.003 -9"><span class='ocrx_word' id='word_1_52' title='bbox 76 617 177 657; x_wconf 88' lang='lat' dir='ltr'><strong>dem,</strong></span> <span class='ocrx_word' id='word_1_53' title='bbox 204 617 347 650; x_wconf 86' lang='lat' dir='ltr'><strong>adiuvat</strong></span> <span class='ocrx_word' id='word_1_54' title='bbox 365 615 460 648; x_wconf 89' lang='lat' dir='ltr'><strong>Deus</strong></span> <span class='ocrx_word' id='word_1_55' title='bbox 484 617 667 653; x_wconf 86' lang='lat' dir='ltr'><strong>docentes,</strong></span> <span class='ocrx_word' id='word_1_56' title='bbox 703 620 743 647; x_wconf 89' lang='lat' dir='ltr'><strong>ut</strong></span> <span class='ocrx_word' id='word_1_57' title='bbox 763 613 888 646; x_wconf 86' lang='lat' dir='ltr'><strong>Esaiae</strong></span> <span class='ocrx_word' id='word_1_58' title='bbox 910 625 983 658; x_wconf 90' lang='lat' dir='ltr'><strong>cap.</strong></span> <span class='ocrx_word' id='word_1_59' title='bbox 1002 614 1064 648; x_wconf 89' lang='lat'><strong>51.</strong></span> 
     </span>
     <span class='ocr_line' id='line_1_12' title="bbox 76 665 1062 704; baseline -0.004 -4"><span class='ocrx_word' id='word_1_60' title='bbox 76 667 222 700; x_wconf 82' lang='lat' dir='ltr'><strong>dicitur:</strong></span> <span class='ocrx_word' id='word_1_61' title='bbox 258 666 365 700; x_wconf 90' lang='lat' dir='ltr'><strong>Posui</strong></span> <span class='ocrx_word' id='word_1_62' title='bbox 392 667 496 699; x_wconf 86' lang='lat' dir='ltr'><strong>verba</strong></span> <span class='ocrx_word' id='word_1_63' title='bbox 520 678 594 698; x_wconf 89' lang='lat' dir='ltr'><strong>mea</strong></span> <span class='ocrx_word' id='word_1_64' title='bbox 617 666 655 697; x_wconf 92' lang='lat' dir='ltr'><strong>in</strong></span> <span class='ocrx_word' id='word_1_65' title='bbox 676 677 736 697; x_wconf 92' lang='lat' dir='ltr'><strong>ore</strong></span> <span class='ocrx_word' id='word_1_66' title='bbox 761 671 840 704; x_wconf 88' lang='lat' dir='ltr'><strong>tuo,</strong></span> <span class='ocrx_word' id='word_1_67' title='bbox 876 671 908 697; x_wconf 92' lang='lat' dir='ltr'><strong>et</strong></span> <span class='ocrx_word' id='word_1_68' title='bbox 935 665 1062 697; x_wconf 89' lang='lat' dir='ltr'><strong>umbra</strong></span> 
     </span>
     <span class='ocr_line' id='line_1_13' title="bbox 75 713 1063 762; baseline -0.003 -13"><span class='ocrx_word' id='word_1_69' title='bbox 75 730 200 751; x_wconf 89' lang='lat' dir='ltr'><strong>manus</strong></span> <span class='ocrx_word' id='word_1_70' title='bbox 218 730 314 751; x_wconf 89' lang='lat' dir='ltr'><strong>meae</strong></span> <span class='ocrx_word' id='word_1_71' title='bbox 333 717 465 762; x_wconf 81' lang='lat' dir='ltr'><strong>protexi</strong></span> <span class='ocrx_word' id='word_1_72' title='bbox 484 724 534 756; x_wconf 92' lang='lat' dir='ltr'><strong>te,</strong></span> <span class='ocrx_word' id='word_1_73' title='bbox 568 723 607 749; x_wconf 88' lang='lat' dir='ltr'><strong>ut</strong></span> <span class='ocrx_word' id='word_1_74' title='bbox 627 715 761 759; x_wconf 80' lang='lat' dir='ltr'><strong>plantes</strong></span> <span class='ocrx_word' id='word_1_75' title='bbox 784 715 912 749; x_wconf 77' lang='lat' dir='ltr'><strong>coelos.</strong></span> <span class='ocrx_word' id='word_1_76' title='bbox 968 713 1063 747; x_wconf 84' lang='lat' dir='ltr'><strong>Haec</strong></span> 
     </span>
     <span class='ocr_line' id='line_1_14' title="bbox 74 764 1064 813; baseline -0.002 -13"><span class='ocrx_word' id='word_1_77' title='bbox 74 769 229 802; x_wconf 80' lang='lat' dir='ltr'><strong>breviter</strong></span> <span class='ocrx_word' id='word_1_78' title='bbox 245 770 287 801; x_wconf 89' lang='lat' dir='ltr'><strong>de</strong></span> <span class='ocrx_word' id='word_1_79' title='bbox 311 780 439 813; x_wconf 91' lang='lat' dir='ltr'><strong>pompa</strong></span> <span class='ocrx_word' id='word_1_80' title='bbox 459 764 668 811; x_wconf 84' lang='lat' dir='ltr'><strong>triumphali</strong></span> <span class='ocrx_word' id='word_1_81' title='bbox 685 764 816 799; x_wconf 84' lang='lat' dir='ltr'><strong>Christi</strong></span> <span class='ocrx_word' id='word_1_82' title='bbox 834 766 1064 809; x_wconf 86' lang='lat' dir='ltr'><strong>ingredientis</strong></span> 
     </span>
     <span class='ocr_line' id='line_1_15' title="bbox 74 817 1064 864; baseline -0.002 -14"><span class='ocrx_word' id='word_1_83' title='bbox 74 817 323 864; x_wconf 79' lang='lat' dir='ltr'><strong>lerosolymam</strong></span> <span class='ocrx_word' id='word_1_84' title='bbox 344 818 613 858; x_wconf 77' lang='lat' dir='ltr'><strong>annotavimus,</strong></span> <span class='ocrx_word' id='word_1_85' title='bbox 638 823 677 850; x_wconf 83' lang='lat' dir='ltr'><strong>ut</strong></span> <span class='ocrx_word' id='word_1_86' title='bbox 701 817 851 850; x_wconf 83' lang='lat' dir='ltr'><strong>studiosi</strong></span> <span class='ocrx_word' id='word_1_87' title='bbox 875 823 1064 860; x_wconf 80' lang='lat' dir='ltr'><strong>agnoscant</strong></span> 
     </span>
     <span class='ocr_line' id='line_1_16' title="bbox 74 868 1064 914; baseline -0.001 -13"><span class='ocrx_word' id='word_1_88' title='bbox 74 869 110 902; x_wconf 91' lang='lat' dir='ltr'><strong>in</strong></span> <span class='ocrx_word' id='word_1_89' title='bbox 151 870 211 902; x_wconf 85' lang='lat' dir='ltr'><strong>illa</strong></span> <span class='ocrx_word' id='word_1_90' title='bbox 251 882 378 914; x_wconf 90' lang='lat' dir='ltr'><strong>pompa</strong></span> <span class='ocrx_word' id='word_1_91' title='bbox 408 868 587 903; x_wconf 85' lang='lat' dir='ltr'><strong>Ecclesiae</strong></span> <span class='ocrx_word' id='word_1_92' title='bbox 620 868 809 912; x_wconf 82' lang='lat' dir='ltr'><strong>imaginem</strong></span> <span class='ocrx_word' id='word_1_93' title='bbox 846 875 878 901; x_wconf 91' lang='lat' dir='ltr'><strong>et</strong></span> <span class='ocrx_word' id='word_1_94' title='bbox 911 868 1064 901; x_wconf 87' lang='lat' dir='ltr'><strong>illustres</strong></span> 
     </span>
     <span class='ocr_line' id='line_1_17' title="bbox 72 919 357 963; baseline 0.011 -11"><span class='ocrx_word' id='word_1_95' title='bbox 72 919 357 963; x_wconf 76' lang='lat' dir='ltr'><strong>significationes,</strong></span> 
     </span>
    </p>
   </div>
   <div class='ocr_carea' id='block_1_4' title="bbox 265 1006 869 1057">
    <p class='ocr_par' dir='ltr' id='par_1_4' title="bbox 265 1006 869 1057">
     <span class='ocr_line' id='line_1_18' title="bbox 265 1006 869 1057; baseline 0.003 -15"><span class='ocrx_word' id='word_1_96' title='bbox 265 1007 392 1043; x_wconf 84' lang='lat' dir='ltr'><strong>Erant</strong></span> <span class='ocrx_word' id='word_1_97' title='bbox 409 1012 530 1043; x_wconf 73' lang='lat' dir='ltr'><strong>autem</strong></span> <span class='ocrx_word' id='word_1_98' title='bbox 548 1007 702 1057; x_wconf 79' lang='lat' dir='ltr'><strong>quidam</strong></span> <span class='ocrx_word' id='word_1_99' title='bbox 724 1006 869 1044; x_wconf 80' lang='lat' dir='ltr'><strong>Graeci.</strong></span> 
     </span>
    </p>
   </div>
   <div class='ocr_carea' id='block_1_5' title="bbox 70 1085 1063 1181">
    <p class='ocr_par' dir='ltr' id='par_1_5' title="bbox 70 1085 1063 1181">
     <span class='ocr_line' id='line_1_19' title="bbox 174 1085 1063 1128; baseline -0.002 -8"><span class='ocrx_word' id='word_1_100' title='bbox 174 1085 304 1119; x_wconf 83' lang='lat' dir='ltr'><strong>Breves</strong></span> <span class='ocrx_word' id='word_1_101' title='bbox 322 1087 543 1120; x_wconf 84' lang='lat' dir='ltr'><strong>narrationes</strong></span> <span class='ocrx_word' id='word_1_102' title='bbox 569 1093 601 1119; x_wconf 90' lang='lat' dir='ltr'><strong>et</strong></span> <span class='ocrx_word' id='word_1_103' title='bbox 630 1087 800 1128; x_wconf 81' lang='lat' dir='ltr'><strong>abruptae</strong></span> <span class='ocrx_word' id='word_1_104' title='bbox 826 1091 1063 1125; x_wconf 84' lang='lat' dir='ltr'><strong>recensentur,</strong></span> 
     </span>
     <span class='ocr_line' id='line_1_20' title="bbox 70 1134 1062 1181; baseline -0.002 -10"><span class='ocrx_word' id='word_1_105' title='bbox 70 1134 234 1171; x_wconf 84' lang='lat' dir='ltr'><strong>Christus</strong></span> <span class='ocrx_word' id='word_1_106' title='bbox 256 1138 462 1171; x_wconf 88' lang='lat' dir='ltr'><strong>concionem</strong></span> <span class='ocrx_word' id='word_1_107' title='bbox 488 1138 624 1176; x_wconf 86' lang='lat' dir='ltr'><strong>iucoat,</strong></span> <span class='ocrx_word' id='word_1_108' title='bbox 658 1149 746 1181; x_wconf 85' lang='lat' dir='ltr'><strong>quae</strong></span> <span class='ocrx_word' id='word_1_109' title='bbox 774 1143 868 1170; x_wconf 88' lang='lat' dir='ltr'><strong>taxat</strong></span> <span class='ocrx_word' id='word_1_110' title='bbox 887 1136 1062 1179; x_wconf 88' lang='lat' dir='ltr'><strong>cupidita-</strong></span> 
     </span>
    </p>
   </div>
   <div class='ocr_carea' id='block_1_6' title="bbox 70 1185 1063 1278">
    <p class='ocr_par' dir='ltr' id='par_1_6' title="bbox 70 1185 1063 1278">
     <span class='ocr_line' id='line_1_21' title="bbox 70 1185 1063 1231; baseline -0.007 -9"><span class='ocrx_word' id='word_1_111' title='bbox 70 1195 140 1222; x_wconf 86' lang='lat' dir='ltr'><strong>tem</strong></span> <span class='ocrx_word' id='word_1_112' title='bbox 161 1188 304 1231; x_wconf 87' lang='lat' dir='ltr'><strong>gloriae,</strong></span> <span class='ocrx_word' id='word_1_113' title='bbox 331 1196 364 1222; x_wconf 89' lang='lat' dir='ltr'><strong>et</strong></span> <span class='ocrx_word' id='word_1_114' title='bbox 381 1195 529 1222; x_wconf 86' lang='lat' dir='ltr'><strong>testatur</strong></span> <span class='ocrx_word' id='word_1_115' title='bbox 540 1187 734 1222; x_wconf 86' lang='lat' dir='ltr'><strong>Ecclesiam</strong></span> <span class='ocrx_word' id='word_1_116' title='bbox 752 1187 789 1219; x_wconf 91' lang='lat' dir='ltr'><strong>in</strong></span> <span class='ocrx_word' id='word_1_117' title='bbox 807 1185 870 1220; x_wconf 87' lang='lat' dir='ltr'><strong>hac</strong></span> <span class='ocrx_word' id='word_1_118' title='bbox 889 1188 958 1217; x_wconf 77' lang='lat' dir='ltr'><strong>vita</strong></span> <span class='ocrx_word' id='word_1_119' title='bbox 977 1187 1063 1216; x_wconf 82' lang='lat' dir='ltr'><strong>sub-</strong></span> 
     </span>
     <span class='ocr_line' id='line_1_22' title="bbox 70 1234 1060 1278; baseline -0.005 -7"><span class='ocrx_word' id='word_1_120' title='bbox 70 1239 195 1272; x_wconf 85' lang='lat' dir='ltr'><strong>iectam</strong></span> <span class='ocrx_word' id='word_1_121' title='bbox 213 1251 284 1271; x_wconf 89' lang='lat' dir='ltr'><strong>esse</strong></span> <span class='ocrx_word' id='word_1_122' title='bbox 302 1239 406 1272; x_wconf 91' lang='lat' dir='ltr'><strong>cruci.</strong></span> <span class='ocrx_word' id='word_1_123' title='bbox 461 1239 503 1268; x_wconf 90' lang='lat' dir='ltr'><strong>In</strong></span> <span class='ocrx_word' id='word_1_124' title='bbox 523 1236 587 1268; x_wconf 77' lang='lat' dir='ltr'><strong>hac</strong></span> <span class='ocrx_word' id='word_1_125' title='bbox 604 1238 677 1278; x_wconf 91' lang='lat' dir='ltr'><strong>ipsa</strong></span> <span class='ocrx_word' id='word_1_126' title='bbox 698 1234 867 1267; x_wconf 91' lang='lat' dir='ltr'><strong>concione</strong></span> <span class='ocrx_word' id='word_1_127' title='bbox 883 1234 1011 1267; x_wconf 88' lang='lat' dir='ltr'><strong>accidit</strong></span> <span class='ocrx_word' id='word_1_128' title='bbox 1029 1235 1060 1266; x_wconf 90' lang='lat' dir='ltr'><strong>ei</strong></span> 
     </span>
    </p>
   </div>
   <div class='ocr_carea' id='block_1_7' title="bbox 68 1285 1060 1532">
    <p class='ocr_par' dir='ltr' id='par_1_7' title="bbox 68 1285 1060 1532">
     <span class='ocr_line' id='line_1_23' title="bbox 70 1285 1060 1329; baseline -0.002 -10"><span class='ocrx_word' id='word_1_129' title='bbox 70 1289 186 1323; x_wconf 74' lang='lat' dir='ltr'><strong>subita</strong></span> <span class='ocrx_word' id='word_1_130' title='bbox 207 1286 442 1319; x_wconf 81' lang='lat' dir='ltr'><strong>consternatio</strong></span> <span class='ocrx_word' id='word_1_131' title='bbox 469 1285 598 1325; x_wconf 88' lang='lat' dir='ltr'><strong>animi,</strong></span> <span class='ocrx_word' id='word_1_132' title='bbox 632 1285 668 1317; x_wconf 88' lang='lat' dir='ltr'><strong>in</strong></span> <span class='ocrx_word' id='word_1_133' title='bbox 692 1297 760 1329; x_wconf 90' lang='lat' dir='ltr'><strong>qua</strong></span> <span class='ocrx_word' id='word_1_134' title='bbox 785 1285 982 1317; x_wconf 79' lang='lat' dir='ltr'><strong>exclamans</strong></span> <span class='ocrx_word' id='word_1_135' title='bbox 1003 1285 1060 1317; x_wconf 92' lang='lat' dir='ltr'><strong>in—</strong></span> 
     </span>
     <span class='ocr_line' id='line_1_24' title="bbox 70 1335 1060 1380; baseline 0 -12"><span class='ocrx_word' id='word_1_136' title='bbox 70 1342 172 1370; x_wconf 85' lang='lat' dir='ltr'><strong>vocat</strong></span> <span class='ocrx_word' id='word_1_137' title='bbox 189 1343 332 1380; x_wconf 86' lang='lat' dir='ltr'><strong>patrem,</strong></span> <span class='ocrx_word' id='word_1_138' title='bbox 360 1343 393 1370; x_wconf 85' lang='lat' dir='ltr'><strong>et</strong></span> <span class='ocrx_word' id='word_1_139' title='bbox 408 1337 593 1369; x_wconf 82' lang='lat' dir='ltr'><strong>exauditur</strong></span> <span class='ocrx_word' id='word_1_140' title='bbox 611 1336 792 1368; x_wconf 85' lang='lat' dir='ltr'><strong>manifesta</strong></span> <span class='ocrx_word' id='word_1_141' title='bbox 812 1348 877 1368; x_wconf 82' lang='lat' dir='ltr'><strong>vox</strong></span> <span class='ocrx_word' id='word_1_142' title='bbox 891 1337 934 1368; x_wconf 89' lang='lat' dir='ltr'><strong>de</strong></span> <span class='ocrx_word' id='word_1_143' title='bbox 952 1335 1060 1376; x_wconf 83' lang='lat' dir='ltr'><strong>coelo,</strong></span> 
     </span>
     <span class='ocr_line' id='line_1_25' title="bbox 68 1386 1060 1432; baseline -0.001 -13"><span class='ocrx_word' id='word_1_144' title='bbox 68 1399 158 1432; x_wconf 89' lang='lat' dir='ltr'><strong>quae</strong></span> <span class='ocrx_word' id='word_1_145' title='bbox 183 1386 460 1420; x_wconf 85' lang='lat' dir='ltr'><strong>consolationem</strong></span> <span class='ocrx_word' id='word_1_146' title='bbox 484 1386 674 1430; x_wconf 86' lang='lat' dir='ltr'><strong>promittit,</strong></span> <span class='ocrx_word' id='word_1_147' title='bbox 709 1386 837 1419; x_wconf 88' lang='lat' dir='ltr'><strong>deinde</strong></span> <span class='ocrx_word' id='word_1_148' title='bbox 863 1393 1060 1431; x_wconf 90' lang='lat' dir='ltr'><strong>sequuntur</strong></span> 
     </span>
     <span class='ocr_line' id='line_1_26' title="bbox 70 1436 1058 1473; baseline -0.001 -3"><span class='ocrx_word' id='word_1_149' title='bbox 70 1449 183 1470; x_wconf 84' lang='lat' dir='ltr'><strong>novae</strong></span> <span class='ocrx_word' id='word_1_150' title='bbox 201 1438 404 1473; x_wconf 84' lang='lat' dir='ltr'><strong>sententiae.</strong></span> <span class='ocrx_word' id='word_1_151' title='bbox 458 1436 528 1471; x_wconf 87' lang='lat' dir='ltr'><strong>Sed</strong></span> <span class='ocrx_word' id='word_1_152' title='bbox 555 1438 713 1470; x_wconf 89' lang='lat' dir='ltr'><strong>dicamus</strong></span> <span class='ocrx_word' id='word_1_153' title='bbox 738 1437 863 1470; x_wconf 84' lang='lat' dir='ltr'><strong>ordine</strong></span> <span class='ocrx_word' id='word_1_154' title='bbox 880 1449 918 1470; x_wconf 89' lang='lat' dir='ltr'><strong>ac</strong></span> <span class='ocrx_word' id='word_1_155' title='bbox 938 1436 1058 1470; x_wconf 88' lang='lat' dir='ltr'><strong>brevi—</strong></span> 
     </span>
     <span class='ocr_line' id='line_1_27' title="bbox 69 1488 356 1532; baseline 0 -11"><span class='ocrx_word' id='word_1_156' title='bbox 69 1495 123 1522; x_wconf 88' lang='lat' dir='ltr'><strong>ter</strong></span> <span class='ocrx_word' id='word_1_157' title='bbox 139 1489 181 1522; x_wconf 90' lang='lat' dir='ltr'><strong>de</strong></span> <span class='ocrx_word' id='word_1_158' title='bbox 198 1488 356 1532; x_wconf 86' lang='lat' dir='ltr'><strong>siugulis.</strong></span> 
     </span>
    </p>
   </div>
   <div class='ocr_carea' id='block_1_8' title="bbox 66 1553 1059 2309">
    <p class='ocr_par' dir='ltr' id='par_1_8' title="bbox 66 1553 1059 2309">
     <span class='ocr_line' id='line_1_28' title="bbox 172 1553 1058 1601; baseline -0.001 -12"><span class='ocrx_word' id='word_1_159' title='bbox 172 1554 321 1590; x_wconf 87' lang='lat' dir='ltr'><strong>Occasio</strong></span> <span class='ocrx_word' id='word_1_160' title='bbox 339 1555 471 1600; x_wconf 87' lang='lat' dir='ltr'><strong>primae</strong></span> <span class='ocrx_word' id='word_1_161' title='bbox 487 1556 668 1589; x_wconf 87' lang='lat' dir='ltr'><strong>concionis</strong></span> <span class='ocrx_word' id='word_1_162' title='bbox 684 1553 750 1589; x_wconf 89' lang='lat' dir='ltr'><strong>hoc</strong></span> <span class='ocrx_word' id='word_1_163' title='bbox 767 1556 843 1588; x_wconf 89' lang='lat' dir='ltr'><strong>loco</strong></span> <span class='ocrx_word' id='word_1_164' title='bbox 867 1562 936 1596; x_wconf 89' lang='lat' dir='ltr'><strong>est,</strong></span> <span class='ocrx_word' id='word_1_165' title='bbox 962 1557 1058 1601; x_wconf 88' lang='lat' dir='ltr'><strong>quod</strong></span> 
     </span>
     <span class='ocr_line' id='line_1_29' title="bbox 70 1604 1058 1650; baseline 0 -10"><span class='ocrx_word' id='word_1_166' title='bbox 70 1605 234 1650; x_wconf 85' lang='lat' dir='ltr'><strong>Apostoli</strong></span> <span class='ocrx_word' id='word_1_167' title='bbox 254 1605 394 1641; x_wconf 87' lang='lat' dir='ltr'><strong>Christo</strong></span> <span class='ocrx_word' id='word_1_168' title='bbox 413 1604 649 1640; x_wconf 80' lang='lat' dir='ltr'><strong>honorificum</strong></span> <span class='ocrx_word' id='word_1_169' title='bbox 675 1618 748 1640; x_wconf 89' lang='lat' dir='ltr'><strong>esse</strong></span> <span class='ocrx_word' id='word_1_170' title='bbox 773 1607 971 1647; x_wconf 87' lang='lat' dir='ltr'><strong>duxerunt,</strong></span> <span class='ocrx_word' id='word_1_171' title='bbox 999 1619 1058 1640; x_wconf 88' lang='lat' dir='ltr'><strong>ve-</strong></span> 
     </span>
     <span class='ocr_line' id='line_1_30' title="bbox 70 1655 1059 1694; baseline 0.001 -5"><span class='ocrx_word' id='word_1_172' title='bbox 70 1658 149 1690; x_wconf 86' lang='lat' dir='ltr'><strong>nire</strong></span> <span class='ocrx_word' id='word_1_173' title='bbox 165 1655 335 1690; x_wconf 87' lang='lat' dir='ltr'><strong>Ethnicos</strong></span> <span class='ocrx_word' id='word_1_174' title='bbox 363 1659 405 1690; x_wconf 91' lang='lat' dir='ltr'><strong>ad</strong></span> <span class='ocrx_word' id='word_1_175' title='bbox 431 1670 511 1690; x_wconf 89' lang='lat' dir='ltr'><strong>enm</strong></span> <span class='ocrx_word' id='word_1_176' title='bbox 534 1658 746 1694; x_wconf 83' lang='lat' dir='ltr'><strong>videndum,</strong></span> <span class='ocrx_word' id='word_1_177' title='bbox 781 1664 814 1690; x_wconf 88' lang='lat' dir='ltr'><strong>et</strong></span> <span class='ocrx_word' id='word_1_178' title='bbox 836 1657 1059 1692; x_wconf 85' lang='lat' dir='ltr'><strong>somniarunt</strong></span> 
     </span>
     <span class='ocr_line' id='line_1_31' title="bbox 72 1707 1059 1750; baseline 0.001 -10"><span class='ocrx_word' id='word_1_179' title='bbox 72 1707 142 1740; x_wconf 88' lang='lat' dir='ltr'><strong>iam</strong></span> <span class='ocrx_word' id='word_1_180' title='bbox 164 1707 254 1748; x_wconf 77' lang='lat' dir='ltr'><strong>illud</strong></span> <span class='ocrx_word' id='word_1_181' title='bbox 282 1719 428 1741; x_wconf 88' lang='lat' dir='ltr'><strong>aureum</strong></span> <span class='ocrx_word' id='word_1_182' title='bbox 458 1719 605 1750; x_wconf 82' lang='lat' dir='ltr'><strong>regnum</strong></span> <span class='ocrx_word' id='word_1_183' title='bbox 636 1720 653 1740; x_wconf 89' lang='lat' dir='ltr'><strong>a</strong></span> <span class='ocrx_word' id='word_1_184' title='bbox 679 1708 807 1741; x_wconf 85' lang='lat' dir='ltr'><strong>Messia</strong></span> <span class='ocrx_word' id='word_1_185' title='bbox 840 1708 1059 1741; x_wconf 77' lang='lat' dir='ltr'><strong>constituen-</strong></span> 
     </span>
     <span class='ocr_line' id='line_1_32' title="bbox 72 1755 1059 1803; baseline 0 -12"><span class='ocrx_word' id='word_1_186' title='bbox 72 1759 176 1798; x_wconf 89' lang='lat' dir='ltr'><strong>dum,</strong></span> <span class='ocrx_word' id='word_1_187' title='bbox 203 1758 239 1790; x_wconf 90' lang='lat' dir='ltr'><strong>in</strong></span> <span class='ocrx_word' id='word_1_188' title='bbox 260 1771 330 1803; x_wconf 89' lang='lat' dir='ltr'><strong>quo</strong></span> <span class='ocrx_word' id='word_1_189' title='bbox 351 1758 550 1801; x_wconf 86' lang='lat' dir='ltr'><strong>cogitabant</strong></span> <span class='ocrx_word' id='word_1_190' title='bbox 568 1755 747 1791; x_wconf 87' lang='lat' dir='ltr'><strong>Christum</strong></span> <span class='ocrx_word' id='word_1_191' title='bbox 774 1765 805 1791; x_wconf 86' lang='lat' dir='ltr'><strong>et</strong></span> <span class='ocrx_word' id='word_1_192' title='bbox 829 1759 903 1791; x_wconf 84' lang='lat' dir='ltr'><strong>eius</strong></span> <span class='ocrx_word' id='word_1_193' title='bbox 928 1759 1059 1792; x_wconf 89' lang='lat' dir='ltr'><strong>amicos</strong></span> 
     </span>
     <span class='ocr_line' id='line_1_33' title="bbox 69 1806 1058 1852; baseline 0 -11"><span class='ocrx_word' id='word_1_194' title='bbox 69 1809 162 1852; x_wconf 82' lang='lat' dir='ltr'><strong>apud</strong></span> <span class='ocrx_word' id='word_1_195' title='bbox 183 1816 301 1851; x_wconf 84' lang='lat' dir='ltr'><strong>gentes</strong></span> <span class='ocrx_word' id='word_1_196' title='bbox 320 1809 355 1841; x_wconf 90' lang='lat' dir='ltr'><strong>in</strong></span> <span class='ocrx_word' id='word_1_197' title='bbox 382 1820 507 1851; x_wconf 88' lang='lat' dir='ltr'><strong>magno</strong></span> <span class='ocrx_word' id='word_1_198' title='bbox 534 1806 669 1841; x_wconf 89' lang='lat' dir='ltr'><strong>honore</strong></span> <span class='ocrx_word' id='word_1_199' title='bbox 694 1809 832 1841; x_wconf 86' lang='lat' dir='ltr'><strong>futuros</strong></span> <span class='ocrx_word' id='word_1_200' title='bbox 859 1819 941 1843; x_wconf 90' lang='lat' dir='ltr'><strong>esse.</strong></span> <span class='ocrx_word' id='word_1_201' title='bbox 995 1808 1058 1841; x_wconf 85' lang='lat' dir='ltr'><strong>Ni-</strong></span> 
     </span>
     <span class='ocr_line' id='line_1_34' title="bbox 71 1856 1057 1902; baseline 0.001 -12"><span class='ocrx_word' id='word_1_202' title='bbox 71 1856 124 1891; x_wconf 91' lang='lat' dir='ltr'><strong>hil</strong></span> <span class='ocrx_word' id='word_1_203' title='bbox 144 1865 260 1891; x_wconf 81' lang='lat' dir='ltr'><strong>autem</strong></span> <span class='ocrx_word' id='word_1_204' title='bbox 286 1856 423 1891; x_wconf 83' lang='lat' dir='ltr'><strong>homini</strong></span> <span class='ocrx_word' id='word_1_205' title='bbox 448 1858 587 1891; x_wconf 90' lang='lat' dir='ltr'><strong>dulcius</strong></span> <span class='ocrx_word' id='word_1_206' title='bbox 612 1865 661 1891; x_wconf 87' lang='lat' dir='ltr'><strong>est</strong></span> <span class='ocrx_word' id='word_1_207' title='bbox 686 1859 816 1901; x_wconf 88' lang='lat' dir='ltr'><strong>gloria,</strong></span> <span class='ocrx_word' id='word_1_208' title='bbox 853 1859 1057 1902; x_wconf 88' lang='lat' dir='ltr'><strong>praesertim</strong></span> 
     </span>
     <span class='ocr_line' id='line_1_35' title="bbox 71 1908 1058 1955; baseline -0.001 -12"><span class='ocrx_word' id='word_1_209' title='bbox 71 1921 151 1943; x_wconf 90' lang='lat' dir='ltr'><strong>cum</strong></span> <span class='ocrx_word' id='word_1_210' title='bbox 177 1909 435 1955; x_wconf 83' lang='lat' dir='ltr'><strong>tranquillitate</strong></span> <span class='ocrx_word' id='word_1_211' title='bbox 460 1908 666 1949; x_wconf 89' lang='lat' dir='ltr'><strong>coniuncta,</strong></span> <span class='ocrx_word' id='word_1_212' title='bbox 708 1921 768 1942; x_wconf 89' lang='lat' dir='ltr'><strong>seu</strong></span> <span class='ocrx_word' id='word_1_213' title='bbox 788 1921 848 1953; x_wconf 88' lang='lat' dir='ltr'><strong>spe</strong></span> <span class='ocrx_word' id='word_1_214' title='bbox 873 1910 1058 1955; x_wconf 85' lang='lat' dir='ltr'><strong>tranquilli</strong></span> 
     </span>
     <span class='ocr_line' id='line_1_36' title="bbox 66 1956 1058 2006; baseline 0.002 -14"><span class='ocrx_word' id='word_1_215' title='bbox 66 1967 102 1993; x_wconf 85' lang='lat' dir='ltr'><strong>et</strong></span> <span class='ocrx_word' id='word_1_216' title='bbox 124 1959 268 2002; x_wconf 84' lang='lat' dir='ltr'><strong>gloriosi</strong></span> <span class='ocrx_word' id='word_1_217' title='bbox 290 1966 415 2000; x_wconf 87' lang='lat' dir='ltr'><strong>status,</strong></span> <span class='ocrx_word' id='word_1_218' title='bbox 439 1956 534 1991; x_wconf 88' lang='lat' dir='ltr'><strong>hunc</strong></span> <span class='ocrx_word' id='word_1_219' title='bbox 551 1971 672 1992; x_wconf 86' lang='lat' dir='ltr'><strong>omnes</strong></span> <span class='ocrx_word' id='word_1_220' title='bbox 689 1961 888 2006; x_wconf 89' lang='lat' dir='ltr'><strong>appetimus</strong></span> <span class='ocrx_word' id='word_1_221' title='bbox 904 1967 935 1994; x_wconf 90' lang='lat' dir='ltr'><strong>et</strong></span> <span class='ocrx_word' id='word_1_222' title='bbox 951 1973 1058 2005; x_wconf 89' lang='lat' dir='ltr'><strong>quae-</strong></span> 
     </span>
     <span class='ocr_line' id='line_1_37' title="bbox 69 2007 1056 2054; baseline 0 -10"><span class='ocrx_word' id='word_1_223' title='bbox 69 2010 192 2044; x_wconf 79' lang='lat' dir='ltr'><strong>rimus.</strong></span> <span class='ocrx_word' id='word_1_224' title='bbox 245 2009 316 2044; x_wconf 82' lang='lat' dir='ltr'><strong>Sed</strong></span> <span class='ocrx_word' id='word_1_225' title='bbox 334 2008 496 2043; x_wconf 87' lang='lat' dir='ltr'><strong>Christus</strong></span> <span class='ocrx_word' id='word_1_226' title='bbox 514 2007 609 2043; x_wconf 88' lang='lat' dir='ltr'><strong>hunc</strong></span> <span class='ocrx_word' id='word_1_227' title='bbox 627 2022 781 2044; x_wconf 90' lang='lat' dir='ltr'><strong>errorem</strong></span> <span class='ocrx_word' id='word_1_228' title='bbox 802 2009 1056 2054; x_wconf 87' lang='lat' dir='ltr'><strong>Apostolorum</strong></span> 
     </span>
     <span class='ocr_line' id='line_1_38' title="bbox 69 2060 1058 2105; baseline -0.001 -11"><span class='ocrx_word' id='word_1_229' title='bbox 69 2068 104 2095; x_wconf 80' lang='lat' dir='ltr'><strong>et</strong></span> <span class='ocrx_word' id='word_1_230' title='bbox 121 2062 270 2094; x_wconf 86' lang='lat' dir='ltr'><strong>aliorum</strong></span> <span class='ocrx_word' id='word_1_231' title='bbox 290 2061 542 2094; x_wconf 89' lang='lat' dir='ltr'><strong>somniantium</strong></span> <span class='ocrx_word' id='word_1_232' title='bbox 573 2061 641 2094; x_wconf 87' lang='lat' dir='ltr'><strong>tale</strong></span> <span class='ocrx_word' id='word_1_233' title='bbox 664 2074 810 2105; x_wconf 79' lang='lat' dir='ltr'><strong>regnum</strong></span> <span class='ocrx_word' id='word_1_234' title='bbox 836 2062 871 2095; x_wconf 91' lang='lat' dir='ltr'><strong>in</strong></span> <span class='ocrx_word' id='word_1_235' title='bbox 890 2060 1058 2102; x_wconf 86' lang='lat' dir='ltr'><strong>Ecclesia,</strong></span> 
     </span>
     <span class='ocr_line' id='line_1_39' title="bbox 71 2109 1055 2157; baseline 0.001 -13"><span class='ocrx_word' id='word_1_236' title='bbox 71 2119 104 2145; x_wconf 89' lang='lat' dir='ltr'><strong>et</strong></span> <span class='ocrx_word' id='word_1_237' title='bbox 127 2109 217 2145; x_wconf 76' lang='lat' dir='ltr'><strong>hanc</strong></span> <span class='ocrx_word' id='word_1_238' title='bbox 244 2112 404 2145; x_wconf 88' lang='lat' dir='ltr'><strong>vitiosam</strong></span> <span class='ocrx_word' id='word_1_239' title='bbox 429 2112 655 2155; x_wconf 87' lang='lat' dir='ltr'><strong>cupiditatem</strong></span> <span class='ocrx_word' id='word_1_240' title='bbox 681 2115 845 2153; x_wconf 87' lang='lat' dir='ltr'><strong>damnat,</strong></span> <span class='ocrx_word' id='word_1_241' title='bbox 873 2113 1055 2157; x_wconf 89' lang='lat' dir='ltr'><strong>inquiens:</strong></span> 
     </span>
     <span class='ocr_line' id='line_1_40' title="bbox 69 2161 1054 2206; baseline 0 -10"><span class='ocrx_word' id='word_1_242' title='bbox 69 2161 146 2196; x_wconf 85' lang='lat' dir='ltr'><strong>Nisi</strong></span> <span class='ocrx_word' id='word_1_243' title='bbox 171 2174 318 2206; x_wconf 86' lang='lat' dir='ltr'><strong>granum</strong></span> <span class='ocrx_word' id='word_1_244' title='bbox 342 2163 508 2196; x_wconf 83' lang='lat' dir='ltr'><strong>frumeuti</strong></span> <span class='ocrx_word' id='word_1_245' title='bbox 528 2163 654 2196; x_wconf 87' lang='lat' dir='ltr'><strong>cadens</strong></span> <span class='ocrx_word' id='word_1_246' title='bbox 671 2163 708 2196; x_wconf 92' lang='lat' dir='ltr'><strong>in</strong></span> <span class='ocrx_word' id='word_1_247' title='bbox 727 2170 854 2196; x_wconf 90' lang='lat' dir='ltr'><strong>terram</strong></span> <span class='ocrx_word' id='word_1_248' title='bbox 875 2170 1054 2197; x_wconf 88' lang='lat' dir='ltr'><strong>mortuum</strong></span> 
     </span>
     <span class='ocr_line' id='line_1_41' title="bbox 69 2213 1056 2258; baseline 0.001 -12"><span class='ocrx_word' id='word_1_249' title='bbox 69 2213 196 2255; x_wconf 81' lang='lat' dir='ltr'><strong>fuerit,</strong></span> <span class='ocrx_word' id='word_1_250' title='bbox 226 2214 339 2258; x_wconf 87' lang='lat' dir='ltr'><strong>ipsum</strong></span> <span class='ocrx_word' id='word_1_251' title='bbox 366 2213 480 2247; x_wconf 89' lang='lat' dir='ltr'><strong>solum</strong></span> <span class='ocrx_word' id='word_1_252' title='bbox 505 2220 632 2247; x_wconf 85' lang='lat' dir='ltr'><strong>manet.</strong></span> <span class='ocrx_word' id='word_1_253' title='bbox 688 2213 760 2257; x_wconf 87' lang='lat' dir='ltr'><strong>Qui</strong></span> <span class='ocrx_word' id='word_1_254' title='bbox 784 2222 876 2248; x_wconf 85' lang='lat' dir='ltr'><strong>amat</strong></span> <span class='ocrx_word' id='word_1_255' title='bbox 903 2215 1056 2248; x_wconf 88' lang='lat' dir='ltr'><strong>animam</strong></span> 
     </span>
     <span class='ocr_line' id='line_1_42' title="bbox 67 2266 441 2309; baseline 0.005 -11"><span class='ocrx_word' id='word_1_256' title='bbox 67 2276 164 2299; x_wconf 82' lang='lat' dir='ltr'><strong>suam</strong></span> <span class='ocrx_word' id='word_1_257' title='bbox 178 2291 185 2305; x_wconf 94' lang='lat'>‚</span> <span class='ocrx_word' id='word_1_258' title='bbox 210 2266 334 2309; x_wconf 85' lang='lat' dir='ltr'><strong>perdet</strong></span> <span class='ocrx_word' id='word_1_259' title='bbox 353 2277 441 2300; x_wconf 85' lang='lat' dir='ltr'><strong>earn.</strong></span> 
     </span>
    </p>
   </div>
   <div class='ocr_carea' id='block_1_9' title="bbox 73 2328 1058 2775">
    <p class='ocr_par' dir='ltr' id='par_1_9' title="bbox 73 2328 1058 2732">
     <span class='ocr_line' id='line_1_43' title="bbox 172 2328 1058 2377; baseline 0 -12"><span class='ocrx_word' id='word_1_260' title='bbox 172 2330 250 2365; x_wconf 88' lang='lat' dir='ltr'><strong>Erit</strong></span> <span class='ocrx_word' id='word_1_261' title='bbox 279 2332 423 2377; x_wconf 88' lang='lat' dir='ltr'><strong>quidem</strong></span> <span class='ocrx_word' id='word_1_262' title='bbox 455 2343 534 2365; x_wconf 92' lang='lat' dir='ltr'><strong>cum</strong></span> <span class='ocrx_word' id='word_1_263' title='bbox 569 2330 664 2365; x_wconf 84' lang='lat' dir='ltr'><strong>filius</strong></span> <span class='ocrx_word' id='word_1_264' title='bbox 689 2328 846 2364; x_wconf 86' lang='lat' dir='ltr'><strong>hominis</strong></span> <span class='ocrx_word' id='word_1_265' title='bbox 871 2332 1058 2366; x_wconf 84' lang='lat' dir='ltr'><strong>ornabitur</strong></span> 
     </span>
     <span class='ocr_line' id='line_1_44' title="bbox 73 2381 1055 2427; baseline 0.002 -13"><span class='ocrx_word' id='word_1_266' title='bbox 73 2381 203 2425; x_wconf 86' lang='lat' dir='ltr'><strong>gloria,</strong></span> <span class='ocrx_word' id='word_1_267' title='bbox 227 2390 259 2416; x_wconf 89' lang='lat' dir='ltr'><strong>et</strong></span> <span class='ocrx_word' id='word_1_268' title='bbox 275 2395 337 2416; x_wconf 88' lang='lat' dir='ltr'><strong>suo</strong></span> <span class='ocrx_word' id='word_1_269' title='bbox 355 2390 513 2427; x_wconf 88' lang='lat' dir='ltr'><strong>tempore</strong></span> <span class='ocrx_word' id='word_1_270' title='bbox 536 2383 702 2416; x_wconf 86' lang='lat' dir='ltr'><strong>universa</strong></span> <span class='ocrx_word' id='word_1_271' title='bbox 720 2381 876 2416; x_wconf 82' lang='lat' dir='ltr'><strong>Ecclesia</strong></span> <span class='ocrx_word' id='word_1_272' title='bbox 907 2383 1055 2427; x_wconf 78' lang='lat' dir='ltr'><strong>gloriam</strong></span> 
     </span>
     <span class='ocr_line' id='line_1_45' title="bbox 76 2430 1058 2478; baseline 0.003 -13"><span class='ocrx_word' id='word_1_273' title='bbox 76 2430 236 2468; x_wconf 83' lang='lat' dir='ltr'><strong>habitura</strong></span> <span class='ocrx_word' id='word_1_274' title='bbox 257 2441 325 2474; x_wconf 81' lang='lat' dir='ltr'><strong>est,</strong></span> <span class='ocrx_word' id='word_1_275' title='bbox 351 2435 411 2468; x_wconf 87' lang='lat' dir='ltr'><strong>sed</strong></span> <span class='ocrx_word' id='word_1_276' title='bbox 431 2441 465 2468; x_wconf 88' lang='lat' dir='ltr'><strong>et</strong></span> <span class='ocrx_word' id='word_1_277' title='bbox 482 2446 537 2467; x_wconf 90' lang='lat' dir='ltr'><strong>me</strong></span> <span class='ocrx_word' id='word_1_278' title='bbox 554 2434 652 2477; x_wconf 90' lang='lat' dir='ltr'><strong>prius</strong></span> <span class='ocrx_word' id='word_1_279' title='bbox 670 2433 825 2476; x_wconf 87' lang='lat' dir='ltr'><strong>crucifigi</strong></span> <span class='ocrx_word' id='word_1_280' title='bbox 842 2442 997 2478; x_wconf 85' lang='lat' dir='ltr'><strong>oportet,</strong></span> <span class='ocrx_word' id='word_1_281' title='bbox 1026 2441 1058 2468; x_wconf 86' lang='lat' dir='ltr'><strong>et</strong></span> 
     </span>
     <span class='ocr_line' id='line_1_46' title="bbox 75 2481 1058 2529; baseline 0.004 -14"><span class='ocrx_word' id='word_1_282' title='bbox 75 2484 272 2518; x_wconf 90' lang='lat' dir='ltr'><strong>universam</strong></span> <span class='ocrx_word' id='word_1_283' title='bbox 303 2483 494 2518; x_wconf 82' lang='lat' dir='ltr'><strong>Ecclesiam</strong></span> <span class='ocrx_word' id='word_1_284' title='bbox 534 2485 631 2529; x_wconf 91' lang='lat' dir='ltr'><strong>prius</strong></span> <span class='ocrx_word' id='word_1_285' title='bbox 662 2485 698 2517; x_wconf 92' lang='lat' dir='ltr'><strong>in</strong></span> <span class='ocrx_word' id='word_1_286' title='bbox 732 2481 795 2517; x_wconf 86' lang='lat' dir='ltr'><strong>hac</strong></span> <span class='ocrx_word' id='word_1_287' title='bbox 826 2485 896 2518; x_wconf 85' lang='lat' dir='ltr'><strong>vita</strong></span> <span class='ocrx_word' id='word_1_288' title='bbox 921 2492 1058 2529; x_wconf 84' lang='lat' dir='ltr'><strong>oportet</strong></span> 
     </span>
     <span class='ocr_line' id='line_1_47' title="bbox 74 2529 1056 2579; baseline 0.004 -13"><span class='ocrx_word' id='word_1_289' title='bbox 74 2535 264 2569; x_wconf 84' lang='lat' dir='ltr'><strong>subiectam</strong></span> <span class='ocrx_word' id='word_1_290' title='bbox 295 2549 365 2571; x_wconf 87' lang='lat' dir='ltr'><strong>esse</strong></span> <span class='ocrx_word' id='word_1_291' title='bbox 399 2536 511 2577; x_wconf 86' lang='lat' dir='ltr'><strong>cruci,</strong></span> <span class='ocrx_word' id='word_1_292' title='bbox 555 2544 588 2570; x_wconf 91' lang='lat' dir='ltr'><strong>et</strong></span> <span class='ocrx_word' id='word_1_293' title='bbox 622 2529 825 2579; x_wconf 79' lang='lat' dir='ltr'><strong>ingentibus</strong></span> <span class='ocrx_word' id='word_1_294' title='bbox 867 2537 1056 2571; x_wconf 78' lang='lat' dir='ltr'><strong>aerumnis.</strong></span> 
     </span>
     <span class='ocr_line' id='line_1_48' title="bbox 75 2584 1057 2632; baseline 0.002 -14"><span class='ocrx_word' id='word_1_295' title='bbox 75 2584 170 2619; x_wconf 86' lang='lat' dir='ltr'><strong>Haec</strong></span> <span class='ocrx_word' id='word_1_296' title='bbox 190 2587 341 2621; x_wconf 88' lang='lat' dir='ltr'><strong>breviter</strong></span> <span class='ocrx_word' id='word_1_297' title='bbox 367 2599 501 2621; x_wconf 84' lang='lat' dir='ltr'><strong>summa</strong></span> <span class='ocrx_word' id='word_1_298' title='bbox 528 2594 577 2620; x_wconf 89' lang='lat' dir='ltr'><strong>est</strong></span> <span class='ocrx_word' id='word_1_299' title='bbox 603 2587 784 2625; x_wconf 84' lang='lat' dir='ltr'><strong>concionis</strong></span> <span class='ocrx_word' id='word_1_300' title='bbox 803 2594 835 2621; x_wconf 82' lang='lat' dir='ltr'><strong>et</strong></span> <span class='ocrx_word' id='word_1_301' title='bbox 854 2587 1057 2632; x_wconf 85' lang='lat' dir='ltr'><strong>principalis</strong></span> 
     </span>
     <span class='ocr_line' id='line_1_49' title="bbox 78 2635 1058 2685; baseline 0.004 -17"><span class='ocrx_word' id='word_1_302' title='bbox 78 2637 283 2681; x_wconf 73' lang='lat' dir='ltr'><strong>propositio,</strong></span> <span class='ocrx_word' id='word_1_303' title='bbox 338 2637 389 2672; x_wconf 88' lang='lat' dir='ltr'><strong>Ac</strong></span> <span class='ocrx_word' id='word_1_304' title='bbox 405 2640 447 2672; x_wconf 88' lang='lat' dir='ltr'><strong>de</strong></span> <span class='ocrx_word' id='word_1_305' title='bbox 464 2635 607 2673; x_wconf 88' lang='lat' dir='ltr'><strong>Christo</strong></span> <span class='ocrx_word' id='word_1_306' title='bbox 625 2645 708 2672; x_wconf 90' lang='lat' dir='ltr'><strong>nota</strong></span> <span class='ocrx_word' id='word_1_307' title='bbox 729 2645 779 2672; x_wconf 85' lang='lat' dir='ltr'><strong>est</strong></span> <span class='ocrx_word' id='word_1_308' title='bbox 797 2650 916 2678; x_wconf 85' lang='lat' dir='ltr'><strong>causa,</strong></span> <span class='ocrx_word' id='word_1_309' title='bbox 951 2651 1058 2685; x_wconf 90' lang='lat' dir='ltr'><strong>quare</strong></span> 
     </span>
     <span class='ocr_line' id='line_1_50' title="bbox 79 2687 1058 2732; baseline 0.006 -13"><span class='ocrx_word' id='word_1_310' title='bbox 79 2687 194 2730; x_wconf 88' lang='lat' dir='ltr'><strong>ipsum</strong></span> <span class='ocrx_word' id='word_1_311' title='bbox 218 2690 372 2731; x_wconf 88' lang='lat' dir='ltr'><strong>oportuit</strong></span> <span class='ocrx_word' id='word_1_312' title='bbox 397 2690 480 2732; x_wconf 90' lang='lat' dir='ltr'><strong>pati.</strong></span> <span class='ocrx_word' id='word_1_313' title='bbox 544 2689 633 2722; x_wconf 86' lang='lat' dir='ltr'><strong>Nam</strong></span> <span class='ocrx_word' id='word_1_314' title='bbox 659 2701 737 2722; x_wconf 90' lang='lat' dir='ltr'><strong>cum</strong></span> <span class='ocrx_word' id='word_1_315' title='bbox 763 2689 871 2724; x_wconf 91' lang='lat' dir='ltr'><strong>nollet</strong></span> <span class='ocrx_word' id='word_1_316' title='bbox 889 2689 987 2724; x_wconf 88' lang='lat' dir='ltr'><strong>Deus</strong></span> <span class='ocrx_word' id='word_1_317' title='bbox 1004 2698 1058 2725; x_wconf 88' lang='lat' dir='ltr'><strong>to·-</strong></span> 
     </span>
    </p>

    <p class='ocr_par' dir='ltr' id='par_1_10' title="bbox 129 2739 663 2775">
     <span class='ocr_line' id='line_1_51' title="bbox 129 2739 663 2775; baseline 0.006 -5"><span class='ocrx_word' id='word_1_318' title='bbox 129 2739 306 2775; x_wconf 70' lang='lat' dir='ltr'><strong>MELAxrn.</strong></span> <span class='ocrx_word' id='word_1_319' title='bbox 336 2742 437 2775; x_wconf 65' lang='lat' dir='ltr'><strong>Orsa.</strong></span> <span class='ocrx_word' id='word_1_320' title='bbox 478 2743 560 2773; x_wconf 81' lang='lat' dir='ltr'><strong>VoL.</strong></span> <span class='ocrx_word' id='word_1_321' title='bbox 585 2742 663 2774; x_wconf 85' lang='lat' dir='ltr'><strong>XV.</strong></span> 
     </span>
    </p>
   </div>
   <div class='ocr_carea' id='block_1_10' title="bbox 613 116 1708 159">
    <p class='ocr_par' dir='ltr' id='par_1_11' title="bbox 613 116 1708 159">
     <span class='ocr_line' id='line_1_52' title="bbox 613 116 1708 159; baseline -0.005 -1"><span class='ocrx_word' id='word_1_322' title='bbox 613 120 913 159; x_wconf 80' lang='lat' dir='ltr'><strong>ENARRATIO</strong></span> <span class='ocrx_word' id='word_1_323' title='bbox 943 122 993 158; x_wconf 91' lang='lat' dir='ltr'><strong>IN</strong></span> <span class='ocrx_word' id='word_1_324' title='bbox 1014 117 1199 158; x_wconf 73' lang='lat' dir='ltr'>EVANG.</span> <span class='ocrx_word' id='word_1_325' title='bbox 1227 116 1440 156; x_wconf 86' lang='lat' dir='ltr'><strong>IOANNIS.</strong></span> <span class='ocrx_word' id='word_1_326' title='bbox 1493 118 1597 154; x_wconf 88' lang='lat' dir='ltr'><strong>CAP.</strong></span> <span class='ocrx_word' id='word_1_327' title='bbox 1626 117 1708 154; x_wconf 87' lang='lat' dir='ltr'><strong>XII.</strong></span> 
     </span>
    </p>
   </div>
   <div class='ocr_carea' id='block_1_11' title="bbox 1089 262 1096 902">
    <p class='ocr_par' dir='ltr' id='par_1_12' title="bbox 1089 262 1096 902">
     <span class='ocr_line' id='line_1_53' title="bbox 1089 262 1096 902; baseline 0 0"><span class='ocrx_word' id='word_1_328' title='bbox 1089 262 1096 902; x_wconf 95' lang='lat' dir='ltr'><strong> </strong></span> 
     </span>
    </p>
   </div>
   <div class='ocr_carea' id='block_1_12' title="bbox 1084 1084 1090 1920">
    <p class='ocr_par' dir='ltr' id='par_1_13' title="bbox 1084 1084 1090 1920">
     <span class='ocr_line' id='line_1_54' title="bbox 1084 1084 1090 1920; baseline 0 0"><span class='ocrx_word' id='word_1_329' title='bbox 1084 1084 1090 1920; x_wconf 95' lang='lat' dir='ltr'><strong> </strong></span> 
     </span>
    </p>
   </div>
   <div class='ocr_carea' id='block_1_13' title="bbox 2039 123 2115 161">
    <p class='ocr_par' dir='ltr' id='par_1_14' title="bbox 2039 123 2115 161">
     <span class='ocr_line' id='line_1_55' title="bbox 2039 123 2115 161; baseline 0.013 -2"><span class='ocrx_word' id='word_1_330' title='bbox 2039 123 2115 161; x_wconf 57' lang='lat'><strong>2⁴74</strong></span> 
     </span>
    </p>
   </div>
   <div class='ocr_carea' id='block_1_14' title="bbox 1109 202 2112 2734">
    <p class='ocr_par' dir='ltr' id='par_1_15' title="bbox 1119 202 2112 599">
     <span class='ocr_line' id='line_1_56' title="bbox 1123 202 2112 248; baseline 0.004 -10"><span class='ocrx_word' id='word_1_331' title='bbox 1123 212 1196 239; x_wconf 90' lang='lat' dir='ltr'><strong>tum</strong></span> <span class='ocrx_word' id='word_1_332' title='bbox 1214 216 1324 248; x_wconf 85' lang='lat' dir='ltr'><strong>geuus</strong></span> <span class='ocrx_word' id='word_1_333' title='bbox 1339 202 1533 238; x_wconf 83' lang='lat' dir='ltr'><strong>humanum</strong></span> <span class='ocrx_word' id='word_1_334' title='bbox 1552 205 1684 248; x_wconf 90' lang='lat' dir='ltr'><strong>perire,</strong></span> <span class='ocrx_word' id='word_1_335' title='bbox 1712 212 1745 239; x_wconf 88' lang='lat' dir='ltr'><strong>et</strong></span> <span class='ocrx_word' id='word_1_336' title='bbox 1762 212 1878 240; x_wconf 86' lang='lat' dir='ltr'><strong>tamen</strong></span> <span class='ocrx_word' id='word_1_337' title='bbox 1895 206 2033 241; x_wconf 88' lang='lat' dir='ltr'><strong>iusticia</strong></span> <span class='ocrx_word' id='word_1_338' title='bbox 2044 207 2112 242; x_wconf 82' lang='lat' dir='ltr'><strong>Dei</strong></span> 
     </span>
     <span class='ocr_line' id='line_1_57' title="bbox 1122 256 2112 300; baseline 0.004 -12"><span class='ocrx_word' id='word_1_339' title='bbox 1122 256 1466 299; x_wconf 85' lang='lat' dir='ltr'><strong>compensationem,</strong></span> <span class='ocrx_word' id='word_1_340' title='bbox 1495 262 1527 288; x_wconf 86' lang='lat' dir='ltr'><strong>et</strong></span> <span class='ocrx_word' id='word_1_341' title='bbox 1550 268 1697 299; x_wconf 87' lang='lat' dir='ltr'><strong>poenam</strong></span> <span class='ocrx_word' id='word_1_342' title='bbox 1724 269 1786 300; x_wconf 92' lang='lat' dir='ltr'><strong>pro</strong></span> <span class='ocrx_word' id='word_1_343' title='bbox 1811 258 1959 300; x_wconf 88' lang='lat' dir='ltr'><strong>peccatis</strong></span> <span class='ocrx_word' id='word_1_344' title='bbox 1983 261 2112 293; x_wconf 85' lang='lat' dir='ltr'><strong>nostris</strong></span> 
     </span>
     <span class='ocr_line' id='line_1_58' title="bbox 1121 305 2111 352; baseline 0.004 -14"><span class='ocrx_word' id='word_1_345' title='bbox 1121 306 1326 348; x_wconf 85' lang='lat' dir='ltr'><strong>postularet,</strong></span> <span class='ocrx_word' id='word_1_346' title='bbox 1354 305 1466 338; x_wconf 87' lang='lat' dir='ltr'><strong>Filius</strong></span> <span class='ocrx_word' id='word_1_347' title='bbox 1482 307 1592 339; x_wconf 86' lang='lat' dir='ltr'><strong>sactus</strong></span> <span class='ocrx_word' id='word_1_348' title='bbox 1610 314 1658 341; x_wconf 87' lang='lat' dir='ltr'><strong>est</strong></span> <span class='ocrx_word' id='word_1_349' title='bbox 1677 309 1894 351; x_wconf 85' lang='lat' dir='ltr'><strong>deprecator,</strong></span> <span class='ocrx_word' id='word_1_350' title='bbox 1913 315 1945 342; x_wconf 89' lang='lat' dir='ltr'><strong>et</strong></span> <span class='ocrx_word' id='word_1_351' title='bbox 1962 321 2111 352; x_wconf 83' lang='lat' dir='ltr'><strong>poenam</strong></span> 
     </span>
     <span class='ocr_line' id='line_1_59' title="bbox 1121 354 2111 397; baseline 0.007 -10"><span class='ocrx_word' id='word_1_352' title='bbox 1121 369 1158 388; x_wconf 81' lang='lat' dir='ltr'><strong>ac</strong></span> <span class='ocrx_word' id='word_1_353' title='bbox 1178 354 1390 388; x_wconf 79' lang='lat' dir='ltr'><strong>horrendam</strong></span> <span class='ocrx_word' id='word_1_354' title='bbox 1411 358 1498 388; x_wconf 87' lang='lat' dir='ltr'><strong>iram</strong></span> <span class='ocrx_word' id='word_1_355' title='bbox 1516 355 1582 388; x_wconf 83' lang='lat' dir='ltr'><strong>Dei</strong></span> <span class='ocrx_word' id='word_1_356' title='bbox 1601 358 1636 390; x_wconf 91' lang='lat' dir='ltr'><strong>in</strong></span> <span class='ocrx_word' id='word_1_357' title='bbox 1664 370 1736 391; x_wconf 89' lang='lat' dir='ltr'><strong>sese</strong></span> <span class='ocrx_word' id='word_1_358' title='bbox 1760 358 1950 397; x_wconf 84' lang='lat' dir='ltr'><strong>derivavit,</strong></span> <span class='ocrx_word' id='word_1_359' title='bbox 1984 367 2023 393; x_wconf 89' lang='lat' dir='ltr'><strong>ut</strong></span> <span class='ocrx_word' id='word_1_360' title='bbox 2045 373 2111 393; x_wconf 89' lang='lat' dir='ltr'><strong>no-</strong></span> 
     </span>
     <span class='ocr_line' id='line_1_60' title="bbox 1120 406 2112 454; baseline 0.006 -16"><span class='ocrx_word' id='word_1_361' title='bbox 1120 406 1174 438; x_wconf 84' lang='lat' dir='ltr'><strong>his</strong></span> <span class='ocrx_word' id='word_1_362' title='bbox 1190 413 1289 449; x_wconf 86' lang='lat' dir='ltr'><strong>pater</strong></span> <span class='ocrx_word' id='word_1_363' title='bbox 1308 406 1523 449; x_wconf 83' lang='lat' dir='ltr'><strong>placaretur,</strong></span> <span class='ocrx_word' id='word_1_364' title='bbox 1552 419 1671 449; x_wconf 87' lang='lat' dir='ltr'><strong>passus</strong></span> <span class='ocrx_word' id='word_1_365' title='bbox 1688 415 1737 441; x_wconf 87' lang='lat' dir='ltr'><strong>est</strong></span> <span class='ocrx_word' id='word_1_366' title='bbox 1755 409 1861 451; x_wconf 85' lang='lat' dir='ltr'><strong>igitur</strong></span> <span class='ocrx_word' id='word_1_367' title='bbox 1877 421 1949 442; x_wconf 92' lang='lat' dir='ltr'><strong>non</strong></span> <span class='ocrx_word' id='word_1_368' title='bbox 1969 418 2112 454; x_wconf 83' lang='lat' dir='ltr'><strong>propter</strong></span> 
     </span>
     <span class='ocr_line' id='line_1_61' title="bbox 1121 457 2109 504; baseline 0.007 -16"><span class='ocrx_word' id='word_1_369' title='bbox 1121 468 1213 496; x_wconf 89' lang='lat' dir='ltr'><strong>sese,</strong></span> <span class='ocrx_word' id='word_1_370' title='bbox 1249 457 1307 489; x_wconf 88' lang='lat' dir='ltr'><strong>sed</strong></span> <span class='ocrx_word' id='word_1_371' title='bbox 1336 462 1480 500; x_wconf 84' lang='lat' dir='ltr'><strong>propter</strong></span> <span class='ocrx_word' id='word_1_372' title='bbox 1506 469 1590 495; x_wconf 79' lang='lat'><strong>1105,</strong></span> <span class='ocrx_word' id='word_1_373' title='bbox 1625 464 1663 491; x_wconf 91' lang='lat' dir='ltr'><strong>ut</strong></span> <span class='ocrx_word' id='word_1_374' title='bbox 1688 457 1837 491; x_wconf 89' lang='lat' dir='ltr'><strong>Ioannes</strong></span> <span class='ocrx_word' id='word_1_375' title='bbox 1863 460 1996 504; x_wconf 87' lang='lat' dir='ltr'><strong>inquit:</strong></span> <span class='ocrx_word' id='word_1_376' title='bbox 2042 461 2109 495; x_wconf 88' lang='lat' dir='ltr'><strong>Hic</strong></span> 
     </span>
     <span class='ocr_line' id='line_1_62' title="bbox 1121 506 2109 552; baseline 0.008 -14"><span class='ocrx_word' id='word_1_377' title='bbox 1121 514 1171 539; x_wconf 82' lang='lat' dir='ltr'><strong>est</strong></span> <span class='ocrx_word' id='word_1_378' title='bbox 1194 518 1303 549; x_wconf 86' lang='lat' dir='ltr'><strong>agnus</strong></span> <span class='ocrx_word' id='word_1_379' title='bbox 1321 506 1410 544; x_wconf 83' lang='lat' dir='ltr'><strong>Dei,</strong></span> <span class='ocrx_word' id='word_1_380' title='bbox 1445 506 1505 551; x_wconf 82' lang='lat' dir='ltr'><strong>qui</strong></span> <span class='ocrx_word' id='word_1_381' title='bbox 1524 507 1614 539; x_wconf 86' lang='lat' dir='ltr'><strong>tollit</strong></span> <span class='ocrx_word' id='word_1_382' title='bbox 1641 516 1775 550; x_wconf 87' lang='lat' dir='ltr'><strong>peccata</strong></span> <span class='ocrx_word' id='word_1_383' title='bbox 1803 511 1946 552; x_wconf 85' lang='lat' dir='ltr'><strong>mundi,</strong></span> <span class='ocrx_word' id='word_1_384' title='bbox 1981 518 2012 545; x_wconf 90' lang='lat' dir='ltr'><strong>et</strong></span> <span class='ocrx_word' id='word_1_385' title='bbox 2029 511 2109 546; x_wconf 76' lang='lat' dir='ltr'><strong>Esa-</strong></span> 
     </span>
     <span class='ocr_line' id='line_1_63' title="bbox 1119 556 1892 599; baseline 0.001 -7"><span class='ocrx_word' id='word_1_386' title='bbox 1119 556 1180 592; x_wconf 82' lang='lat'><strong>53.</strong></span> <span class='ocrx_word' id='word_1_387' title='bbox 1201 559 1319 590; x_wconf 82' lang='lat' dir='ltr'><strong>eadem</strong></span> <span class='ocrx_word' id='word_1_388' title='bbox 1338 558 1511 590; x_wconf 80' lang='lat' dir='ltr'><strong>sententia</strong></span> <span class='ocrx_word' id='word_1_389' title='bbox 1533 558 1666 599; x_wconf 82' lang='lat' dir='ltr'><strong>prolixe</strong></span> <span class='ocrx_word' id='word_1_390' title='bbox 1684 559 1810 592; x_wconf 84' lang='lat' dir='ltr'><strong>tradita</strong></span> <span class='ocrx_word' id='word_1_391' title='bbox 1829 566 1892 594; x_wconf 86' lang='lat' dir='ltr'><strong>est.</strong></span> 
     </span>
    </p>

    <p class='ocr_par' dir='ltr' id='par_1_16' title="bbox 1110 606 2109 2225">
     <span class='ocr_line' id='line_1_64' title="bbox 1222 606 2109 655; baseline 0.003 -14"><span class='ocrx_word' id='word_1_392' title='bbox 1222 607 1290 641; x_wconf 88' lang='lat' dir='ltr'><strong>Sed</strong></span> <span class='ocrx_word' id='word_1_393' title='bbox 1325 620 1388 640; x_wconf 91' lang='lat' dir='ltr'><strong>cur</strong></span> <span class='ocrx_word' id='word_1_394' title='bbox 1412 606 1568 640; x_wconf 83' lang='lat' dir='ltr'><strong>Ecclesia</strong></span> <span class='ocrx_word' id='word_1_395' title='bbox 1595 609 1750 652; x_wconf 78' lang='lat' dir='ltr'><strong>patitur?</strong></span> <span class='ocrx_word' id='word_1_396' title='bbox 1788 609 1868 642; x_wconf 90' lang='lat' dir='ltr'><strong>Non</strong></span> <span class='ocrx_word' id='word_1_397' title='bbox 1892 617 1932 644; x_wconf 90' lang='lat' dir='ltr'><strong>ut</strong></span> <span class='ocrx_word' id='word_1_398' title='bbox 1956 612 2109 655; x_wconf 84' lang='lat' dir='ltr'><strong>propriis</strong></span> 
     </span>
     <span class='ocr_line' id='line_1_65' title="bbox 1118 658 2108 701; baseline 0.003 -9"><span class='ocrx_word' id='word_1_399' title='bbox 1118 658 1373 692; x_wconf 84' lang='lat' dir='ltr'><strong>afflictionibus</strong></span> <span class='ocrx_word' id='word_1_400' title='bbox 1390 665 1566 691; x_wconf 84' lang='lat' dir='ltr'><strong>mereatur</strong></span> <span class='ocrx_word' id='word_1_401' title='bbox 1583 659 1918 701; x_wconf 87' lang='lat' dir='ltr'><strong>reconciliationem,</strong></span> <span class='ocrx_word' id='word_1_402' title='bbox 1944 663 2003 694; x_wconf 92' lang='lat' dir='ltr'><strong>sed</strong></span> <span class='ocrx_word' id='word_1_403' title='bbox 2021 663 2108 695; x_wconf 88' lang='lat' dir='ltr'><strong>aliae</strong></span> 
     </span>
     <span class='ocr_line' id='line_1_66' title="bbox 1119 710 2106 754; baseline 0.003 -12"><span class='ocrx_word' id='word_1_404' title='bbox 1119 710 1251 743; x_wconf 86' lang='lat' dir='ltr'><strong>multae</strong></span> <span class='ocrx_word' id='word_1_405' title='bbox 1274 716 1356 742; x_wconf 85' lang='lat' dir='ltr'><strong>sunt</strong></span> <span class='ocrx_word' id='word_1_406' title='bbox 1379 720 1519 750; x_wconf 83' lang='lat' dir='ltr'><strong>causae,</strong></span> <span class='ocrx_word' id='word_1_407' title='bbox 1556 721 1675 742; x_wconf 84' lang='lat' dir='ltr'><strong>verum</strong></span> <span class='ocrx_word' id='word_1_408' title='bbox 1707 711 1894 754; x_wconf 84' lang='lat' dir='ltr'><strong>praecipua</strong></span> <span class='ocrx_word' id='word_1_409' title='bbox 1921 718 1990 752; x_wconf 89' lang='lat' dir='ltr'><strong>est,</strong></span> <span class='ocrx_word' id='word_1_410' title='bbox 2028 724 2106 744; x_wconf 81' lang='lat' dir='ltr'><strong>cum</strong></span> 
     </span>
     <span class='ocr_line' id='line_1_67' title="bbox 1119 757 2107 804; baseline 0.003 -11"><span class='ocrx_word' id='word_1_411' title='bbox 1119 768 1297 804; x_wconf 83' lang='lat' dir='ltr'><strong>peecatum</strong></span> <span class='ocrx_word' id='word_1_412' title='bbox 1316 757 1457 793; x_wconf 84' lang='lat' dir='ltr'><strong>haereat</strong></span> <span class='ocrx_word' id='word_1_413' title='bbox 1475 760 1511 792; x_wconf 89' lang='lat' dir='ltr'><strong>iu</strong></span> <span class='ocrx_word' id='word_1_414' title='bbox 1537 760 1657 800; x_wconf 87' lang='lat' dir='ltr'><strong>nobis,</strong></span> <span class='ocrx_word' id='word_1_415' title='bbox 1685 761 1760 794; x_wconf 88' lang='lat' dir='ltr'><strong>vult</strong></span> <span class='ocrx_word' id='word_1_416' title='bbox 1777 760 1873 794; x_wconf 86' lang='lat' dir='ltr'><strong>Deus</strong></span> <span class='ocrx_word' id='word_1_417' title='bbox 1899 759 1989 796; x_wconf 90' lang='lat' dir='ltr'><strong>hanc</strong></span> <span class='ocrx_word' id='word_1_418' title='bbox 2015 775 2107 796; x_wconf 88' lang='lat' dir='ltr'><strong>mas-</strong></span> 
     </span>
     <span class='ocr_line' id='line_1_68' title="bbox 1117 810 2106 855; baseline 0.003 -12"><span class='ocrx_word' id='word_1_419' title='bbox 1117 824 1189 844; x_wconf 88' lang='lat' dir='ltr'><strong>sam</strong></span> <span class='ocrx_word' id='word_1_420' title='bbox 1217 811 1348 855; x_wconf 87' lang='lat' dir='ltr'><strong>peccati</strong></span> <span class='ocrx_word' id='word_1_421' title='bbox 1374 810 1524 851; x_wconf 85' lang='lat' dir='ltr'><strong>destrui,</strong></span> <span class='ocrx_word' id='word_1_422' title='bbox 1565 818 1603 844; x_wconf 89' lang='lat' dir='ltr'><strong>ut</strong></span> <span class='ocrx_word' id='word_1_423' title='bbox 1634 824 1724 844; x_wconf 85' lang='lat' dir='ltr'><strong>nova</strong></span> <span class='ocrx_word' id='word_1_424' title='bbox 1757 819 1880 846; x_wconf 80' lang='lat' dir='ltr'><strong>natura</strong></span> <span class='ocrx_word' id='word_1_425' title='bbox 1904 813 2106 850; x_wconf 86' lang='lat' dir='ltr'><strong>vestiamur.</strong></span> 
     </span>
     <span class='ocr_line' id='line_1_69' title="bbox 1119 862 2107 905; baseline 0.001 -10"><span class='ocrx_word' id='word_1_426' title='bbox 1119 862 1202 895; x_wconf 82' lang='lat' dir='ltr'><strong>Ideo</strong></span> <span class='ocrx_word' id='word_1_427' title='bbox 1222 869 1339 895; x_wconf 84' lang='lat' dir='ltr'><strong>manet</strong></span> <span class='ocrx_word' id='word_1_428' title='bbox 1355 874 1469 900; x_wconf 86' lang='lat' dir='ltr'><strong>mors,</strong></span> <span class='ocrx_word' id='word_1_429' title='bbox 1498 869 1528 895; x_wconf 88' lang='lat' dir='ltr'><strong>et</strong></span> <span class='ocrx_word' id='word_1_430' title='bbox 1554 869 1592 895; x_wconf 89' lang='lat' dir='ltr'><strong>nt</strong></span> <span class='ocrx_word' id='word_1_431' title='bbox 1606 873 1835 905; x_wconf 86' lang='lat' dir='ltr'><strong>agnoscamus</strong></span> <span class='ocrx_word' id='word_1_432' title='bbox 1853 863 1940 896; x_wconf 89' lang='lat' dir='ltr'><strong>iram</strong></span> <span class='ocrx_word' id='word_1_433' title='bbox 1959 863 2023 897; x_wconf 92' lang='lat' dir='ltr'><strong>Dei</strong></span> <span class='ocrx_word' id='word_1_434' title='bbox 2043 867 2107 897; x_wconf 87' lang='lat' dir='ltr'><strong>ad·-</strong></span> 
     </span>
     <span class='ocr_line' id='line_1_70' title="bbox 1117 912 2106 956; baseline 0.002 -10"><span class='ocrx_word' id='word_1_435' title='bbox 1117 924 1238 946; x_wconf 83' lang='lat' dir='ltr'><strong>versus</strong></span> <span class='ocrx_word' id='word_1_436' title='bbox 1254 919 1452 956; x_wconf 90' lang='lat' dir='ltr'><strong>peccatum,</strong></span> <span class='ocrx_word' id='word_1_437' title='bbox 1480 912 1507 945; x_wconf 91' lang='lat' dir='ltr'><strong>si</strong></span> <span class='ocrx_word' id='word_1_438' title='bbox 1528 913 1693 956; x_wconf 80' lang='lat' dir='ltr'><strong>repressis</strong></span> <span class='ocrx_word' id='word_1_439' title='bbox 1717 914 1835 956; x_wconf 86' lang='lat' dir='ltr'><strong>pravis</strong></span> <span class='ocrx_word' id='word_1_440' title='bbox 1862 914 2106 948; x_wconf 84' lang='lat' dir='ltr'><strong>inclinationi-</strong></span> 
     </span>
     <span class='ocr_line' id='line_1_71' title="bbox 1117 963 2104 1007; baseline 0.002 -10"><span class='ocrx_word' id='word_1_441' title='bbox 1117 965 1181 998; x_wconf 87' lang='lat' dir='ltr'><strong>bus</strong></span> <span class='ocrx_word' id='word_1_442' title='bbox 1200 964 1412 997; x_wconf 86' lang='lat' dir='ltr'><strong>accendatur</strong></span> <span class='ocrx_word' id='word_1_443' title='bbox 1429 963 1465 995; x_wconf 90' lang='lat' dir='ltr'><strong>in</strong></span> <span class='ocrx_word' id='word_1_444' title='bbox 1484 964 1586 996; x_wconf 85' lang='lat' dir='ltr'><strong>nobis</strong></span> <span class='ocrx_word' id='word_1_445' title='bbox 1606 976 1696 996; x_wconf 90' lang='lat' dir='ltr'><strong>nova</strong></span> <span class='ocrx_word' id='word_1_446' title='bbox 1713 964 1783 1005; x_wconf 88' lang='lat' dir='ltr'><strong>lux,</strong></span> <span class='ocrx_word' id='word_1_447' title='bbox 1810 971 1843 998; x_wconf 88' lang='lat' dir='ltr'><strong>et</strong></span> <span class='ocrx_word' id='word_1_448' title='bbox 1859 972 1998 1007; x_wconf 87' lang='lat' dir='ltr'><strong>crescat,</strong></span> <span class='ocrx_word' id='word_1_449' title='bbox 2025 966 2104 999; x_wconf 88' lang='lat' dir='ltr'><strong>ideo</strong></span> 
     </span>
     <span class='ocr_line' id='line_1_72' title="bbox 1116 1013 2105 1059; baseline 0.002 -12"><span class='ocrx_word' id='word_1_450' title='bbox 1116 1015 1225 1058; x_wconf 81' lang='lat' dir='ltr'><strong>magis</strong></span> <span class='ocrx_word' id='word_1_451' title='bbox 1251 1021 1428 1047; x_wconf 88' lang='lat' dir='ltr'><strong>exercetur</strong></span> <span class='ocrx_word' id='word_1_452' title='bbox 1444 1013 1618 1055; x_wconf 84' lang='lat' dir='ltr'><strong>Ecclesia,</strong></span> <span class='ocrx_word' id='word_1_453' title='bbox 1651 1027 1754 1059; x_wconf 88' lang='lat' dir='ltr'><strong>quam</strong></span> <span class='ocrx_word' id='word_1_454' title='bbox 1779 1016 1906 1048; x_wconf 89' lang='lat' dir='ltr'><strong>caeteri</strong></span> <span class='ocrx_word' id='word_1_455' title='bbox 1932 1014 2105 1055; x_wconf 84' lang='lat' dir='ltr'><strong>homines,</strong></span> 
     </span>
     <span class='ocr_line' id='line_1_73' title="bbox 1117 1065 2104 1103; baseline 0.003 -5"><span class='ocrx_word' id='word_1_456' title='bbox 1117 1073 1149 1100; x_wconf 90' lang='lat' dir='ltr'><strong>et</strong></span> <span class='ocrx_word' id='word_1_457' title='bbox 1173 1072 1389 1098; x_wconf 82' lang='lat' dir='ltr'><strong>concurrunt</strong></span> <span class='ocrx_word' id='word_1_458' title='bbox 1411 1065 1499 1098; x_wconf 91' lang='lat' dir='ltr'><strong>aliae</strong></span> <span class='ocrx_word' id='word_1_459' title='bbox 1523 1077 1665 1102; x_wconf 89' lang='lat' dir='ltr'><strong>causae,</strong></span> <span class='ocrx_word' id='word_1_460' title='bbox 1708 1065 1869 1098; x_wconf 85' lang='lat' dir='ltr'><strong>recitatae</strong></span> <span class='ocrx_word' id='word_1_461' title='bbox 1900 1067 1980 1099; x_wconf 86' lang='lat' dir='ltr'><strong>aliis</strong></span> <span class='ocrx_word' id='word_1_462' title='bbox 2006 1068 2104 1103; x_wconf 76' lang='lat' dir='ltr'><strong>locis.</strong></span> 
     </span>
     <span class='ocr_line' id='line_1_74' title="bbox 1116 1115 2104 1161; baseline 0.001 -11"><span class='ocrx_word' id='word_1_463' title='bbox 1116 1116 1344 1160; x_wconf 90' lang='lat' dir='ltr'><strong>Deponamus</strong></span> <span class='ocrx_word' id='word_1_464' title='bbox 1362 1116 1469 1159; x_wconf 87' lang='lat' dir='ltr'><strong>igitur</strong></span> <span class='ocrx_word' id='word_1_465' title='bbox 1487 1116 1563 1146; x_wconf 89' lang='lat' dir='ltr'><strong>illas</strong></span> <span class='ocrx_word' id='word_1_466' title='bbox 1582 1126 1704 1147; x_wconf 89' lang='lat' dir='ltr'><strong>suaves</strong></span> <span class='ocrx_word' id='word_1_467' title='bbox 1720 1115 2001 1161; x_wconf 74' lang='lat' dir='ltr'><strong>imaginationes,</strong></span> <span class='ocrx_word' id='word_1_468' title='bbox 2028 1131 2104 1151; x_wconf 89' lang='lat' dir='ltr'><strong>ma-</strong></span> 
     </span>
     <span class='ocr_line' id='line_1_75' title="bbox 1116 1165 2104 1209; baseline 0.002 -10"><span class='ocrx_word' id='word_1_469' title='bbox 1116 1167 1166 1208; x_wconf 88' lang='lat' dir='ltr'><strong>gis</strong></span> <span class='ocrx_word' id='word_1_470' title='bbox 1192 1167 1365 1209; x_wconf 75' lang='lat' dir='ltr'><strong>placidam</strong></span> <span class='ocrx_word' id='word_1_471' title='bbox 1391 1172 1423 1197; x_wconf 90' lang='lat' dir='ltr'><strong>et</strong></span> <span class='ocrx_word' id='word_1_472' title='bbox 1446 1165 1676 1208; x_wconf 88' lang='lat' dir='ltr'><strong>tranquillam</strong></span> <span class='ocrx_word' id='word_1_473' title='bbox 1701 1165 1809 1198; x_wconf 68' lang='lat' dir='ltr'><strong>vitam</strong></span> <span class='ocrx_word' id='word_1_474' title='bbox 1837 1174 1992 1201; x_wconf 84' lang='lat' dir='ltr'><strong>nostram</strong></span> <span class='ocrx_word' id='word_1_475' title='bbox 2018 1168 2104 1209; x_wconf 87' lang='lat' dir='ltr'><strong>fore,</strong></span> 
     </span>
     <span class='ocr_line' id='line_1_76' title="bbox 1115 1214 2104 1259; baseline 0.006 -13"><span class='ocrx_word' id='word_1_476' title='bbox 1115 1216 1195 1259; x_wconf 90' lang='lat' dir='ltr'><strong>quia</strong></span> <span class='ocrx_word' id='word_1_477' title='bbox 1213 1226 1334 1248; x_wconf 89' lang='lat' dir='ltr'><strong>sumus</strong></span> <span class='ocrx_word' id='word_1_478' title='bbox 1357 1216 1514 1248; x_wconf 88' lang='lat' dir='ltr'><strong>membra</strong></span> <span class='ocrx_word' id='word_1_479' title='bbox 1531 1214 1705 1248; x_wconf 83' lang='lat' dir='ltr'><strong>Ecclesiae</strong></span> <span class='ocrx_word' id='word_1_480' title='bbox 1723 1215 1799 1249; x_wconf 88' lang='lat' dir='ltr'><strong>Dei.</strong></span> <span class='ocrx_word' id='word_1_481' title='bbox 1855 1216 1929 1251; x_wconf 89' lang='lat' dir='ltr'><strong>Imo</strong></span> <span class='ocrx_word' id='word_1_482' title='bbox 1954 1219 2104 1252; x_wconf 88' lang='lat' dir='ltr'><strong>sciamus</strong></span> 
     </span>
     <span class='ocr_line' id='line_1_77' title="bbox 1114 1265 2102 1312; baseline 0.005 -14"><span class='ocrx_word' id='word_1_483' title='bbox 1114 1277 1178 1298; x_wconf 89' lang='lat' dir='ltr'><strong>nos</strong></span> <span class='ocrx_word' id='word_1_484' title='bbox 1194 1265 1419 1299; x_wconf 88' lang='lat' dir='ltr'><strong>circumferre</strong></span> <span class='ocrx_word' id='word_1_485' title='bbox 1438 1273 1635 1308; x_wconf 80' lang='lat' dir='ltr'><strong>peccatum,</strong></span> <span class='ocrx_word' id='word_1_486' title='bbox 1669 1275 1701 1299; x_wconf 87' lang='lat' dir='ltr'><strong>et</strong></span> <span class='ocrx_word' id='word_1_487' title='bbox 1726 1274 1908 1311; x_wconf 84' lang='lat' dir='ltr'><strong>propterea</strong></span> <span class='ocrx_word' id='word_1_488' title='bbox 1932 1271 2040 1312; x_wconf 86' lang='lat' dir='ltr'><strong>mergi</strong></span> <span class='ocrx_word' id='word_1_489' title='bbox 2065 1271 2102 1303; x_wconf 91' lang='lat' dir='ltr'><strong>in</strong></span> 
     </span>
     <span class='ocr_line' id='line_1_78' title="bbox 1115 1316 2101 1361; baseline 0.006 -13"><span class='ocrx_word' id='word_1_490' title='bbox 1115 1328 1301 1349; x_wconf 84' lang='lat' dir='ltr'><strong>aerumnas</strong></span> <span class='ocrx_word' id='word_1_491' title='bbox 1326 1316 1503 1359; x_wconf 79' lang='lat' dir='ltr'><strong>ingenteS,</strong></span> <span class='ocrx_word' id='word_1_492' title='bbox 1538 1323 1577 1350; x_wconf 89' lang='lat' dir='ltr'><strong>ut</strong></span> <span class='ocrx_word' id='word_1_493' title='bbox 1600 1317 1776 1350; x_wconf 88' lang='lat' dir='ltr'><strong>discamus</strong></span> <span class='ocrx_word' id='word_1_494' title='bbox 1801 1330 1989 1361; x_wconf 81' lang='lat' dir='ltr'><strong>agnoscere</strong></span> <span class='ocrx_word' id='word_1_495' title='bbox 2013 1320 2101 1353; x_wconf 88' lang='lat' dir='ltr'><strong>iram</strong></span> 
     </span>
     <span class='ocr_line' id='line_1_79' title="bbox 1112 1366 2104 1415; baseline 0.005 -16"><span class='ocrx_word' id='word_1_496' title='bbox 1112 1366 1179 1400; x_wconf 91' lang='lat' dir='ltr'><strong>Dei</strong></span> <span class='ocrx_word' id='word_1_497' title='bbox 1195 1368 1362 1400; x_wconf 80' lang='lat' dir='ltr'><strong>adversus</strong></span> <span class='ocrx_word' id='word_1_498' title='bbox 1378 1373 1557 1411; x_wconf 87' lang='lat' dir='ltr'><strong>peccatum</strong></span> <span class='ocrx_word' id='word_1_499' title='bbox 1570 1394 1579 1408; x_wconf 90' lang='lat'>‚</span> <span class='ocrx_word' id='word_1_500' title='bbox 1604 1380 1668 1400; x_wconf 90' lang='lat' dir='ltr'><strong>nec</strong></span> <span class='ocrx_word' id='word_1_501' title='bbox 1684 1379 1837 1402; x_wconf 85' lang='lat' dir='ltr'><strong>crescere</strong></span> <span class='ocrx_word' id='word_1_502' title='bbox 1854 1370 1967 1403; x_wconf 89' lang='lat' dir='ltr'><strong>lucem</strong></span> <span class='ocrx_word' id='word_1_503' title='bbox 1985 1371 2104 1415; x_wconf 81' lang='lat' dir='ltr'><strong>Spiri-</strong></span> 
     </span>
     <span class='ocr_line' id='line_1_80' title="bbox 1112 1418 2102 1459; baseline 0.005 -9"><span class='ocrx_word' id='word_1_504' title='bbox 1112 1424 1167 1450; x_wconf 88' lang='lat' dir='ltr'><strong>tus</strong></span> <span class='ocrx_word' id='word_1_505' title='bbox 1186 1419 1296 1451; x_wconf 86' lang='lat' dir='ltr'><strong>sancti</strong></span> <span class='ocrx_word' id='word_1_506' title='bbox 1314 1418 1351 1450; x_wconf 89' lang='lat' dir='ltr'><strong>in</strong></span> <span class='ocrx_word' id='word_1_507' title='bbox 1368 1418 1470 1450; x_wconf 88' lang='lat' dir='ltr'><strong>nobis</strong></span> <span class='ocrx_word' id='word_1_508' title='bbox 1485 1418 1559 1452; x_wconf 91' lang='lat' dir='ltr'><strong>sine</strong></span> <span class='ocrx_word' id='word_1_509' title='bbox 1576 1431 1695 1459; x_wconf 87' lang='lat' dir='ltr'><strong>cruce,</strong></span> <span class='ocrx_word' id='word_1_510' title='bbox 1722 1419 1812 1453; x_wconf 87' lang='lat' dir='ltr'><strong>sicut</strong></span> <span class='ocrx_word' id='word_1_511' title='bbox 1829 1420 1954 1456; x_wconf 83' lang='lat' dir='ltr'><strong>Psalm.</strong></span> <span class='ocrx_word' id='word_1_512' title='bbox 1969 1422 2030 1457; x_wconf 82' lang='grc'><strong>38.</strong></span> <span class='ocrx_word' id='word_1_513' title='bbox 2048 1423 2102 1455; x_wconf 90' lang='lat' dir='ltr'><strong>di-</strong></span> 
     </span>
     <span class='ocr_line' id='line_1_81' title="bbox 1112 1468 2102 1514; baseline 0.006 -13"><span class='ocrx_word' id='word_1_514' title='bbox 1112 1469 1220 1502; x_wconf 87' lang='lat' dir='ltr'><strong>citur:</strong></span> <span class='ocrx_word' id='word_1_515' title='bbox 1250 1468 1400 1512; x_wconf 87' lang='lat' dir='ltr'><strong>Propter</strong></span> <span class='ocrx_word' id='word_1_516' title='bbox 1418 1469 1641 1514; x_wconf 86' lang='lat' dir='ltr'><strong>iniquitatem</strong></span> <span class='ocrx_word' id='word_1_517' title='bbox 1668 1470 1816 1514; x_wconf 88' lang='lat' dir='ltr'><strong>corripis</strong></span> <span class='ocrx_word' id='word_1_518' title='bbox 1841 1469 2040 1512; x_wconf 84' lang='lat' dir='ltr'><strong>hominem,</strong></span> <span class='ocrx_word' id='word_1_519' title='bbox 2068 1480 2102 1507; x_wconf 91' lang='lat' dir='ltr'><strong>et</strong></span> 
     </span>
     <span class='ocr_line' id='line_1_82' title="bbox 1116 1517 2102 1568; baseline 0.005 -16"><span class='ocrx_word' id='word_1_520' title='bbox 1116 1522 1147 1555; x_wconf 91' lang='lat'><strong>1.</strong></span> <span class='ocrx_word' id='word_1_521' title='bbox 1164 1517 1326 1554; x_wconf 85' lang='lat' dir='ltr'><strong>Corinth.</strong></span> <span class='ocrx_word' id='word_1_522' title='bbox 1352 1520 1401 1554; x_wconf 34' lang='lat'><strong>4⁴:</strong></span> <span class='ocrx_word' id='word_1_523' title='bbox 1436 1519 1601 1554; x_wconf 85' lang='lat' dir='ltr'><strong>Exterior</strong></span> <span class='ocrx_word' id='word_1_524' title='bbox 1626 1528 1745 1554; x_wconf 89' lang='lat' dir='ltr'><strong>noster</strong></span> <span class='ocrx_word' id='word_1_525' title='bbox 1770 1519 1876 1555; x_wconf 90' lang='lat' dir='ltr'><strong>homo</strong></span> <span class='ocrx_word' id='word_1_526' title='bbox 1903 1525 2102 1568; x_wconf 88' lang='lat' dir='ltr'><strong>corrumpi-</strong></span> 
     </span>
     <span class='ocr_line' id='line_1_83' title="bbox 1112 1571 2101 1610; baseline 0.005 -7"><span class='ocrx_word' id='word_1_527' title='bbox 1112 1577 1190 1610; x_wconf 90' lang='lat' dir='ltr'><strong>tur,</strong></span> <span class='ocrx_word' id='word_1_528' title='bbox 1217 1578 1257 1604; x_wconf 89' lang='lat' dir='ltr'><strong>ut</strong></span> <span class='ocrx_word' id='word_1_529' title='bbox 1277 1571 1426 1604; x_wconf 91' lang='lat' dir='ltr'><strong>interior</strong></span> <span class='ocrx_word' id='word_1_530' title='bbox 1441 1578 1631 1605; x_wconf 88' lang='lat' dir='ltr'><strong>renovetur</strong></span> <span class='ocrx_word' id='word_1_531' title='bbox 1655 1572 1697 1604; x_wconf 91' lang='lat' dir='ltr'><strong>de</strong></span> <span class='ocrx_word' id='word_1_532' title='bbox 1713 1571 1769 1604; x_wconf 89' lang='lat' dir='ltr'><strong>die</strong></span> <span class='ocrx_word' id='word_1_533' title='bbox 1794 1573 1831 1605; x_wconf 90' lang='lat' dir='ltr'><strong>in</strong></span> <span class='ocrx_word' id='word_1_534' title='bbox 1855 1574 1958 1609; x_wconf 89' lang='lat' dir='ltr'><strong>diem.</strong></span> <span class='ocrx_word' id='word_1_535' title='bbox 2012 1574 2101 1608; x_wconf 87' lang='lat' dir='ltr'><strong>Item</strong></span> 
     </span>
     <span class='ocr_line' id='line_1_84' title="bbox 1110 1619 2101 1663; baseline 0.005 -9"><span class='ocrx_word' id='word_1_536' title='bbox 1110 1619 1236 1654; x_wconf 88' lang='lat' dir='ltr'><strong>Esaiae</strong></span> <span class='ocrx_word' id='word_1_537' title='bbox 1252 1622 1331 1654; x_wconf 72' lang='grc'>28.;</span> <span class='ocrx_word' id='word_1_538' title='bbox 1367 1621 1483 1663; x_wconf 79' lang='lat' dir='ltr'><strong>Quem</strong></span> <span class='ocrx_word' id='word_1_539' title='bbox 1506 1622 1646 1655; x_wconf 86' lang='lat' dir='ltr'><strong>docebit</strong></span> <span class='ocrx_word' id='word_1_540' title='bbox 1669 1622 1876 1656; x_wconf 83' lang='lat' dir='ltr'><strong>scientiam?</strong></span> <span class='ocrx_word' id='word_1_541' title='bbox 1910 1625 2101 1659; x_wconf 87' lang='lat' dir='ltr'><strong>ablactatos</strong></span> 
     </span>
     <span class='ocr_line' id='line_1_85' title="bbox 1112 1672 2100 1711; baseline 0.006 -8"><span class='ocrx_word' id='word_1_542' title='bbox 1112 1684 1128 1704; x_wconf 91' lang='lat' dir='ltr'><strong>a</strong></span> <span class='ocrx_word' id='word_1_543' title='bbox 1149 1673 1253 1711; x_wconf 84' lang='lat' dir='ltr'><strong>lacte,</strong></span> <span class='ocrx_word' id='word_1_544' title='bbox 1281 1679 1313 1705; x_wconf 90' lang='lat' dir='ltr'><strong>et</strong></span> <span class='ocrx_word' id='word_1_545' title='bbox 1332 1672 1480 1706; x_wconf 85' lang='lat' dir='ltr'><strong>deiude:</strong></span> <span class='ocrx_word' id='word_1_546' title='bbox 1515 1672 1598 1706; x_wconf 88' lang='lat' dir='ltr'><strong>Sola</strong></span> <span class='ocrx_word' id='word_1_547' title='bbox 1622 1674 1759 1706; x_wconf 84' lang='lat' dir='ltr'><strong>vexatio</strong></span> <span class='ocrx_word' id='word_1_548' title='bbox 1785 1674 1844 1707; x_wconf 86' lang='lat' dir='ltr'><strong>dat</strong></span> <span class='ocrx_word' id='word_1_549' title='bbox 1870 1674 2100 1709; x_wconf 86' lang='lat' dir='ltr'><strong>intellectum.</strong></span> 
     </span>
     <span class='ocr_line' id='line_1_86' title="bbox 1113 1722 2101 1768; baseline 0.006 -13"><span class='ocrx_word' id='word_1_550' title='bbox 1113 1722 1218 1756; x_wconf 84' lang='lat' dir='ltr'><strong>Item:</strong></span> <span class='ocrx_word' id='word_1_551' title='bbox 1262 1722 1451 1766; x_wconf 87' lang='lat' dir='ltr'><strong>Castigabit</strong></span> <span class='ocrx_word' id='word_1_552' title='bbox 1477 1736 1555 1756; x_wconf 85' lang='lat' dir='ltr'><strong>eum</strong></span> <span class='ocrx_word' id='word_1_553' title='bbox 1581 1722 1677 1756; x_wconf 88' lang='lat' dir='ltr'><strong>Deus</strong></span> <span class='ocrx_word' id='word_1_554' title='bbox 1698 1735 1781 1757; x_wconf 86' lang='lat' dir='ltr'><strong>snus</strong></span> <span class='ocrx_word' id='word_1_555' title='bbox 1806 1724 1842 1757; x_wconf 89' lang='lat' dir='ltr'><strong>iu</strong></span> <span class='ocrx_word' id='word_1_556' title='bbox 1867 1726 2021 1768; x_wconf 87' lang='lat' dir='ltr'><strong>iudicio,</strong></span> <span class='ocrx_word' id='word_1_557' title='bbox 2062 1735 2101 1761; x_wconf 87' lang='lat' dir='ltr'><strong>ut</strong></span> 
     </span>
     <span class='ocr_line' id='line_1_87' title="bbox 1112 1773 2100 1818; baseline 0.006 -13"><span class='ocrx_word' id='word_1_558' title='bbox 1112 1785 1192 1806; x_wconf 91' lang='lat' dir='ltr'><strong>eum</strong></span> <span class='ocrx_word' id='word_1_559' title='bbox 1217 1775 1358 1813; x_wconf 85' lang='lat' dir='ltr'><strong>doceat,</strong></span> <span class='ocrx_word' id='word_1_560' title='bbox 1392 1780 1424 1806; x_wconf 85' lang='lat' dir='ltr'><strong>et</strong></span> <span class='ocrx_word' id='word_1_561' title='bbox 1452 1773 1618 1806; x_wconf 83' lang='lat' dir='ltr'><strong>Ieremiae</strong></span> <span class='ocrx_word' id='word_1_562' title='bbox 1637 1775 1718 1807; x_wconf 82' lang='lat'>31.:</span> <span class='ocrx_word' id='word_1_563' title='bbox 1746 1773 1931 1818; x_wconf 85' lang='lat' dir='ltr'><strong>Castigasti</strong></span> <span class='ocrx_word' id='word_1_564' title='bbox 1956 1789 2011 1810; x_wconf 89' lang='lat' dir='ltr'><strong>me</strong></span> <span class='ocrx_word' id='word_1_565' title='bbox 2035 1779 2100 1811; x_wconf 91' lang='lat' dir='ltr'><strong>do-</strong></span> 
     </span>
     <span class='ocr_line' id='line_1_88' title="bbox 1113 1824 2099 1873; baseline 0.006 -18"><span class='ocrx_word' id='word_1_566' title='bbox 1113 1824 1222 1864; x_wconf 88' lang='lat' dir='ltr'><strong>mine,</strong></span> <span class='ocrx_word' id='word_1_567' title='bbox 1251 1830 1284 1857; x_wconf 84' lang='lat' dir='ltr'><strong>et</strong></span> <span class='ocrx_word' id='word_1_568' title='bbox 1313 1824 1471 1857; x_wconf 88' lang='lat' dir='ltr'><strong>eruditus</strong></span> <span class='ocrx_word' id='word_1_569' title='bbox 1495 1835 1583 1857; x_wconf 87' lang='lat' dir='ltr'><strong>sum.</strong></span> <span class='ocrx_word' id='word_1_570' title='bbox 1640 1824 1764 1858; x_wconf 88' lang='lat' dir='ltr'><strong>Esaiae</strong></span> <span class='ocrx_word' id='word_1_571' title='bbox 1787 1826 1867 1860; x_wconf 82' lang='grc'>66.;</span> <span class='ocrx_word' id='word_1_572' title='bbox 1913 1828 1969 1861; x_wconf 89' lang='lat' dir='ltr'><strong>Ad</strong></span> <span class='ocrx_word' id='word_1_573' title='bbox 1995 1841 2099 1873; x_wconf 88' lang='lat' dir='ltr'><strong>quem</strong></span> 
     </span>
     <span class='ocr_line' id='line_1_89' title="bbox 1112 1874 2100 1923; baseline 0.007 -17"><span class='ocrx_word' id='word_1_574' title='bbox 1112 1874 1315 1918; x_wconf 77' lang='lat' dir='ltr'><strong>respiciam,</strong></span> <span class='ocrx_word' id='word_1_575' title='bbox 1342 1875 1409 1907; x_wconf 91' lang='lat' dir='ltr'><strong>nisi</strong></span> <span class='ocrx_word' id='word_1_576' title='bbox 1428 1876 1470 1907; x_wconf 90' lang='lat' dir='ltr'><strong>ad</strong></span> <span class='ocrx_word' id='word_1_577' title='bbox 1495 1875 1663 1908; x_wconf 83' lang='lat' dir='ltr'><strong>afflictum</strong></span> <span class='ocrx_word' id='word_1_578' title='bbox 1691 1883 1724 1910; x_wconf 91' lang='lat' dir='ltr'><strong>et</strong></span> <span class='ocrx_word' id='word_1_579' title='bbox 1746 1878 1938 1911; x_wconf 90' lang='lat' dir='ltr'><strong>contritum</strong></span> <span class='ocrx_word' id='word_1_580' title='bbox 1961 1879 2100 1923; x_wconf 90' lang='lat' dir='ltr'><strong>spiritu,</strong></span> 
     </span>
     <span class='ocr_line' id='line_1_90' title="bbox 1112 1926 2100 1974; baseline 0.006 -17"><span class='ocrx_word' id='word_1_581' title='bbox 1112 1932 1145 1958; x_wconf 89' lang='lat' dir='ltr'><strong>et</strong></span> <span class='ocrx_word' id='word_1_582' title='bbox 1167 1932 1373 1958; x_wconf 88' lang='lat' dir='ltr'><strong>trementem</strong></span> <span class='ocrx_word' id='word_1_583' title='bbox 1398 1937 1576 1959; x_wconf 88' lang='lat' dir='ltr'><strong>sermones</strong></span> <span class='ocrx_word' id='word_1_584' title='bbox 1599 1938 1707 1962; x_wconf 80' lang='lat' dir='ltr'><strong>meos,</strong></span> <span class='ocrx_word' id='word_1_585' title='bbox 1772 1926 1936 1974; x_wconf 89' lang='lat' dir='ltr'><strong>Denique</strong></span> <span class='ocrx_word' id='word_1_586' title='bbox 1966 1930 2100 1974; x_wconf 89' lang='lat' dir='ltr'><strong>ubique</strong></span> 
     </span>
     <span class='ocr_line' id='line_1_91' title="bbox 1112 1975 2099 2024; baseline 0.006 -16"><span class='ocrx_word' id='word_1_587' title='bbox 1112 1987 1146 2008; x_wconf 85' lang='lat' dir='ltr'><strong>se</strong></span> <span class='ocrx_word' id='word_1_588' title='bbox 1172 1976 1327 2010; x_wconf 80' lang='lat' dir='ltr'><strong>offerunt</strong></span> <span class='ocrx_word' id='word_1_589' title='bbox 1350 1976 1551 2010; x_wconf 85' lang='lat' dir='ltr'><strong>testimonia</strong></span> <span class='ocrx_word' id='word_1_590' title='bbox 1575 1977 1612 2009; x_wconf 91' lang='lat' dir='ltr'><strong>in</strong></span> <span class='ocrx_word' id='word_1_591' title='bbox 1637 1975 1824 2022; x_wconf 89' lang='lat' dir='ltr'><strong>Prophetis</strong></span> <span class='ocrx_word' id='word_1_592' title='bbox 1850 1986 1882 2013; x_wconf 88' lang='lat' dir='ltr'><strong>et</strong></span> <span class='ocrx_word' id='word_1_593' title='bbox 1907 1981 2099 2024; x_wconf 84' lang='lat' dir='ltr'><strong>Apostolis,</strong></span> 
     </span>
     <span class='ocr_line' id='line_1_92' title="bbox 1112 2027 2099 2072; baseline 0.006 -13"><span class='ocrx_word' id='word_1_594' title='bbox 1112 2033 1142 2059; x_wconf 87' lang='lat' dir='ltr'><strong>et</strong></span> <span class='ocrx_word' id='word_1_595' title='bbox 1160 2034 1242 2061; x_wconf 89' lang='lat' dir='ltr'><strong>sunt</strong></span> <span class='ocrx_word' id='word_1_596' title='bbox 1258 2027 1413 2060; x_wconf 87' lang='lat' dir='ltr'><strong>illustres</strong></span> <span class='ocrx_word' id='word_1_597' title='bbox 1433 2028 1621 2061; x_wconf 86' lang='lat' dir='ltr'><strong>conciones</strong></span> <span class='ocrx_word' id='word_1_598' title='bbox 1637 2028 1731 2072; x_wconf 90' lang='lat' dir='ltr'><strong>ipsae</strong></span> <span class='ocrx_word' id='word_1_599' title='bbox 1753 2027 1919 2063; x_wconf 85' lang='lat' dir='ltr'><strong>historiae</strong></span> <span class='ocrx_word' id='word_1_600' title='bbox 1937 2032 2099 2065; x_wconf 89' lang='lat' dir='ltr'><strong>omnium</strong></span> 
     </span>
     <span class='ocr_line' id='line_1_93' title="bbox 1110 2077 2100 2122; baseline 0.007 -13"><span class='ocrx_word' id='word_1_601' title='bbox 1110 2084 1311 2110; x_wconf 87' lang='lat' dir='ltr'><strong>sanctorum</strong></span> <span class='ocrx_word' id='word_1_602' title='bbox 1336 2079 1380 2112; x_wconf 91' lang='lat' dir='ltr'><strong>ab</strong></span> <span class='ocrx_word' id='word_1_603' title='bbox 1407 2078 1527 2121; x_wconf 79' lang='lat' dir='ltr'><strong>initio,</strong></span> <span class='ocrx_word' id='word_1_604' title='bbox 1563 2077 1681 2120; x_wconf 88' lang='lat' dir='ltr'><strong>Adae,</strong></span> <span class='ocrx_word' id='word_1_605' title='bbox 1706 2079 1820 2121; x_wconf 88' lang='lat' dir='ltr'><strong>Evae,</strong></span> <span class='ocrx_word' id='word_1_606' title='bbox 1849 2078 1954 2122; x_wconf 84' lang='lat' dir='ltr'><strong>Abel,</strong></span> <span class='ocrx_word' id='word_1_607' title='bbox 1982 2081 2100 2116; x_wconf 87' lang='lat' dir='ltr'><strong>Abra-</strong></span> 
     </span>
     <span class='ocr_line' id='line_1_94' title="bbox 1110 2125 2100 2178; baseline 0.007 -18"><span class='ocrx_word' id='word_1_608' title='bbox 1110 2125 1193 2166; x_wconf 83' lang='lat' dir='ltr'><strong>hae,</strong></span> <span class='ocrx_word' id='word_1_609' title='bbox 1221 2127 1346 2167; x_wconf 81' lang='lat' dir='ltr'><strong>Iacob,</strong></span> <span class='ocrx_word' id='word_1_610' title='bbox 1377 2128 1562 2170; x_wconf 88' lang='lat' dir='ltr'><strong>Ieremiae‚</strong></span> <span class='ocrx_word' id='word_1_611' title='bbox 1589 2128 1786 2174; x_wconf 84' lang='lat' dir='ltr'><strong>Baptistae,</strong></span> <span class='ocrx_word' id='word_1_612' title='bbox 1821 2129 1973 2171; x_wconf 85' lang='lat' dir='ltr'><strong>Christi,</strong></span> <span class='ocrx_word' id='word_1_613' title='bbox 2000 2132 2100 2178; x_wconf 84' lang='lat' dir='ltr'><strong>Apo-</strong></span> 
     </span>
     <span class='ocr_line' id='line_1_95' title="bbox 1112 2179 1543 2225; baseline 0.007 -13"><span class='ocrx_word' id='word_1_614' title='bbox 1112 2179 1304 2220; x_wconf 83' lang='lat' dir='ltr'><strong>stolorum,</strong></span> <span class='ocrx_word' id='word_1_615' title='bbox 1329 2179 1543 2225; x_wconf 86' lang='lat' dir='ltr'><strong>Martyrum.</strong></span> 
     </span>
    </p>

    <p class='ocr_par' dir='ltr' id='par_1_17' title="bbox 1109 2230 2098 2734">
     <span class='ocr_line' id='line_1_96' title="bbox 1213 2230 2098 2276; baseline 0.006 -13"><span class='ocrx_word' id='word_1_616' title='bbox 1213 2230 1282 2264; x_wconf 89' lang='lat' dir='ltr'><strong>Hic</strong></span> <span class='ocrx_word' id='word_1_617' title='bbox 1307 2231 1401 2264; x_wconf 86' lang='lat' dir='ltr'><strong>dicat</strong></span> <span class='ocrx_word' id='word_1_618' title='bbox 1424 2231 1571 2276; x_wconf 84' lang='lat' dir='ltr'><strong>aliquis,</strong></span> <span class='ocrx_word' id='word_1_619' title='bbox 1613 2243 1676 2264; x_wconf 92' lang='lat' dir='ltr'><strong>cur</strong></span> <span class='ocrx_word' id='word_1_620' title='bbox 1702 2231 1809 2274; x_wconf 87' lang='lat' dir='ltr'><strong>igitur</strong></span> <span class='ocrx_word' id='word_1_621' title='bbox 1843 2233 1992 2268; x_wconf 87' lang='lat' dir='ltr'><strong>traditae</strong></span> <span class='ocrx_word' id='word_1_622' title='bbox 2015 2242 2098 2269; x_wconf 83' lang='lat' dir='ltr'><strong>sunt</strong></span> 
     </span>
     <span class='ocr_line' id='line_1_97' title="bbox 1111 2281 2098 2328; baseline 0.005 -14"><span class='ocrx_word' id='word_1_623' title='bbox 1111 2282 1362 2324; x_wconf 88' lang='lat' dir='ltr'><strong>promissiones</strong></span> <span class='ocrx_word' id='word_1_624' title='bbox 1384 2282 1478 2314; x_wconf 89' lang='lat' dir='ltr'><strong>illae:</strong></span> <span class='ocrx_word' id='word_1_625' title='bbox 1514 2281 1645 2315; x_wconf 90' lang='lat' dir='ltr'><strong>Beatus</strong></span> <span class='ocrx_word' id='word_1_626' title='bbox 1661 2282 1730 2322; x_wconf 83' lang='lat' dir='ltr'><strong>vir,</strong></span> <span class='ocrx_word' id='word_1_627' title='bbox 1765 2283 1826 2328; x_wconf 89' lang='lat' dir='ltr'><strong>qui</strong></span> <span class='ocrx_word' id='word_1_628' title='bbox 1853 2284 1953 2318; x_wconf 85' lang='lat' dir='ltr'><strong>timet</strong></span> <span class='ocrx_word' id='word_1_629' title='bbox 1981 2286 2098 2318; x_wconf 78' lang='lat' dir='ltr'><strong>dorni-</strong></span> 
     </span>
     <span class='ocr_line' id='line_1_98' title="bbox 1111 2332 2097 2376; baseline 0.006 -11"><span class='ocrx_word' id='word_1_630' title='bbox 1111 2345 1215 2373; x_wconf 90' lang='lat' dir='ltr'><strong>num,</strong></span> <span class='ocrx_word' id='word_1_631' title='bbox 1246 2345 1329 2376; x_wconf 90' lang='lat' dir='ltr'><strong>opes</strong></span> <span class='ocrx_word' id='word_1_632' title='bbox 1345 2339 1377 2366; x_wconf 92' lang='lat' dir='ltr'><strong>et</strong></span> <span class='ocrx_word' id='word_1_633' title='bbox 1393 2332 1537 2366; x_wconf 87' lang='lat' dir='ltr'><strong>divitiae</strong></span> <span class='ocrx_word' id='word_1_634' title='bbox 1555 2332 1650 2366; x_wconf 89' lang='lat' dir='ltr'><strong>domi</strong></span> <span class='ocrx_word' id='word_1_635' title='bbox 1668 2332 1761 2372; x_wconf 83' lang='lat' dir='ltr'><strong>eius,</strong></span> <span class='ocrx_word' id='word_1_636' title='bbox 1787 2341 1820 2368; x_wconf 86' lang='lat' dir='ltr'><strong>et</strong></span> <span class='ocrx_word' id='word_1_637' title='bbox 1837 2334 1991 2369; x_wconf 78' lang='lat' dir='ltr'><strong>similes?</strong></span> <span class='ocrx_word' id='word_1_638' title='bbox 2025 2336 2097 2371; x_wconf 88' lang='lat' dir='ltr'><strong>Re-</strong></span> 
     </span>
     <span class='ocr_line' id='line_1_99' title="bbox 1109 2382 2097 2428; baseline 0.005 -12"><span class='ocrx_word' id='word_1_639' title='bbox 1109 2384 1282 2427; x_wconf 85' lang='lat' dir='ltr'><strong>spondeo:</strong></span> <span class='ocrx_word' id='word_1_640' title='bbox 1309 2383 1466 2428; x_wconf 85' lang='lat' dir='ltr'><strong>Utraque</strong></span> <span class='ocrx_word' id='word_1_641' title='bbox 1481 2382 1652 2417; x_wconf 86' lang='lat' dir='ltr'><strong>sententia</strong></span> <span class='ocrx_word' id='word_1_642' title='bbox 1668 2395 1748 2417; x_wconf 88' lang='lat' dir='ltr'><strong>vera</strong></span> <span class='ocrx_word' id='word_1_643' title='bbox 1769 2391 1830 2426; x_wconf 88' lang='lat' dir='ltr'><strong>est,</strong></span> <span class='ocrx_word' id='word_1_644' title='bbox 1856 2392 1889 2419; x_wconf 86' lang='lat' dir='ltr'><strong>et</strong></span> <span class='ocrx_word' id='word_1_645' title='bbox 1904 2387 2097 2421; x_wconf 87' lang='lat' dir='ltr'><strong>subiectam</strong></span> 
     </span>
     <span class='ocr_line' id='line_1_100' title="bbox 1111 2433 2097 2480; baseline 0.005 -13"><span class='ocrx_word' id='word_1_646' title='bbox 1111 2446 1183 2469; x_wconf 87' lang='lat' dir='ltr'><strong>esse</strong></span> <span class='ocrx_word' id='word_1_647' title='bbox 1199 2433 1392 2468; x_wconf 87' lang='lat' dir='ltr'><strong>Ecclesiam</strong></span> <span class='ocrx_word' id='word_1_648' title='bbox 1410 2434 1523 2474; x_wconf 89' lang='lat' dir='ltr'><strong>cruci,</strong></span> <span class='ocrx_word' id='word_1_649' title='bbox 1551 2440 1585 2467; x_wconf 87' lang='lat' dir='ltr'><strong>et</strong></span> <span class='ocrx_word' id='word_1_650' title='bbox 1607 2440 1723 2467; x_wconf 85' lang='lat' dir='ltr'><strong>tamen</strong></span> <span class='ocrx_word' id='word_1_651' title='bbox 1749 2447 1824 2468; x_wconf 90' lang='lat' dir='ltr'><strong>eam</strong></span> <span class='ocrx_word' id='word_1_652' title='bbox 1844 2437 1957 2471; x_wconf 89' lang='lat' dir='ltr'><strong>iuvari</strong></span> <span class='ocrx_word' id='word_1_653' title='bbox 1974 2451 1991 2471; x_wconf 93' lang='lat' dir='ltr'><strong>a</strong></span> <span class='ocrx_word' id='word_1_654' title='bbox 2011 2437 2097 2480; x_wconf 88' lang='lat' dir='ltr'><strong>Deo,</strong></span> 
     </span>
     <span class='ocr_line' id='line_1_101' title="bbox 1111 2483 2096 2532; baseline 0.003 -13"><span class='ocrx_word' id='word_1_655' title='bbox 1111 2493 1145 2520; x_wconf 86' lang='lat' dir='ltr'><strong>et</strong></span> <span class='ocrx_word' id='word_1_656' title='bbox 1167 2483 1234 2519; x_wconf 88' lang='lat' dir='ltr'><strong>hoc</strong></span> <span class='ocrx_word' id='word_1_657' title='bbox 1257 2486 1427 2519; x_wconf 88' lang='lat' dir='ltr'><strong>differunt</strong></span> <span class='ocrx_word' id='word_1_658' title='bbox 1449 2485 1590 2528; x_wconf 88' lang='lat' dir='ltr'><strong>piorum</strong></span> <span class='ocrx_word' id='word_1_659' title='bbox 1620 2496 1808 2519; x_wconf 83' lang='lat' dir='ltr'><strong>aerumnae</strong></span> <span class='ocrx_word' id='word_1_660' title='bbox 1831 2488 1875 2521; x_wconf 91' lang='lat' dir='ltr'><strong>ab</strong></span> <span class='ocrx_word' id='word_1_661' title='bbox 1905 2489 2096 2532; x_wconf 90' lang='lat' dir='ltr'><strong>impiorum</strong></span> 
     </span>
     <span class='ocr_line' id='line_1_102' title="bbox 1110 2534 2098 2579; baseline 0.004 -9"><span class='ocrx_word' id='word_1_662' title='bbox 1110 2537 1300 2572; x_wconf 85' lang='lat' dir='ltr'><strong>aerumnis.</strong></span> <span class='ocrx_word' id='word_1_663' title='bbox 1351 2535 1487 2576; x_wconf 88' lang='lat' dir='ltr'><strong>David,</strong></span> <span class='ocrx_word' id='word_1_664' title='bbox 1516 2534 1701 2578; x_wconf 86' lang='lat' dir='ltr'><strong>Ieremias,</strong></span> <span class='ocrx_word' id='word_1_665' title='bbox 1726 2536 1865 2579; x_wconf 86' lang='lat' dir='ltr'><strong>Daniel,</strong></span> <span class='ocrx_word' id='word_1_666' title='bbox 1894 2538 2036 2579; x_wconf 89' lang='lat' dir='ltr'><strong>Paulus,</strong></span> <span class='ocrx_word' id='word_1_667' title='bbox 2064 2547 2098 2574; x_wconf 89' lang='lat' dir='ltr'><strong>et</strong></span> 
     </span>
     <span class='ocr_line' id='line_1_103' title="bbox 1111 2586 2096 2632; baseline 0.002 -11"><span class='ocrx_word' id='word_1_668' title='bbox 1111 2588 1260 2628; x_wconf 88' lang='lat' dir='ltr'><strong>similes,</strong></span> <span class='ocrx_word' id='word_1_669' title='bbox 1300 2587 1416 2620; x_wconf 87' lang='lat' dir='ltr'><strong>sciunt</strong></span> <span class='ocrx_word' id='word_1_670' title='bbox 1443 2597 1479 2618; x_wconf 88' lang='lat' dir='ltr'><strong>se</strong></span> <span class='ocrx_word' id='word_1_671' title='bbox 1505 2586 1617 2631; x_wconf 41' lang='lat' dir='ltr'><strong>etiam}</strong></span> <span class='ocrx_word' id='word_1_672' title='bbox 1635 2598 1713 2620; x_wconf 87' lang='lat' dir='ltr'><strong>eum</strong></span> <span class='ocrx_word' id='word_1_673' title='bbox 1745 2597 1952 2632; x_wconf 85' lang='lat' dir='ltr'><strong>merguntur</strong></span> <span class='ocrx_word' id='word_1_674' title='bbox 1977 2591 2013 2623; x_wconf 90' lang='lat' dir='ltr'><strong>in</strong></span> <span class='ocrx_word' id='word_1_675' title='bbox 2040 2603 2096 2623; x_wconf 87' lang='lat' dir='ltr'><strong>ae-</strong></span> 
     </span>
     <span class='ocr_line' id='line_1_104' title="bbox 1110 2636 2097 2679; baseline 0.002 -7"><span class='ocrx_word' id='word_1_676' title='bbox 1110 2650 1254 2672; x_wconf 90' lang='lat' dir='ltr'><strong>rumnas</strong></span> <span class='ocrx_word' id='word_1_677' title='bbox 1266 2665 1274 2678; x_wconf 94' lang='lat'><strong>,</strong></span> <span class='ocrx_word' id='word_1_678' title='bbox 1302 2644 1418 2670; x_wconf 89' lang='lat' dir='ltr'><strong>tamen</strong></span> <span class='ocrx_word' id='word_1_679' title='bbox 1429 2636 1503 2670; x_wconf 87' lang='lat' dir='ltr'><strong>Deo</strong></span> <span class='ocrx_word' id='word_1_680' title='bbox 1521 2649 1624 2671; x_wconf 84' lang='lat' dir='ltr'><strong>curae</strong></span> <span class='ocrx_word' id='word_1_681' title='bbox 1640 2649 1723 2679; x_wconf 86' lang='lat' dir='ltr'><strong>esse,</strong></span> <span class='ocrx_word' id='word_1_682' title='bbox 1751 2646 1782 2673; x_wconf 88' lang='lat' dir='ltr'><strong>et</strong></span> <span class='ocrx_word' id='word_1_683' title='bbox 1799 2637 1982 2674; x_wconf 86' lang='lat' dir='ltr'><strong>habituros</strong></span> <span class='ocrx_word' id='word_1_684' title='bbox 1997 2642 2097 2674; x_wconf 84' lang='lat' dir='ltr'><strong>auxi-</strong></span> 
     </span>
     <span class='ocr_line' id='line_1_105' title="bbox 1111 2689 2098 2734; baseline 0.001 -10"><span class='ocrx_word' id='word_1_685' title='bbox 1111 2689 1200 2724; x_wconf 89' lang='lat' dir='ltr'><strong>lium</strong></span> <span class='ocrx_word' id='word_1_686' title='bbox 1217 2696 1250 2723; x_wconf 92' lang='lat' dir='ltr'><strong>et</strong></span> <span class='ocrx_word' id='word_1_687' title='bbox 1265 2689 1542 2732; x_wconf 81' lang='lat' dir='ltr'><strong>mitigationem,</strong></span> <span class='ocrx_word' id='word_1_688' title='bbox 1574 2695 1606 2723; x_wconf 88' lang='lat' dir='ltr'><strong>et</strong></span> <span class='ocrx_word' id='word_1_689' title='bbox 1625 2690 1796 2734; x_wconf 83' lang='lat' dir='ltr'><strong>tantisper</strong></span> <span class='ocrx_word' id='word_1_690' title='bbox 1812 2692 1896 2725; x_wconf 87' lang='lat' dir='ltr'><strong>dum</strong></span> <span class='ocrx_word' id='word_1_691' title='bbox 1914 2692 1988 2726; x_wconf 91' lang='lat' dir='ltr'><strong>vult</strong></span> <span class='ocrx_word' id='word_1_692' title='bbox 2004 2691 2098 2727; x_wconf 87' lang='lat' dir='ltr'><strong>Deus</strong></span> 
     </span>
    </p>
   </div>
   <div class='ocr_carea' id='block_1_15' title="bbox 1428 2739 1474 2773">
    <p class='ocr_par' dir='ltr' id='par_1_18' title="bbox 1428 2739 1474 2773">
     <span class='ocr_line' id='line_1_106' title="bbox 1428 2739 1474 2773; baseline 0 0"><span class='ocrx_word' id='word_1_693' title='bbox 1428 2739 1474 2773; x_wconf 84' lang='lat'><strong>18</strong></span> 
     </span>
    </p>
   </div>
  </div>
 </body>
</html>
