2415 2942
280 78 351 114 547

283 168 436 202 Locutus
479 170 525 197 est
557 161 731 196 Dominus
770 157 865 193 Deus
903 164 1047 191 cunctos
1083 166 1261 190 sermones

286 217 348 251 hos
367 228 446 253 etc„
475 221 511 247 ut
528 214 628 246 sciret
650 210 800 255 populus
816 209 965 254 proponi
984 220 1054 240 non
1072 205 1262 240 humanam

286 268 500 302 ‹lot-trinam,
529 267 586 297 setl
613 272 704 296 certo
730 269 760 294 et
785 272 942 304 expresse
961 260 1124 292 traditam
1143 270 1162 291 a
1178 257 1265 293 Deo.

288 319 336 352 lta
357 317 484 349 Paulus
504 315 680 358 praefatur
701 325 736 346 se
762 324 834 344 esse
850 310 1080 354 Apostolum,
1107 321 1180 342 non
1199 307 1267 342 hu-

286 380 388 401 mano
408 367 537 399 iudicio
556 365 716 402 electum,
741 364 800 396 sed
820 359 953 396 Christi
970 373 1064 401 voce,
1092 372 1130 392 ac
1147 358 1268 393 Evan—

285 419 415 461 gelium
441 417 577 449 adferre
602 415 774 448 dixinitus
799 413 985 446 traditum:
1013 418 1047 445 et
1073 409 1161 443 hanc
1189 421 1269 443 sen—

287 469 450 517 tentiam,
485 479 589 511 quam
614 467 656 498 de
680 466 772 509 lege,
809 466 852 496 de
878 462 1193 507 promissionibus,
1227 461 1270 493 de

289 526 448 563 peccato,
482 520 524 550 de
549 518 678 560 gratia,
713 518 755 549 de
790 515 856 547 fide
882 514 1067 557 proponit,
1102 524 1174 545 non
1199 522 1271 544 esse

288 569 483 604 humanum
500 569 700 608 inventum,
721 568 780 600 sed
797 565 968 598 divinitus
984 564 1050 607 ipsi
1068 563 1271 607 patefactam

289 628 320 654 et
338 620 616 653 commendatam
630 645 637 659 ‚
664 625 702 650 ut
721 629 794 650 eam
813 615 978 649 Ecclesiis
1002 616 1125 648 tradat.
1190 613 1272 645 Ideo

291 684 362 705 non
390 671 497 704 otiose
521 669 623 703 toties
649 666 706 701 hic
730 675 762 701 et
786 667 872 700 alibi
901 665 1026 709 repetit
1057 664 1273 697 mentionem

293 721 450 755 muneris
469 721 522 753 sui
542 727 573 753 et
594 720 746 752 inculcat
763 718 894 751 titulos.
948 715 1043 748 Haec
1064 727 1103 747 eo
1121 725 1275 747 comme-

293 774 462 805 moranda
487 779 585 809 sunt,
610 778 647 803 ut
672 770 824 811 legamus
841 767 1010 804 Paulum,
1037 777 1109 798 non
1133 771 1171 798 ut
1188 763 1276 797 Am-

295 824 469 861 brosium,
503 829 563 854 aut
586 820 822 862 Augustinum
847 817 1015 859 legimus,
1056 822 1193 849 tantum
1215 826 1277 847 ceu

295 874 471 907 eruditum
496 873 721 913 interpretem
739 863 963 912 propheticae
980 867 1191 910 scripturae,
1219 865 1277 898 sed

296 933 333 957 ut
348 931 441 956 certo
459 924 672 955 adserentem
690 920 871 953 coelestem
888 918 1087 951 doctrinam
1100 944 1109 957 ‚
1136 916 1193 949 cui
1217 928 1279 949 ne-

297 986 388 1007 cesse
410 982 459 1007 est
484 972 658 1006 assentiri.
731 968 864 1014 Estque
890 968 1078 1010 diligenter
1114 964 1181 999 hoc
1204 967 1280 999 loco

296 1026 527 1058 discernenda
558 1022 750 1067 apostolica
779 1019 936 1060 vocatio,
963 1019 1007 1052 ab
1029 1017 1196 1062 Episcopi
1220 1029 1282 1050 vo-

296 1083 444 1111 catione.

400 1149 591 1195 Apostolus
619 1154 668 1181 est
701 1146 901 1179 immediate
927 1157 944 1178 a
968 1143 1110 1179 Christo
1138 1150 1281 1177 vocatus

300 1203 341 1236 ad
360 1202 556 1234 docendum
576 1197 828 1241 Evangelium,
860 1204 891 1230 et
908 1195 1013 1230 habet
1035 1203 1166 1229 certum
1185 1195 1281 1228 testi-

301 1253 459 1286 monium
484 1263 564 1284 suae
589 1251 788 1287 doctrinae,
813 1249 906 1292 quod
926 1248 969 1281 sit
990 1246 1129 1287 divina,
1152 1259 1190 1278 ac
1207 1257 1282 1278 cer-

302 1311 376 1337 tum
397 1310 443 1336 est
460 1315 538 1335 eum
561 1299 689 1333 habere
707 1299 878 1342 Spiritum
897 1304 1073 1336 sanctum,
1101 1304 1133 1330 et
1156 1297 1193 1329 in
1217 1297 1282 1329 do-

302 1355 415 1388 ctriua
439 1365 511 1385 non
536 1363 669 1392 errare,
701 1362 738 1383 ac
764 1355 875 1393 potest
897 1349 1028 1393 ubique
1051 1348 1087 1380 in
1117 1347 1282 1381 omnibus

302 1403 468 1438 Ecclesiis
487 1404 620 1436 docere.

404 1479 451 1514 At
467 1478 662 1523 Episcopus
677 1484 727 1510 est
743 1483 885 1510 vocatus
901 1488 962 1520 per
980 1473 1141 1508 homines
1158 1476 1199 1508 ad
1220 1475 1284 1507 do-

303 1533 452 1566 cendum
471 1529 721 1572 Evangelinm,
748 1535 841 1560 certo
857 1528 933 1560 loco
945 1553 954 1567 ‚
981 1533 1013 1559 et
1030 1533 1142 1569 potest
1159 1538 1285 1565 errare,

305 1596 368 1616 nec
393 1593 530 1614 necesse
559 1587 608 1613 est
632 1586 764 1612 certum
790 1589 881 1615 esse,
909 1578 1003 1621 quod
1030 1574 1156 1609 habeat
1171 1575 1285 1618 Spiri-

305 1642 378 1668 tum
396 1639 566 1665 sanctum.
608 1629 661 1662 Ex
681 1627 736 1661 his
753 1627 1050 1670 descriptionibus
1067 1626 1176 1659 multa
1194 1626 1286 1658 iudi-

305 1685 374 1718 cari
401 1692 561 1727 possunt.
620 1680 667 1714 Ut
691 1680 784 1712 enim
810 1676 1006 1722 Prophetae
1029 1677 1065 1709 in
1089 1677 1220 1721 populo
1240 1676 1287 1708 ls-

305 1736 380 1769 rae‘l
402 1735 505 1776 longe
536 1731 790 1765 antecellebant
812 1728 1071 1766 sacerdotibus,
1113 1734 1145 1760 et
1177 1727 1287 1759 multa

308 1787 455 1828 agebant
473 1783 629 1823 heroica,
659 1793 747 1827 quae
772 1793 843 1813 non
869 1780 1082 1813 concedebat
1099 1778 1154 1811 lex
1179 1784 1289 1811 caete-

308 1839 356 1870 ris
380 1834 633 1869 sacerdotibus:
670 1834 715 1865 ita
733 1830 896 1874 Apostoli
921 1830 1140 1863 vocationem
1158 1826 1289 1861 habent

308 1889 410 1930 longe
427 1884 641 1929 superiorem
666 1883 808 1916 caeteris
823 1880 1026 1925 Episcopis,
1053 1880 1163 1923 legem
1185 1881 1290 1912 abro-

308 1944 410 1981 gant,
451 1942 577 1968 vocant
609 1940 728 1977 gentes
758 1934 801 1965 ad
834 1932 1031 1965 societatem
1065 1930 1187 1975 populi
1212 1929 1290 1970 Dei,

310 1994 474 2021 enarrant
495 1987 663 2019 obscuros
685 1984 851 2017 articulos
874 1984 916 2016 de
940 1982 1086 2022 Messia‚
1129 1982 1223 2025 quod
1249 1981 1292 2013 sit

308 2040 402 2072 filius
418 2037 502 2078 Dei,
527 2037 621 2081 quod
640 2047 710 2067 non
730 2035 835 2067 fuerit
852 2031 1036 2067 habiturus
1058 2043 1205 2074 regnum
1230 2043 1293 2074 po-

311 2091 458 2123 liticum.
527 2087 696 2130 Expresse
718 2085 924 2128 impertiunt
948 2083 1189 2116 remissionem
1214 2093 1294 2125 pec-

310 2148 485 2179 catorum,
513 2140 606 2182 quod
629 2137 823 2169 sacerdotes
838 2134 986 2168 Levitici
1005 2143 1225 2178 nequaquam
1244 2133 1293 2165 fe-

312 2198 441 2225 cerant.
515 2187 693 2222 Enarrant
727 2186 914 2219 articulum
951 2186 994 2217 de
1027 2184 1164 2217 iusticia
1200 2182 1295 2223 fidei,

313 2254 415 2286 quem
435 2240 533 2284 pauci
559 2239 594 2271 in
618 2238 747 2282 populo
765 2237 850 2279 legis
875 2243 974 2269 antea
999 2235 1193 2267 audierant.
1247 2232 1295 2266 At

316 2292 476 2335 Episcopi
494 2292 620 2323 dictata
638 2290 681 2321 ab
698 2286 877 2331 Apostolis
894 2286 1048 2328 accipere
1065 2286 1204 2325 debent,
1222 2296 1294 2316 non

315 2344 453 2374 incoare
483 2352 613 2374 novum
643 2346 702 2372 aut
734 2337 828 2371 aliud
855 2336 1034 2370 doctrinae
1064 2347 1185 2379 genus.
1249 2334 1296 2368 Ut

316 2393 422 2434 igitur
442 2392 569 2425 Paulus
587 2392 791 2422 admoneret
807 2399 928 2421 omnes
944 2389 986 2419 de
1006 2386 1192 2420 autoritate
1215 2397 1296 2418 suae

316 2443 514 2482 doctrinae,
548 2441 628 2474 facit
651 2440 866 2473 mentionem
893 2450 973 2471 suae
998 2437 1210 2477 vocationis,
1240 2437 1295 2468 in-

316 2494 457 2537 quiens:
495 2492 624 2525 Servus
650 2491 725 2524 lesu
747 2488 900 2530 Christi,
928 2495 1070 2522 vocatus
1093 2486 1295 2531 Apostolus.

317 2543 490 2585 Origenes
506 2540 562 2575 hic
587 2541 702 2585 inepte
729 2539 963 2574 rhetoricatur
987 2541 1029 2572 de
1047 2538 1254 2572 liberatione
1278 2550 1296 2571 a

317 2593 542 2633 ceremoniis,
575 2600 607 2625 et
632 2593 673 2624 de
699 2592 864 2625 servitute
886 2590 1011 2630 Pauli,
1052 2601 1119 2634 qua
1143 2600 1298 2621 ceremo-

316 2647 383 2680 niis
398 2646 509 2679 fuerat
529 2642 702 2678 obnoxius
720 2641 1092 2690 ante-conversionem.
1145 2638 1221 2674 Hae
1237 2639 1298 2673 de-

860 71 988 108 PlllL.
1015 70 1133 107 MEL.
1161 68 1371 105 SCRIPTA
1394 67 1695 109 EXEGETICA.

1313 156 1539 190 clamationes
1556 169 1628 190 non
1645 157 1821 201 pertinent
1843 159 1885 191 ad
1901 156 1996 192 hunc
2019 158 2150 192 locum.
2202 157 2298 192 Pau-

1313 207 1367 241 lus
1398 208 1493 241 enim
1520 205 1577 240 hic
1602 220 1674 241 non
1699 209 1742 241 de
1767 208 1900 251 privata
1931 209 2096 243 servitute
2128 209 2300 254 loquitur,

1313 260 1371 292 sed
1405 260 1448 292 de
1478 259 1614 297 officio,
1651 266 1751 292 vocat
1776 269 1811 292 se
1833 270 1993 298 servum,
2029 259 2064 293 id
2090 267 2157 301 est,
2191 260 2300 293 mini-

1314 317 1425 343 strum
1457 317 1632 353 gerentem
1671 309 1824 343 officium
1857 310 2036 354 pertinens
2072 311 2115 344 ad
2151 322 2300 355 regnum

1315 358 1461 395 Christi.

1722 431 1899 470 Vocatus.

1420 500 1461 535 Id
1478 512 1518 534 ex
1537 499 1674 534 Galatis
1692 502 1817 535 melius
1833 501 1981 546 intelligi
2000 508 2133 546 potest,
2158 503 2219 536 ubi
2238 505 2302 537 ad-

1319 551 1369 586 dit
1383 563 1418 585 se
1434 564 1506 585 non
1524 553 1567 585 ab
1587 550 1809 594 hominihus,
1838 565 1953 598 neque
1973 565 2032 596 per
2054 550 2214 588 homines
2236 567 2302 588 vo-

1320 610 1435 637 catum
1453 615 1543 643 esse,
1571 605 1628 636 sed
1655 616 1714 648 per
1733 603 1846 637 lesum
1862 601 2042 637 Christum
2063 611 2094 637 et
2109 603 2222 638 Deum
2241 618 2303 650 pa-

1321 660 1424 688 trem.
1477 653 1517 687 ld
1535 654 1724 697 significat,
1751 667 1830 688 cum
1850 651 1907 687 hie
1925 666 1959 687 se
1977 661 2075 688 vocat
2093 666 2165 688 non
2183 656 2305 699 vulga-

1322 717 1397 738 rem
1418 705 1721 746 concionatorem,
1746 707 1804 738 sed
1827 703 1961 750 κλητὸν
1984 701 2201 742 ἀπόστολον.
2260 705 2308 740 Et

1323 753 1387 789 hae
1403 756 1596 789 sententiae
1614 758 1845 800 opponendae
1867 763 1949 790 sunt
1972 753 2039 789 hoc
2064 763 2220 800 tempore
2239 756 2309 790 Pa-

1324 806 1440 850 pistis‚
1481 818 1632 850 quorum
1658 815 1753 840 tanta
1781 814 1832 841 est
1856 806 2093 851 impudentia,
2127 814 2166 841 ut
2188 815 2308 852 aperte

1325 857 1444 890 ausint
1469 857 1601 897 dicere,
1643 870 1716 890 non
1741 858 1818 901 plus
1840 869 1912 891 esse
1945 859 2158 891 credendum
2182 857 2309 902 Paulo,

1326 919 1430 952 quam
1454 905 1617 940 Romano
1644 907 1825 948 Pontifici,
1866 915 1925 942 aut
1956 907 2150 952 Episcopis.
2217 908 2310 942 lma-

1328 959 1495 1001 ginantur
1524 956 1673 990 Paulum
1707 970 1778 991 esse
1818 958 1912 992 lrum
1941 959 2093 1004 aliquem
2125 966 2185 993 aut
2212 971 2312 993 erro-

1330 1021 1430 1048 nem,
1476 1008 1536 1053 qui
1572 1009 1646 1041 sine
1677 1010 1861 1043 autoritate
1893 1017 2055 1053 vagatus,
2089 1015 2122 1042 et
2154 1010 2312 1054 pertina-

1331 1060 1416 1092 citer
1440 1059 1483 1091 de
1510 1058 1679 1101 religione
1704 1060 1835 1093 rixatus
1858 1060 1912 1093 sit.
1963 1060 2035 1093 Nos
2057 1066 2173 1093 autem
2193 1061 2314 1095 audita

1331 1108 1495 1157 Apostoli
1516 1109 1714 1150 mentione,
1740 1110 1930 1152 cogitemus
1955 1108 2158 1154 prophetica
2181 1113 2317 1146 autori-

1333 1167 1401 1194 tate
1427 1172 1505 1192 eum
1534 1161 1752 1201 concionari,
1788 1168 1822 1193 et
1849 1161 1922 1193 eius
1945 1161 2036 1194 dicta
2061 1168 2226 1206 tanquam
2252 1176 2316 1196 vo-

1333 1223 1406 1244 cem
1432 1209 1498 1243 Dei
1520 1211 1564 1243 de
1590 1211 1686 1244 coelo
1712 1218 1894 1245 sonantem
1913 1211 2134 1255 accipiamus.
2187 1212 2264 1246 Hoc
2286 1214 2317 1247 si

1333 1261 1589 1305 cogitabimus,
1628 1262 1730 1295 valde
1762 1273 1826 1295 nos
1856 1261 1932 1295 eius
1964 1262 2156 1296 sententiae
2189 1264 2318 1298 confir-

1334 1313 1491 1348 mabunt.

1488 1401 1712 1449 Segi-egatus
1731 1400 1786 1436 ad
1801 1400 2052 1448 Evangelium
2068 1401 2157 1440 Dei.

1436 1470 1606 1505 Nominat
1631 1482 1739 1513 genus
1767 1470 1917 1513 negotii,
1941 1471 2035 1514 quod
2061 1471 2092 1503 ei
2117 1473 2321 1508 mandatum

1336 1524 1422 1563 fuit,
1464 1522 1581 1566 inquit
1605 1532 1639 1554 se
1665 1521 1839 1553 delectum
1872 1532 1942 1552 esse
1978 1521 2022 1552 ad
2056 1525 2323 1566 propagandum

1339 1573 1584 1615 Evangelium.
1639 1571 1711 1604 lam
1736 1569 1801 1603 hoc
1822 1570 1899 1603 loco
1927 1571 2129 1605 meminisse
2154 1574 2320 1610 lectorem

1339 1629 1497 1668 oportet,
1524 1621 1715 1666 plurimum
1741 1621 1908 1654 interesse
1932 1621 2024 1654 inter
2049 1619 2131 1655 haec
2158 1625 2227 1658 duo
2256 1627 2322 1659 do-

1340 1675 1472 1708 ctrinae
1494 1684 1639 1716 genera,
1671 1672 1763 1704 inter
1787 1672 1896 1714 legem
1918 1679 1950 1705 et
1966 1670 2214 1715 Evangelium.
2265 1678 2323 1712 De

1341 1738 1381 1758 eo
1400 1724 1603 1757 discrimine
1627 1730 1662 1756 et
1686 1734 1790 1766 supra
1815 1723 1947 1756 dictum
1972 1729 2023 1756 est
2041 1723 2078 1755 in
2096 1726 2324 1771 praefatione,

1341 1783 1374 1810 et
1393 1775 1484 1808 infra
1506 1775 1696 1807 dicendum
1717 1773 1782 1806 erit
1807 1773 1918 1817 capite
1941 1773 2057 1808 tertio.
2120 1774 2196 1819 lpse
2217 1779 2322 1813 etiam

1341 1827 1440 1860 addit
1470 1825 1739 1868 descriptionem
1765 1823 1969 1865 Evangelii:
2010 1822 2243 1868 Evangelium
2273 1837 2324 1865 est

1342 1876 1528 1922 promissio
1543 1875 1714 1909 divinitus
1730 1874 1831 1914 facta,
1845 1874 1971 1907 tradita
1988 1874 2024 1906 in
2043 1876 2224 1920 scripturis
2240 1891 2321 1914 san-

1343 1928 1423 1968 ctis,
1451 1928 1493 1960 de
1510 1926 1584 1960 filio
1600 1925 1665 1959 Dei
1683 1925 1780 1963 Iesu,
1810 1931 1890 1958 nato
1914 1936 1953 1957 ex
1978 1925 2109 1959 semine
2128 1928 2243 1963 David
2270 1943 2324 1965 se-

1343 1978 1498 2011 cundum
1523 1988 1681 2016 carnem,
1714 1975 1887 2009 declarato
1911 1982 2027 2009 autem
2051 1976 2124 2010 filio
2149 1978 2233 2022 Dei,
2262 1994 2326 2025 po-

1343 2035 1439 2063 tente
1461 2040 1523 2072 per
1539 2027 1710 2071 Spiritum
1736 2026 2026 2067 sanctificantem,
2060 2031 2262 2066 resuscitato
2284 2046 2325 2067 ex

1344 2079 1511 2120 mortuis,
1541 2078 1603 2123 qui
1628 2085 1677 2111 est
1693 2076 1854 2117 Messias,
1889 2089 1949 2110 seu
1964 2075 2058 2119 Rex,
2087 2091 2147 2122 per
2168 2095 2269 2127 quem
2287 2084 2326 2119 fit

1345 2130 1505 2164 liberatio
1521 2142 1540 2162 a
1557 2136 1696 2173 peccato
1715 2135 1746 2162 et
1763 2140 1781 2160 a
1801 2134 1912 2161 morte
1928 2135 2079 2164 aeterna,

1448 2180 1543 2214 Haec
1570 2180 1726 2212 definitio
1757 2179 1813 2212 fiet
1842 2179 2040 2218 illustrior,
2081 2180 2109 2213 si
2139 2180 2323 2218 antithesis

1346 2232 1432 2276 legis
1456 2239 1489 2266 et
1510 2228 1696 2274 Evangelii
1718 2230 1932 2264 instituatur.
2000 2229 2071 2262 Lex
2094 2238 2145 2265 est
2167 2233 2326 2270 doctrina

1346 2283 1562 2327 praecipiens
1586 2282 1707 2327 quales
1732 2292 1802 2314 esse
1833 2292 1914 2320 nos,
1942 2286 1974 2313 et
1996 2280 2079 2325 quid
2101 2293 2201 2325 agere
2219 2296 2325 2329 opor.

1346 2340 1433 2375 teat,
1460 2333 1642 2379 requirens
1665 2331 1849 2376 perfectam
1874 2331 2130 2374 obedientiam,
2157 2346 2229 2368 non
2246 2348 2328 2380 pro-

1347 2385 1488 2418 mittens
1505 2384 1611 2428 gratis
1628 2382 1866 2417 remissionem
1885 2388 2103 2425 peccatorum
2115 2410 2125 2424 ‚
2149 2397 2221 2418 non
2238 2387 2328 2421 libe-

1347 2446 1428 2469 rans
1444 2448 1508 2470 nos
1526 2447 1544 2468 a
1565 2441 1701 2479 peccato
1722 2440 1754 2467 et
1777 2445 1794 2465 a
1819 2439 1949 2470 morte,
1975 2433 2033 2465 sed
2055 2434 2170 2477 potius
2186 2449 2326 2472 armans

1349 2494 1544 2530 peccatum,
1571 2498 1649 2519 cum
1672 2495 1736 2517 nos
1759 2490 1916 2525 accusat,
1945 2489 1977 2516 et
1998 2485 2191 2520 terroribus
2214 2487 2327 2522 letali-

1350 2539 1414 2570 bus
1431 2537 1609 2581 opprimit.
1642 2533 1688 2569 At
1707 2533 1938 2577 Evangelium
1956 2541 2005 2567 est
2021 2537 2216 2578 promissio,
2239 2551 2328 2584 quae

1349 2587 1536 2632 pollicetur
1566 2586 1668 2620 nobis
1697 2585 1938 2618 remissionem
1965 2594 2183 2629 peccatorum
2211 2590 2327 2632 gratis,

1350 2646 1383 2673 et
1398 2638 1642 2673 liberationem
1656 2643 1805 2684 ⁸peccato
1828 2643 1861 2671 et
1883 2647 1902 2669 a
1921 2643 2031 2671 morte
2049 2649 2110 2681 per
2126 2638 2235 2672 filium
2250 2640 2329 2681 Dei,

2219 73 2294 110 548
2350 32 2355 158 ἱ
