2415 2942
104 106 148 139 41
526 103 605 139 ΧΠ.

105 198 144 225 ut
165 202 269 234 supra
294 189 424 224 dictum
448 196 516 234 est,
546 196 577 223 et
595 190 700 234 paulo
717 195 793 233 post
810 189 901 221 idem
918 188 1015 221 locus
1033 198 1087 219 re—

106 248 252 285 petetur.
306 240 445 274 Deinde
470 247 572 284 negat
596 253 630 274 se
655 252 727 273 esse
741 238 875 273 Eliam:
903 238 964 271 etsi
991 238 1085 270 enim

104 304 234 325 nomen
260 291 360 325 Eliae
392 293 562 326 tribuitur
588 291 711 325 Ioanni
742 291 778 322 in
801 288 1000 328 Malachia,
1034 295 1086 321 ta—

103 356 184 376 men
209 343 388 386 pontifices
413 343 640 387 expectabant
659 342 772 384 ipsum
793 339 929 380 Eliam,
957 347 989 373 et
1008 339 1086 384 qui-

104 395 183 427 dem
209 395 474 438 belligerantem
498 405 575 426 cum
595 392 772 438 tyrannis,
800 398 833 425 et
853 391 1083 435 depellentem

102 443 304 486 Romanos,
335 446 436 479 talem
456 456 491 477 se
509 442 624 476 Eliam
643 455 715 475 esse
732 449 844 485 negat.

204 497 259 529 De
282 496 381 529 tertia
406 495 608 539 quaestione
633 494 733 538 plura
752 495 996 537 disputantur⁷
1024 504 1087 525 eur

101 558 137 579 se
164 548 296 590 negarit
314 543 523 588 Prophetam
550 557 639 585 esse,
666 552 698 578 et
725 545 846 578 dicunt
868 545 1011 588 quidam
1030 544 1085 576 in-

102 597 271 640 terrogari
295 609 367 630 non
385 597 420 628 in
439 608 563 639 genere
576 624 583 636 ,
611 608 655 629 an
674 598 718 629 sit
737 594 934 638 Propheta,
962 597 1020 628 sed
1043 597 1086 627 de

101 655 193 680 certo
225 645 401 691 Propheta
433 659 655 690 praecessuro
688 646 867 680 Messinm.
930 645 1016 679 Nam
1048 646 1083 678 in

100 705 197 732 textu
212 699 378 732 articulus
394 699 552 732 additur:
580 696 627 731 Es
641 705 678 731 tu
690 695 865 742 Propheta
880 697 963 730 ille?
1016 696 1084 730 Sed

100 749 173 782 sive
195 749 231 782 in
256 761 381 793 genere
403 751 446 783 de
470 747 648 793 Propheta
672 750 911 792 interrogant,
947 748 1019 781 sive
1043 749 1085 781 de

100 807 193 834 certo
211 799 407 844 Propheta,
434 813 507 834 non
532 813 695 843 magnum
721 800 909 833 discrimen
927 806 987 834 est.
1041 797 1086 832 Et

101 863 302 896 quanquam
326 852 507 897 plaerique
530 852 653 884 dicunt
677 851 870 884 modestiae
895 863 995 884 causa
1013 863 1085 883 non

100 903 190 935 velle
214 903 369 947 recipere
390 904 534 937 titulum
554 900 770 945 Prophetae,
798 909 914 934 tamen
941 914 1018 934 cum
1044 903 1087 934 de

100 954 283 987 vocatione
304 955 529 999 respondeat,
558 965 630 986 non
649 954 761 987 voluit
781 951 837 986 hic
855 953 999 986 miscere
1016 953 1085 985 iro-

99 1005 176 1037 nias
210 1013 269 1038 aut
298 1005 564 1039 occultationes.
632 1003 788 1048 Ingenua
821 1005 993 1037 confessio
1026 1011 1086 1038 est.

99 1054 286 1089 Pontifices
320 1054 532 1100 Proplietam
566 1056 830 1098 intelligebant,
866 1068 938 1088 non
971 1056 1084 1088 solum

100 1106 279 1140 doctorem
297 1106 503 1149 Evangelii,
525 1109 583 1140 sed
602 1108 872 1150 gubernatorem
890 1107 1085 1150 politicum,

100 1158 220 1202 quales
252 1159 395 1191 suerunt
425 1158 589 1198 Samuel,
623 1156 740 1195 Elias,
777 1157 956 1196 Elisaeus,
993 1157 1087 1190 lere-

99 1209 207 1247 mias,
236 1217 267 1243 et
295 1209 366 1244 alii.
422 1209 598 1242 Volebant
625 1209 764 1249 audire,
792 1221 837 1241 an
867 1208 1085 1252 promitteret

100 1271 134 1292 se
163 1267 450 1303 recuperaturum
482 1260 680 1293 libertatem
706 1259 804 1302 regni
830 1259 984 1302 depulsis
1010 1257 1086 1292 Ro-

101 1311 233 1349 manis,
262 1308 319 1343 hic
342 1312 531 1354 respondet
555 1322 589 1343 se
609 1323 681 1343 non
700 1323 770 1343 esse
788 1308 1021 1354 Prophetam,
1050 1310 1084 1341 id

99 1368 166 1402 est,
206 1361 389 1405 politicum
422 1363 703 1405 gubernatorem.
765 1359 926 1395 Christus
958 1358 1085 1396 Matth.

103 1414 159 1447 ll.
179 1412 281 1453 dicit,
313 1425 392 1446 eum
410 1413 618 1446 antecellere
637 1410 845 1456 Prophetis,
873 1412 954 1457 quia
973 1414 1086 1445 maius

98 1471 149 1500 est
174 1464 328 1497 officium
354 1476 472 1497 vocem
495 1463 680 1506 Evangelii
702 1465 858 1502 tradere,
896 1476 955 1507 per
978 1476 1084 1508 quam

98 1515 220 1551 Iudaei
241 1523 273 1548 et
290 1523 408 1558 gentes
425 1515 607 1549 salvantur
619 1542 627 1555 ,
656 1521 688 1548 et
704 1515 846 1559 quidem
865 1522 983 1558 aperte
1000 1527 1084 1560 gen-

48 1601 53 1603 *
98 1576 148 1603 tes
177 1567 330 1610 recipere
355 1573 387 1600 et
411 1573 606 1600 monstrare
629 1563 829 1606 Christum,
863 1579 967 1611 quam
995 1566 1083 1599 tueri

98 1618 257 1665 politiam
284 1616 543 1658 lsrae'litarum,
571 1624 610 1652 ut
632 1617 784 1650 fecerant
802 1617 965 1657 Samuel,
992 1617 1084 1650 Iere-

98 1671 204 1709 mias,
228 1676 261 1701 et
287 1669 429 1704 similes.
481 1668 576 1701 Haec
601 1675 651 1701 est
668 1668 924 1712 simplicissima
942 1681 1085 1702 enarra-

99 1722 149 1755 tio
172 1721 215 1752 de
230 1717 405 1762 Propheta
430 1719 467 1751 iu
489 1717 556 1752 hoc
574 1720 668 1752 loco:
696 1718 767 1752 Nec
786 1720 863 1753 sine
880 1732 980 1753 causa
1002 1718 1085 1752 haec

98 1776 324 1806 recensentur
349 1770 386 1801 in
410 1775 517 1804 textu.
571 1770 764 1803 Monemur
784 1771 875 1803 enim
902 1772 1084 1804 utdiscer-

99 1829 205 1857 natur
230 1820 465 1853 ministerium
484 1818 670 1862 Evangelii
695 1831 712 1852 a
732 1821 915 1853 vocatione
933 1819 1085 1864 prophe-

98 1875 177 1909 tica.
245 1870 394 1904 Ioannes
433 1882 506 1902 non
541 1870 723 1903 constituit
752 1883 879 1904 novam
915 1872 1086 1915 politiam,

98 1936 171 1959 non
187 1922 275 1967 gerit
293 1921 467 1964 gladium,
495 1933 567 1954 non
585 1922 686 1964 ungit
704 1933 798 1964 reges
815 1935 942 1963 novos,
970 1930 1007 1956 ut
1021 1922 1084 1956 Sa-

97 1976 191 2010 muel
219 1980 252 2007 et
282 1971 460 2010 Elisaeus⁷
496 1973 554 2005 sed
584 1979 721 2006 tantum
756 1986 873 2006 vocem
898 1973 1083 2017 Evangelii

96 2028 218 2067 affert,
246 2036 314 2070 qua
332 2022 426 2057 Deus
443 2021 633 2057 Ecclesiam
652 2024 793 2065 condit,
821 2031 852 2058 et
869 2025 990 2068 recipit
1010 2038 1083 2058 cre-

96 2081 232 2114 dentes.
284 2074 363 2109 Hoc
393 2075 582 2108 discrimen
610 2075 761 2108 retinere
787 2076 938 2109 multum
966 2077 1083 2116 refert,

95 2131 156 2165 sed
180 2127 284 2172 legati
307 2126 566 2168 imaginantur,
594 2127 730 2160 nullam
753 2139 832 2160 eum
858 2128 1081 2162 autoritatem

95 2181 246 2221 habere,
281 2179 309 2211 si
341 2177 517 2221 politicam
543 2189 616 2210 non
641 2176 777 2213 habeat.
849 2177 931 2212 Ideo
958 2187 1080 2213 contu—

95 2233 239 2267 meliose
264 2229 448 2275 inquiunt:
477 2227 549 2262 Cur
573 2229 751 2273 baptizas?
779 2229 808 2262 si
833 2242 896 2262 nec
922 2241 956 2262 es
976 2229 1081 2264 Chri-

95 2292 186 2322 stus,
227 2294 292 2315 nec
328 2279 444 2319 Elias,
486 2292 549 2313 nec
582 2278 783 2324 Propheta?
842 2279 988 2315 Resutat
1024 2295 1082 2316 eos

96 2336 264 2373 Ioannes,
287 2339 320 2366 et
343 2331 514 2374 significat
539 2332 840 2365 enumerationem
867 2344 987 2365 eorum
1008 2346 1080 2367 non

95 2399 166 2422 esse
189 2386 382 2428 integrum:
420 2382 513 2422 Imo,
548 2382 680 2427 inquit,
708 2381 821 2416 habeo
846 2385 1082 2425 autoritatem,

97 2437 229 2473 etiarnsi
256 2448 327 2469 non
354 2431 551 2479 Propheta,
579 2446 654 2467 sum
682 2435 776 2467 enim
801 2434 961 2468 minister
988 2437 1081 2470 vocis

96 2488 294 2532 Evangelii.
344 2485 468 2520 Habeo
493 2485 601 2527 igitur
618 2486 872 2527 ministerium,
900 2499 973 2520 non
991 2488 1081 2531 poli-

97 2541 223 2580 ticum,
251 2540 306 2573 sed
329 2538 422 2583 quod
441 2537 548 2571 servit
564 2549 675 2570 novae
694 2544 725 2571 et
744 2544 904 2571 aeternae
924 2539 1081 2572 iusticiae

96 2599 129 2627 et
150 2592 251 2627 vitae.
302 2589 416 2623 Addit
438 2589 545 2632 igitur
568 2588 699 2622 dictum
718 2586 859 2628 Esaiae,
887 2602 957 2634 quo
975 2590 1081 2624 simul

95 2645 214 2681 docet,
241 2641 341 2687 quale
358 2641 401 2674 sit
420 2651 521 2681 suum
542 2639 796 2681 ministerium,
825 2647 856 2672 et
874 2649 1012 2682 monet,
1042 2650 1081 2676 ut

660 101 958 138 ENARRATIO
989 100 1037 135 IN
1066 98 1248 137 EVANG.
1281 99 1492 137 tOANle.

1558 100 1661 138 CAP.
1691 102 1715 136 Ι.
2076 104 2126 139 42

1140 188 1358 220 audiendum
1394 200 1465 220 esse
1496 187 1770 231 significaverit,
1806 194 1972 233 tanquam
2005 195 2124 222 testem

1140 239 1311 271 adventus
1330 238 1490 272 Messiae.

1255 329 1340 375 Ego
1363 343 1443 363 sum
1470 343 1540 364 sot·
1569 330 1767 365 clamanlt‘s
1794 331 1832 365 in
1858 329 2007 366 dCSel'lo.

1241 404 1380 439 Diserte
1411 407 1459 439 ait
1490 418 1524 439 se
1556 420 1677 440 vocem
1712 421 1800 449 esse,
1835 416 1873 442 ut
1900 409 2068 452 significet
2093 421 2127 442 se

1140 464 1276 490 tantum
1307 455 1436 490 habere
1468 456 1707 490 ministerium
1741 460 1908 499 docendi,
1953 473 2024 492 non
2056 472 2127 493 esse

1140 510 1283 548 ducem,
1308 515 1365 541 aut
1391 508 1573 551 politicum
1598 510 1886 551 gubernatorem,
1923 512 2035 554 qualis
2063 512 2128 544 fuit

1139 559 1281 593 Samuel
1302 566 1333 592 et
1350 557 1518 592 Elisaeus.
1573 558 1719 592 Summa
1738 573 1819 592 vero
1837 562 2034 602 doctrinae,
2066 563 2130 596 etsi

1139 611 1175 642 in
1208 610 1303 643 dicto
1330 608 1454 643 Esaiae
1488 610 1709 651 continetur,
1749 618 1864 644 tamen
1896 613 2128 646 concionibus

1141 661 1284 695 Ioannis
1305 662 1433 694 clarius
1453 673 1610 705 expressa
1629 669 1689 696 est.

1400 751 1537 788 Pctrale
1564 754 1661 789 viam
1686 753 1864 792 Domino.

1243 829 1282 863 Id
1318 837 1385 870 est,
1424 830 1514 873 agite
1547 831 1812 874 poenitentiam.
1882 831 1971 864 Nam
2007 844 2129 876 parare

1140 881 1232 914 viam
1258 889 1307 915 est
1333 881 1490 914 venienti
1515 883 1661 915 domino
1686 895 1758 915 sese
1776 889 1942 928 tanquam
1962 883 2053 916 viam
2070 896 2129 916 ex-

1140 931 1281 971 hibere,
1317 933 1353 965 in
1378 945 1444 977 qua
1468 933 1579 977 excipi
1605 935 1724 978 possit.
1776 933 1825 966 Hi
1849 934 1907 979 qui
1934 935 2129 968 defendunt

1140 997 1198 1017 sua
1221 984 1313 1016 idola
1332 991 1391 1017 aut
1409 984 1475 1016 alia
1497 985 1601 1025 vitia,
1628 997 1699 1017 non
1719 992 1845 1029 parant
1862 986 1953 1017 viam
1972 986 2130 1026 domino,

1139 1036 1196 1068 sed
1221 1043 1339 1068 arcent
1358 1035 1556 1068 venientem
1576 1035 1762 1075 Messinm,
1788 1044 2020 1070 contemnunt
2039 1049 2130 1075 eum,

1140 1099 1213 1119 non
1237 1093 1404 1130 expetunt
1428 1086 1596 1118 beneficia
1623 1087 1714 1126 eius,
1743 1088 1802 1118 sed
1823 1087 1985 1119 derident
2005 1088 2128 1120 remis-

1140 1138 1274 1170 sionem
1299 1144 1521 1184 peccatorum
1545 1143 1577 1169 et
1598 1148 1725 1169 novam
1744 1137 1933 1177 iusticiam,
1962 1150 2000 1170 ac
2021 1139 2128 1171 vitam

1139 1196 1329 1221 aeternam.
1382 1186 1445 1220 Est
1464 1198 1544 1229 ergo
1563 1199 1686 1230 parare
1705 1187 1795 1220 viam
1813 1188 1959 1221 domino
1978 1190 2130 1233 proprie,

1139 1250 1239 1281 agere
1262 1238 1535 1282 poenitentiam,
1568 1250 1756 1282 agnoscere
1780 1246 1936 1283 peccata,
1970 1247 2129 1284 expetere

1140 1289 1337 1322 venientem
1370 1289 1611 1330 liberatorem,
1656 1290 1716 1334 qui
1750 1291 1844 1324 tollit
1874 1292 1964 1324 mala
1999 1300 2129 1325 nostra.

1139 1340 1234 1373 Haec
1260 1341 1305 1374 ita
1331 1341 1555 1373 declarantur
1578 1341 1614 1373 in
1637 1340 1756 1374 Esaia:
1792 1340 1923 1375 Omnis
1947 1355 2028 1375 caro
2054 1344 2126 1375 soe-

1139 1404 1243 1432 num,
1279 1398 1312 1424 et
1343 1392 1459 1424 omnis
1488 1392 1598 1435 gloria
1624 1393 1714 1431 eius,
1750 1393 1850 1437 quasi
1874 1394 1939 1427 flos
1964 1394 2056 1436 agri,
2093 1395 2127 1427 id

1139 1450 1208 1483 est,
1237 1443 1414 1485 agnoscite
1437 1440 1627 1476 humanam
1652 1451 1814 1477 naturam
1839 1445 2030 1478 subiectam
2057 1458 2129 1478 esse

1139 1501 1278 1538 peccato
1306 1501 1338 1527 et
1365 1495 1488 1533 morti,
1517 1507 1581 1528 nec
1599 1507 1698 1538 posse
1716 1496 1860 1529 liberari
1877 1497 2049 1540 sapientia
2069 1505 2129 1530 aut

1139 1545 1276 1579 iusticia
1303 1545 1456 1589 propria.
1511 1545 1632 1589 Quare
1656 1559 1924 1591 expavescamus
1948 1548 2128 1591 agnitione

1138 1604 1337 1630 nostrarum
1361 1597 1603 1637 miseriarum,
1632 1605 1664 1631 et
1690 1598 1904 1642 excipiamus
1927 1599 2127 1633 venientem

1138 1649 1374 1680 liberatorem.
1444 1648 1542 1682 Sicut
1583 1649 1632 1680 ibi
1672 1649 1802 1683 dicitur
1839 1651 1932 1694 apud
1967 1648 2127 1683 Esaiam:

1139 1697 1228 1732 Ecce
1259 1699 1425 1731 dominus
1449 1698 1544 1732 Deus
1564 1699 1601 1732 in
1625 1701 1835 1733 fortitudine
1861 1701 1995 1741 veniet,
2038 1702 2128 1735 sicut

1138 1757 1257 1794 pastor
1280 1761 1416 1792 gregem
1442 1762 1543 1783 sunm
1570 1758 1704 1795 pascet,
1732 1751 1769 1784 in
1792 1750 1938 1785 brachio
1956 1764 2019 1785 suo
2037 1765 2128 1786 con-

1139 1801 1295 1843 gregabit
1325 1812 1456 1843 agnos,
1489 1808 1521 1834 et
1549 1802 1587 1834 in
1612 1802 1690 1835 sinu
1719 1803 1868 1844 levabit,
1904 1810 1938 1837 et
1961 1804 2127 1837 lactentes

1139 1852 1212 1896 ipse
1230 1852 1395 1895 portabit.
1450 1851 1551 1886 Hanc
1569 1854 1775 1887 concionem
1792 1854 2042 1898 interpretatur
2056 1854 2127 1889 Ba-

1138 1903 1261 1946 ptista,
1289 1903 1444 1946 primum
1471 1904 1613 1944 clamat,
1641 1911 1679 1938 ut
1702 1917 1844 1947 agamus
1861 1906 2125 1950 poenitentiam.

1137 1952 1275 1986 Deinde
1299 1961 1470 1987 monstrat
1488 1954 1675 1994 Messiam,
1704 1957 1792 1990 sicut
1814 1955 1870 1990 hic
1887 1957 2018 2002 inquit:
2046 1957 2126 1991 Me-

1138 2005 1217 2038 dius
1242 2011 1398 2038 vestrum
1423 2012 1509 2046 stat,
1544 2013 1607 2040 etc.
1677 2006 1779 2041 Item:
1814 2007 1903 2041 Ecce
1924 2020 2034 2051 agnus
2057 2008 2125 2043 Dei

1136 2055 1196 2100 qui
1215 2056 1308 2089 tollit
1324 2063 1503 2099 peccatum
1520 2058 1657 2091 mundi.
1711 2057 1888 2093 Recitavit
1904 2059 2012 2102 igitur
2026 2061 2126 2095 testi-

1135 2107 1296 2140 monium
1314 2108 1357 2140 de
1376 2108 1558 2142 vocatione
1574 2121 1653 2151 sua,
1681 2117 1714 2144 et
1730 2111 1909 2144 doctrinae
1925 2123 2109 2148 summam.

1432 2202 1518 2249 Ego
1547 2203 1695 2253 baptizo
1717 2218 1832 2254 aqua.

1237 2279 1353 2313 Antea
1385 2281 1538 2314 ostendit
1570 2293 1605 2314 se
1634 2281 1806 2315 divinitus
1838 2283 1880 2315 ad
1904 2280 1969 2316 hoc
1995 2296 2124 2318 munus

1134 2336 1295 2364 vocatum
1321 2343 1412 2372 esse,
1441 2339 1474 2364 et
1498 2332 1706 2374 significavit
1732 2333 1921 2367 discrimen
1946 2346 2018 2367 esse
2041 2347 2123 2368 suae

1134 2382 1346 2423 vocationis,
1374 2389 1405 2415 et
1426 2383 1582 2426 priorum
1601 2381 1871 2428 Prophetarum.
1923 2384 2025 2419 Nunc
2049 2399 2123 2419 ma-

1133 2433 1185 2475 gis
1210 2434 1364 2467 declarat
1388 2434 1575 2467 discrimen
1601 2446 1682 2468 suae
1706 2447 1876 2479 personae
1901 2443 1934 2470 et
1960 2436 2123 2479 Messiae,

1133 2492 1168 2518 et
1191 2482 1259 2518 huc
1278 2486 1439 2518 addenda
1457 2492 1539 2518 sunt
1558 2487 1713 2519 membra
1730 2488 1931 2528 concionis,
1959 2501 2047 2533 quae
2064 2502 2121 2522 ex-

1133 2543 1208 2569 tant
1233 2538 1325 2580 apud
1351 2544 1503 2569 caeteros
1527 2535 1782 2581 Evangelistas.
1852 2538 2001 2572 Messias
2026 2541 2122 2573 solus

1131 2588 1286 2631 baptizat
1301 2587 1436 2631 Spiritu
1456 2595 1574 2621 sancto
1587 2615 1594 2629 ,
1624 2589 1658 2621 id
1677 2597 1745 2628 est,
1772 2590 1864 2623 filius
1881 2590 1947 2623 Dei
1965 2592 2023 2624 dat
2040 2591 2122 2635 Spi-

1131 2639 1237 2671 ritum
1273 2645 1450 2679 sanctum,
1484 2651 1522 2671 ac
1549 2652 1675 2673 novam
1702 2653 1740 2674 ae
1769 2649 1969 2685 perpetuam
1997 2643 2123 2684 lucem,

94 2696 209 2741 ipsum
233 2693 397 2730 audiant,
430 2692 523 2737 quod
549 2691 593 2726 sit
616 2691 663 2730 iS,
699 2704 801 2737 quem
829 2691 876 2724 ihi
903 2690 1078 2738 Propheta
1102 2701 1105 2723 l
1132 2689 1305 2723 iusticiam
1323 2690 1478 2723 etvitam
1497 2691 1601 2724 efficit
1619 2691 1655 2724 in
1674 2693 1917 2733 credentibus,
1946 2701 1977 2727 et
1996 2693 2122 2736 ignem,
