2415 2942
59 115 156 150 1213
288 113 387 148 XIII.

56 213 119 233 nos
135 212 275 245 quoque
295 198 367 233 Deo
385 201 514 244 gratias
532 213 691 241 agamus,
707 207 739 233 et
757 200 947 243 cogitemus
966 213 1037 234 esse
1071 206 1074 224 ¹

56 252 219 284 xictorias
244 259 277 284 et.
299 251 498 294 triumphos
524 252 585 283 filii
607 251 688 293 Dei,

58 303 159 335 botos
183 309 214 334 et
240 314 359 334 eorum
386 314 527 342 organa.

162 352 316 386 Verbum
352 349 598 397 θριαμβὲύειν
628 353 725 386 aiunt
761 353 890 385 factum
927 365 1000 387 esse
1026 366 1044 387 a

55 401 187 449 θρίων,
208 404 239 435 id
262 410 329 443 est,
349 404 472 436 folium
492 403 556 441 fici,
576 403 657 447 qnia
676 403 811 442 dicunt,
830 404 914 436 olim
934 405 1045 438 victo-

57 466 110 487 res
129 461 314 487 coronatos
336 466 407 487 esse
425 454 519 486 foliis
537 454 702 493 ficorum,
731 454 811 498 quia
832 456 976 488 victoria
995 463 1046 490 est

227 503 352 550 'Aussq
373 512 423 538 est
449 516 568 548 margo
594 505 648 537 vel
676 505 895 547 extremitas,
923 512 960 538 ut
986 519 1044 539 co-

56 569 144 589 rona
186 556 348 598 imposita
386 556 492 598 capiti
527 562 586 588 aut
628 556 771 588 caeteris
813 558 1044 592 ornamenti&

57 605 117 640 Est
144 615 258 639 autem
281 607 463 639 dissimilis
488 606 696 649 significatio
715 606 750 639 in
770 608 1044 641 constructione.

56 657 124 690 llic
150 658 283 702 inquit:
321 658 397 700 Ago
428 658 556 700 gratias
581 656 656 689 Deo
681 657 835 690 vincenti
863 666 895 692 et
917 659 1044 691 trium-

55 707 177 752 phanti
199 710 233 740 in
255 709 356 741 nobis
376 721 437 752 per
452 707 646 742 Christum.
699 706 766 740 Hic
786 720 932 751 persona
958 721 1043 741 con-

55 761 174 792 iuncta
202 757 436 803 triumphanti
464 757 691 801 significatur.
746 758 787 792 ln
822 759 1042 792 Colossensi-

55 811 120 843 bus
138 811 353 843 accusativus
371 810 540 852 significat
560 821 743 851 personam
764 808 950 852 hostilem,
976 812 1043 844 du-

54 861 100 895 cit
125 862 161 893 in
189 860 369 904 triumpho
396 861 568 893 diabolos.

718 252 944 298 reprimentis
964 253 1041 285 ‹lia—

59 505 181 540 dulcis,

286 942 418 977 Bonus
442 941 533 977 odor
556 955 683 976 sumus
709 940 804 978 Deo.

155 1012 277 1047 Sumta
309 1021 359 1047 est
392 1010 597 1055 metaphora
624 1024 640 1044 a
666 1013 921 1046 consuetudine
954 1013 1041 1047 offe·
1065 1022 1067 1043 :

53 1064 206 1098 rentium
224 1076 365 1097 accensa
381 1062 502 1103 thura,
531 1075 618 1108 quae
636 1064 751 1096 fumos
771 1064 965 1106 fragrantes
981 1077 1040 1098 ex-

53 1113 187 1148 halant.
243 1114 294 1147 Ac
319 1122 357 1148 ut
381 1115 431 1147 illi
462 1111 591 1148 halitus
622 1114 858 1158 dissipantur,
901 1115 949 1148 sIc
974 1128 1040 1149 no-

54 1218 222 1249 salutares
248 1223 329 1249 sunt
358 1217 416 1256 iis,

54 1280 158 1311 vero,
193 1268 252 1312 qui
289 1276 540 1310 aspernantur,
583 1268 803 1301 annunciant
839 1269 925 1301 iram
962 1268 1038 1305 Dei.

52 1318 191 1352 Diserte
213 1328 327 1352 autem
356 1319 487 1363 inquit:
525 1317 656 1351 Sumus
684 1319 798 1351 bonus
822 1320 910 1352 odor
931 1317 1037 1353 Chri-

18 1367 20 1369 ’
53 1372 114 1408 sti,
143 1370 178 1402 id
195 1377 263 1410 est,
290 1370 477 1402 conciones
503 1377 643 1402 nostrae
667 1376 749 1403 sunt
774 1367 904 1402 halitus
927 1370 1038 1415 sparsi

53 1433 72 1454 3
91 1418 249 1464 Christo,
286 1427 318 1453 et
340 1422 382 1453 de
404 1421 501 1462 ipso,
535 1420 596 1465 qui
622 1427 702 1453 sunt
727 1420 815 1462 grati
841 1419 928 1457 Deo.
986 1421 1038 1454 Ac

54 1479 91 1505 ut
116 1471 394 1504 accommodatio
418 1471 462 1504 sit
486 1470 677 1508 illustrior,
720 1471 824 1514 pinge
852 1471 886 1503 in
920 1479 1038 1506 mente

53 1523 240 1565 imaginem
265 1520 397 1555 Christi
422 1529 588 1565 tanquam
614 1523 741 1554 summi
765 1523 955 1556 sacerdotis
980 1535 1039 1556 co-
1062 1549 1065 1569 3

52 1585 128 1606 ram
153 1579 295 1605 aeterno
325 1579 423 1616 patre
448 1572 627 1605 offerentis
660 1584 801 1605 accensa
833 1571 937 1606 thura
970 1574 1038 1607 late

55 1623 244 1665 fragrantia
272 1629 304 1656 et
329 1621 526 1655 exhalantia
548 1622 674 1656 fumos.
727 1621 802 1655 Hos
830 1621 959 1657 halitus
983 1624 1039 1656 in-

54 1680 268 1717 terpretatur
292 1685 364 1706 esse
392 1686 510 1705 vocem
535 1670 740 1716 Evangelii,
784 1685 873 1718 quae
896 1687 914 1707 a
934 1672 1039 1708 Chri-
1063 1709 1065 1717 Ι

55 1731 107 1758 sto
134 1736 270 1757 summo
295 1725 473 1757 sacerdote
497 1735 559 1766 per
584 1724 677 1766 ipsos
702 1725 896 1767 spargitur,
929 1732 962 1758 et
989 1732 1039 1759 est
1063 1755 1065 1771 ζ

54 1777 193 1815 efficax,
220 1776 302 1819 quia
321 1776 365 1807 ab
390 1775 464 1819 ipso
488 1772 629 1808 Christo
655 1775 788 1814 editur,
817 1788 888 1808 non
909 1783 957 1809 est
973 1773 1039 1809 ho—
1063 1803 1065 1818 ἶ

1063 1819 1065 1842 1
1090 1825 1280 1869 impostor,
1309 1837 1372 1857 nec
1392 1826 1553 1858 doctrina
1578 1825 1693 1858 inanis
1722 1825 1839 1858 fabula
1863 1833 1924 1860 est.

53 1827 192 1860 minum
212 1827 413 1867 inventum,
436 1833 474 1859 ut
491 1828 532 1858 de
550 1825 698 1858 efficacia
715 1826 903 1860 ministerii
921 1827 1037 1860 statim

55 1877 191 1922 prolixe
211 1878 346 1910 dicetur
362 1877 399 1910 in
416 1876 526 1920 capite
544 1877 703 1919 proximo
716 1904 724 1917 ,
745 1878 806 1910 ubi
825 1877 892 1918 ait,
920 1876 1038 1912 Evan-

55 1928 184 1971 gelium
213 1940 285 1961 esse
311 1928 546 1961 ministerium
572 1927 716 1970 spiritus
741 1935 773 1962 et
797 1928 899 1964 vitae.
952 1928 1040 1963 Vult

10 1975 12 2002 l
55 1980 148 2013 enim
174 1980 358 2012 ostendere
383 1980 572 2012 discrimen
605 1979 688 2021 legis
715 1987 746 2012 et
771 1978 972 2023 Evangelii,
1006 1987 1037 2013 et

56 2031 185 2064 refutat
216 2029 553 2075 pseudoapostolos,
595 2031 654 2074 qui
683 2031 791 2063 multa
823 2031 972 2064 futiliter
997 2033 1040 2064 de

11 2078 13 2100 ¹¹
55 2082 129 2124 lege
146 2082 325 2121 dicebant,
354 2082 574 2114 conabantur
592 2081 749 2123 politiam
768 2081 884 2128 Moysi
899 2094 1039 2116 conser-

56 2144 156 2171 vare,
184 2139 219 2165 et
237 2133 414 2175 fingebant
434 2131 593 2165 homines
617 2132 690 2174 lege
716 2133 825 2166 iustos
844 2145 937 2174 esse,
966 2146 1040 2166 non

14 2199 17 2218 z
55 2184 324 2226 intelligebant,
359 2183 395 2215 in
425 2181 619 2225 Evangelio
652 2195 723 2215 non
749 2184 917 2217 constitui
950 2185 1042 2228 poli-

55 2235 139 2269 tiam
164 2232 269 2268 liuius
295 2234 386 2268 vitae
408 2234 582 2274 mortalis,
610 2234 669 2267 sed
694 2234 814 2268 offerri
834 2235 944 2268 filium
963 2235 1042 2277 Dei,

57 2286 117 2331 qui
142 2286 288 2319 remittit
305 2292 338 2319 et
354 2285 469 2319 abolet
490 2292 666 2328 peccatum
684 2292 717 2318 et
735 2293 905 2330 mortem,
935 2293 967 2320 et
987 2299 1040 2320 re-

56 2337 169 2370 stitnit
185 2343 360 2370 aeternam
378 2336 551 2370 iusticiam
568 2343 601 2370 et
619 2335 725 2369 vitam
738 2362 748 2380 ‚
775 2344 813 2371 ut
836 2345 954 2382 postea
982 2351 1042 2372 co·-

19 2427 21 2433 y
57 2388 191 2432 piosius
214 2388 365 2421 dicetur.

230 2470 282 2506 El
302 2470 459 2506 adhaec
480 2473 564 2521 quis
585 2469 777 2517 sufficiens
800 2472 878 2507 est?

160 2539 286 2574 Inserit
324 2543 465 2574 brevem
498 2541 869 2574 commemorationem
905 2542 947 2575 de
980 2553 1041 2575 sua

57 2592 240 2629 fidelitate,
269 2599 386 2636 postea
406 2594 449 2626 de
472 2592 623 2625 efficacia
650 2591 826 2635 loquetur.
879 2591 931 2626 Ac
954 2593 1043 2626 duae

24 2644 25 2647 ’
57 2650 138 2676 sunt
162 2643 374 2682 sententiae,
411 2655 497 2688 quas
520 2650 639 2676 tenere
670 2644 790 2675 ambas
814 2655 953 2677 necesse
982 2651 1043 2678 est.

57 2691 160 2727 Prior
183 2690 268 2727 haec
291 2700 358 2728 est:
399 2695 543 2729 Certum
569 2701 637 2735 est,
663 2693 899 2729 ministerium
920 2693 1041 2729 Evan—

444 116 478 149 4.
506 113 844 150 COMMENTAR,
873 115 922 150 IN
953 115 996 150 lI.
1024 114 1174 151 EPIST.

1070 371 1072 373 >
1097 353 1161 385 bus
1179 359 1238 385 aut
1257 356 1434 396 quuintnlo
1460 356 1669 394 doceantur,

1202 114 1266 149 AD
1295 113 1615 151 CORINTHIOS.
1669 116 1773 151 CAP.
1799 116 1866 152 III.
1997 119 2093 154 1214

1100 201 1181 244 gatii
1207 201 1324 234 efficax
1354 214 1425 234 esse
1448 214 1517 235 uon
1545 203 1699 246 potentia
1729 203 1798 236 ulla
1825 201 1997 243 humana,
2025 207 2083 238 sed

1098 252 1241 288 divina,
1271 260 1307 285 ut
1330 261 1445 295 postea
1471 253 1620 286 dicetur.

1199 300 1267 334 Hic
1284 303 1375 336 dicat
1392 304 1538 347 aliquis:
1567 301 1664 336 Nihil
1690 304 1797 346 igitur
1820 305 1940 349 refert,
1971 318 1987 338 a
2005 307 2083 351 qni-

1703 357 1731 387 si
1752 354 1903 388 litnnana
1925 358 2083 400 potentizt

1098 401 1187 435 nibil
1208 404 1301 444 agit?
1354 403 1445 436 IIuic
1463 405 1652 437 olniectioni
1674 409 1860 448 respondet
1878 408 1983 440 altera
2003 420 2083 440 sen-

1097 454 1224 494 tentia,
1261 466 1349 498 qnae
1381 452 1435 487 liic
1467 456 1649 488 recitatur:
1685 454 1834 489 Etiamsi
1859 458 2008 491 efficacia
2033 466 2082 492 est

1095 504 1216 538 diviua
1230 532 1238 544 ,
1257 512 1372 538 tamen
1393 517 1456 537 nos
1475 513 1612 548 oportet
1629 507 1747 539 fideles
1767 519 1838 540 esse
1856 508 1890 540 in
1911 510 2082 548 docendo,

1096 555 1130 588 id
1162 562 1231 595 est,
1275 568 1394 588 vocem
1429 554 1613 598 Evangelii
1647 557 1886 600 incorruptam
1924 561 2081 599 tradere,

1095 605 1185 639 sicut
1214 606 1249 638 in
1282 606 1399 649 priore
1431 605 1588 649 Epistola
1617 607 1726 640 dicit:
1776 607 1851 642 Huc
1877 611 2081 654 requiritur,

1095 663 1132 689 ut
1151 657 1268 690 fideles
1286 657 1405 690 simus.
1451 657 1498 690 lta
1520 655 1574 689 liic
1592 657 1725 702 inquit:
1754 659 1902 692 Affirmo
1921 673 1975 693 me
1995 662 2079 694 fide-

1094 708 1161 740 lem
1188 720 1277 748 esse,
1307 709 1431 741 docere
1456 708 1530 740 sine
1556 709 1763 752 corruptelis
1787 711 1949 742 traditam
1969 724 1986 743 a
2005 711 2080 744 Deo

1094 759 1309 797 doctrinam,
1338 765 1369 791 et
1392 759 1466 802 ipso
1492 765 1577 791 toste
1601 766 1633 793 et
1657 767 1834 803 spectante
1858 773 1974 794 meum
2000 774 2080 794 cur-

1093 821 1170 842 sum
1208 816 1239 842 et
1272 810 1414 843 iuvante
1449 808 1602 844 Christo.
1662 810 1744 844 Non
1781 811 1909 844 misceo
1942 812 2080 846 veritati

1093 872 1198 904 prava
1218 861 1399 902 dogmata,
1425 861 1514 894 sicut
1538 872 1712 904 caupones
1733 862 1814 895 vina
1838 871 2080 906 corrumpunt.

1093 911 1174 944 Non
1207 911 1351 944 inflecto
1388 912 1569 945 veritatem
1599 913 1642 944 ad
1677 913 1820 946 affectus
1860 912 2081 955 ludaeorum,

1092 961 1153 1006 qui
1179 962 1357 996 somniant
1382 974 1526 1005 reguum
1556 963 1755 1004 politicum,
1782 975 1854 996 non
1880 966 1923 997 ad
1949 964 2078 999 iudicia

1093 1012 1260 1054 rationis,
1289 1025 1377 1058 quae
1404 1020 1500 1056 putat
1528 1014 1602 1053 tege
1629 1014 1705 1047 tolli
1731 1021 1931 1059 peccatum,
1961 1023 1992 1049 et
2016 1027 2079 1049 nec

1093 1063 1203 1106 legem
1239 1076 1303 1098 nec
1338 1064 1511 1098 iusticiam
1546 1062 1728 1108 Exangelii
1768 1073 1858 1099 recte
1901 1067 2077 1109 intelligit.

1063 1101 1066 1164 l
1090 1112 1148 1147 Ah
1182 1112 1246 1148 hac
1279 1115 1615 1149 commemoratione
1639 1118 1682 1149 de
1710 1128 1770 1149 sua
1795 1117 1961 1150 fidelitate
1988 1118 2078 1151 redit

53 1174 142 1199 strae
162 1166 348 1198 conciones
373 1166 408 1198 in
427 1177 552 1208 genere
572 1163 728 1198 hnmano
747 1174 978 1209 sparguntur,
1006 1173 1040 1201 et

455 1217 512 1261 qui
540 1228 595 1248 eas
624 1216 691 1248 fide
723 1217 919 1260 accipiunt,
960 1218 1064 1265 aliis,

1090 1166 1132 1198 ad
1157 1165 1300 1199 alteram
1324 1167 1531 1200 sententiam
1558 1167 1600 1199 de
1625 1167 1794 1208 efficacia,
1830 1175 1862 1202 et
1886 1169 1928 1201 de
1954 1169 2079 1201 discri-

1090 1216 1185 1249 mine
1211 1217 1295 1260 legis
1320 1224 1352 1251 et
1374 1217 1570 1260 Evangelii.

1467 1359 1603 1412 Caput
1641 1360 1716 1401 111.

1191 1468 1243 1501 De
1271 1475 1344 1502 tuto
1372 1480 1435 1501 suo
1459 1468 1677 1507 ministerio,
1713 1469 1755 1501 de
1778 1468 1944 1502 fidelitate
1980 1476 2011 1503 et
2036 1471 2079 1503 de

1088 1520 1239 1553 efficacia
1261 1526 1425 1561 provocat
1451 1519 1553 1552 initio
1574 1523 1616 1551 ad
1639 1519 1878 1553 testimonium
1900 1520 2077 1563 ipsorum:

1090 1569 1164 1603 Vos
1187 1570 1282 1603 scitis
1307 1582 1423 1602 meum
1449 1570 1685 1603 ministerium
1710 1571 1816 1603 fuisse
1840 1571 1957 1604 efficax
1985 1571 2076 1604 inter

1090 1633 1172 1661 vos,
1206 1621 1286 1664 quia
1305 1628 1337 1653 et
1357 1620 1523 1653 miracula
1543 1621 1697 1661 vidistis,
1732 1628 1764 1655 et
1788 1632 1848 1654 vos
1870 1621 1934 1665 ipsi
1959 1623 2075 1656 ornati

1090 1672 1171 1705 estis
1197 1672 1299 1704 donis
1325 1670 1478 1714 Spiritus
1501 1672 1629 1710 sancti,
1671 1674 1765 1705 dono
1791 1672 2002 1713 curationis,
2043 1680 2077 1707 et

1091 1724 1187 1756 dono
1212 1722 1435 1765 linguarum,
1471 1723 1627 1755 sensistis
1651 1724 1738 1757 etin
1763 1724 1928 1756 cordibus
1954 1724 2077 1757 vestris

1091 1773 1357 1807 conversionem
1385 1780 1417 1806 et
1438 1774 1726 1808 consolationem.
1781 1773 1876 1817 Ergo
1901 1787 1972 1808 non
1996 1787 2076 1808 sum

1192 1875 1232 1909 ln
1257 1873 1320 1908 hac
1352 1876 1568 1919 praefatione
1597 1876 1678 1910 facit
1704 1876 1920 1910 mentionem
1953 1889 2076 1911 causae

1090 1927 1291 1967 efficientis,
1311 1927 1373 1959 ubi
1392 1927 1574 1960 manifesta
1596 1928 1805 1960 asseveratio
1822 1935 1889 1968 est,
1917 1940 2004 1973 quae
2025 1929 2077 1961 af-

1092 1979 1224 2018 firmat,
1261 1978 1496 2010 ministerium
1522 1977 1707 2020 Evangelii
1734 1990 1805 2011 esse
1828 1979 1967 2019 efficax,
2003 1991 2077 2012 non

1093 2027 1257 2062 humanis
1276 2029 1429 2070 viribus,
1465 2030 1522 2062 sed
1544 2030 1621 2063 Deo
1641 2030 1716 2073 ipso
1734 2038 1958 2064 convertente
1974 2037 2006 2063 et
2023 2030 2077 2062 vi-

1093 2079 1254 2113 vificante
1278 2081 1394 2115 corda.
1456 2079 1533 2112 Hoc
1557 2080 1796 2113 testimonium
1824 2082 2075 2124 opponendum

1093 2138 1143 2164 est
1168 2132 1287 2164 multis
1312 2131 1501 2169 erroribus,
1555 2131 1627 2164 Alii
1652 2132 1831 2165 somniant
1855 2132 1890 2164 in
1916 2130 2076 2175 Evange-

1093 2182 1180 2215 lium
1208 2194 1279 2215 esse
1304 2182 1451 2215 otiosam
1479 2183 1736 2221 narrationem,
1772 2190 1803 2216 et
1829 2181 1919 2215 nihil
1943 2184 2076 2217 efficere

1093 2245 1260 2278 usquam,
1303 2241 1335 2266 et
1368 2235 1519 2276 cogitant
1549 2234 1690 2265 inanem
1719 2245 1790 2266 esse
1824 2234 1979 2266 laborem
2012 2236 2077 2267 do-

1094 2284 1197 2318 cendi
1221 2291 1254 2317 et
1280 2285 1438 2317 discendi
1464 2284 1667 2326 Evangelii,
1694 2292 1727 2317 et
1752 2285 1884 2317 nullam
1908 2297 1980 2317 esse
2004 2284 2076 2318 Ec—

1095 2335 1247 2369 clesiam.
1300 2334 1393 2369 Huic
1412 2336 1608 2379 pernicioso
1631 2336 1739 2368 errori
1760 2337 1971 2379 opponenda
1995 2342 2079 2370 sunt

1096 2386 1206 2420 multa
1230 2386 1321 2420 dicta
1342 2384 1407 2419 hoc
1426 2389 1501 2419 loco
1529 2395 1561 2419 ct
1585 2386 1680 2418 alibi.
1734 2386 1825 2419 Sunt
1841 2393 1957 2419 autem
1979 2399 2080 2431 prae-

1097 2438 1219 2480 cipua:
1259 2435 1428 2471 Iohannis
1448 2437 1524 2472 20:
1554 2436 1652 2470 Sicut
1678 2437 1772 2470 misit
1796 2449 1851 2470 me
1876 2445 1991 2480 pater,
2031 2438 2081 2471 sic

1096 2501 1159 2530 ego
1183 2489 1284 2522 mitto
1313 2501 1384 2522 v.os
1440 2488 1668 2521 Manifestum
1688 2496 1737 2521 est
1755 2494 1892 2527 autem,
1926 2489 1988 2521 filii
2009 2489 2077 2520 mi-

1096 2539 1279 2574 nisterium
1309 2540 1415 2572 fuisse
1447 2540 1578 2573 efficax.
1630 2538 1693 2572 Est
1725 2539 1833 2582 igitur
1857 2546 1889 2573 et
1913 2539 2078 2583 deinceps

1095 2591 1213 2624 efficax
1234 2603 1295 2635 per
1318 2591 1423 2630 alios,
1452 2591 1495 2622 ab
1516 2591 1591 2634 ipso
1619 2597 1677 2622 aut
1695 2591 1860 2623 mandato
1885 2590 1994 2633 ipsius
2016 2602 2079 2622 vo-

1095 2650 1201 2676 catos.
1257 2639 1426 2675 Iohannis
1448 2639 1521 2676 15.:
1550 2640 1626 2682 Ego
1645 2641 1731 2683 elegi
1752 2653 1812 2674 vos
1831 2648 1861 2674 et
1879 2641 1978 2684 posui
2003 2652 2078 2681 VOS,

1095 2700 1133 2728 ut
1157 2704 1219 2727 vos
1242 2693 1326 2726 eatis
1351 2700 1383 2726 et
1407 2693 1559 2726 fructum
1584 2692 1720 2733 feratis,
1755 2698 1787 2725 et
1807 2692 1941 2725 fructus
1965 2698 2079 2726 vester
