2415 2942
119 91 217 130 1525

116 178 205 214 Item
228 179 264 215 2.
285 177 450 216 Corinth.
474 177 530 214 5.:
571 178 899 225 Superinduemur,
935 181 963 214 si
993 188 1111 214 tamen

115 243 192 264 non
227 231 319 265 nudi
349 231 579 276 reperiemur.
644 231 750 273 Item,
783 230 914 267 Matth.
939 231 991 267 5.:
1033 232 1111 265 Nisi

114 282 352 316 abundaverit
376 283 515 317 iusticia
540 289 654 316 vestra
681 283 761 328 plus
778 295 884 329 quam
903 283 1110 318 Scribarum

116 339 151 367 et
176 331 473 375 Pharisaeorum,
506 345 582 367 non
611 334 791 368 intrabitis
817 346 966 378 regnum
993 335 1109 368 coelo-

112 396 206 420 rum.
259 384 332 418 Nec
354 391 514 430 pugnant
533 382 637 430 haec,
655 384 755 419 Nova
774 385 1034 429 obedientiafin
1053 387 1107 419 iu-

112 435 260 470 stificato
280 436 474 470 necessaria
492 444 561 478 est,
589 443 623 470 et
648 444 765 471 tamen
781 449 855 470 non
873 444 922 471 est
941 437 1106 470 meritum

112 486 168 520 vel
185 486 339 530 pretium
357 488 448 521 vitae
463 494 646 529 aeternae,
674 488 757 532 quia
782 500 967 534 nunquam
988 490 1024 522 in
1045 486 1108 521 hac

111 537 185 571 vita
203 537 273 580 legi
288 537 355 571 Dei
371 539 617 579 satisfacimus,
640 545 673 572 et
691 551 874 584 nunquam
892 552 1012 573 sumus
1031 540 1108 573 sine
1133 567 1136 585 ,

112 595 274 633 peccato,
301 589 396 623 iuxta
422 589 512 624 illud
540 591 571 624 1.
590 587 808 635 lohann.¹1.:
844 590 883 624 Si
904 591 1108 631 dixerimus,
1133 590 1135 598 ⁴

113 641 208 685 quod
234 647 413 683 peccatum
440 653 514 674 non
540 638 730 682 habemm,
764 643 949 675 mendaces
974 654 1106 676 sumuS.
1132 647 1135 687 ξ

112 689 218 724 Fides
235 691 344 734 igitur
360 692 501 726 intuens
520 692 632 725 filium
646 691 725 734 Dei,
754 690 858 726 habet
875 701 1003 727 certam
1021 705 1106 726 con·

111 742 342 784 solationem,
376 750 411 777 et
435 744 499 777 scit
523 750 556 777 te
583 741 768 777 haeredem
795 756 868 777 esse
887 745 976 779 vitae
992 751 1106 778 aeter-

111 805 177 826 nae
195 801 340 838 propter
355 795 521 828 meritum
547 795 611 827 filii
626 793 713 836 Dei,
737 802 769 828 et
787 807 849 840 per
868 796 1003 840 ipsum,
1032 807 1105 828 non

110 851 256 889 propter
276 852 374 878 tuum
391 846 569 881 meritum.

213 895 263 929 Ita
289 895 423 929 Paulus
447 894 505 930 hic
529 909 657 930 novam
681 897 921 931 obedientiam
946 908 1105 931 necessa-

111 948 200 981 riam
222 958 294 980 esse
312 948 506 990 significat,
533 960 606 981 non
631 949 707 982 vult
734 961 806 982 esse
827 949 1006 983 meritum.
1060 947 1105 982 Et

111 999 205 1032 inter
232 998 381 1032 virtutes
410 1011 523 1032 novae
555 999 778 1033 obedientiae
804 1007 961 1034 recenset
989 1000 1104 1033 officia

112 1050 356 1088 oeconomica,
385 1050 558 1084 iusticiam
576 1057 607 1084 et
625 1051 830 1094 patientiam
846 1052 882 1084 iu
902 1051 1104 1085 commuui-

110 1102 177 1134 bus
216 1101 396 1134 aerumnis
430 1102 571 1141 matris,
611 1114 701 1147 quae
731 1103 862 1136 multae
893 1109 926 1136 et
956 1114 1103 1145 magnae

111 1158 203 1185 sunt.
257 1152 428 1187 Nominat
445 1160 559 1187 autem
581 1150 643 1186 has
667 1153 833 1192 virtutes,
862 1155 1000 1187 labores
1024 1165 1103 1197 par·
1128 1173 1132 1214 Ι

110 1210 166 1237 tus
191 1209 225 1237 et
247 1204 483 1244 educationis,
519 1205 641 1244 fidem,
669 1204 917 1246 dilectionem,
950 1205 1104 1238 sanctifi-
1128 1220 1131 1234 ι

108 1255 282 1288 cationem
301 1262 334 1289 et
350 1257 571 1289 modestiam.
628 1255 749 1288 Fidem
774 1257 1006 1289 necessariam
1031 1267 1104 1288 esse

108 1306 146 1339 in
165 1306 332 1339 omnibus
349 1307 575 1341 manifestum
595 1314 663 1347 est,
692 1314 723 1340 et
747 1305 804 1340 hic
823 1308 993 1350 cogitetur
1014 1307 1104 1340 inte-

109 1369 169 1400 gra
186 1351 347 1391 doctrina
364 1359 407 1391 de
424 1358 511 1398 fide,
539 1370 627 1403 quae
649 1365 700 1391 est
726 1358 853 1391 fiducia
880 1358 1104 1403 acquiescens

109 1409 147 1441 in
173 1409 245 1442 filio
268 1407 358 1449 Dei,
393 1415 425 1442 et
452 1410 625 1452 accipiens
650 1415 794 1453 propter
815 1422 895 1442 eum
919 1409 1025 1452 gratis
1049 1421 1103 1441 re-

333 91 434 129 XIII.
489 91 525 128 7.
553 90 854 130 ENARRATIO
879 92 1034 130 EPIST.
1063 90 1270 130 PRIORIS
1297 90 1365 128 AD
1394 90 1724 129 TIMOTHEUM.
1780 92 1886 129 CAP.
1912 93 1963 130 11.

1136 183 1142 247 l

1131 809 1134 829 e
1159 795 1356 841 prohiberi.

109 1460 313 1493 missionem
345 1467 589 1503 peccatorum,
630 1460 903 1503 imputationem
934 1460 1103 1500 iusticiae‚

107 1523 226 1545 veram
261 1511 539 1545 consolationem
564 1518 597 1544 et
621 1511 912 1553 vivificationem,
946 1522 1015 1556 qua
1048 1511 1105 1543 in-
1128 1534 1130 1552 ξ

109 1568 232 1596 coatur
251 1563 291 1594 in
315 1562 419 1594 nobis
443 1563 626 1596 renovatio
647 1569 790 1606 propter
814 1563 927 1595 filium
950 1561 1035 1599 Dei,
1072 1568 1104 1594 et

110 1625 174 1658 per
189 1625 280 1646 eum.
336 1611 431 1645 Haec
454 1619 570 1646 autem
595 1613 679 1645 fides
702 1613 842 1646 assidue
866 1613 903 1645 in
929 1613 1027 1645 omni
1047 1613 1102 1644 in-

110 1665 314 1704 vocatione,
342 1663 380 1695 in
398 1664 564 1696 omnibus
580 1664 746 1707 periculis
762 1665 952 1696 exercenda
973 1670 1043 1702 est,
1072 1670 1104 1696 ct

110 1728 189 1749 eum
215 1727 255 1748 ea
284 1712 539 1761 comprehendi
563 1714 794 1757 intelligimus
810 1714 917 1759 Spem
944 1721 976 1747 et
995 1713 1103 1747 Tole-
1128 1740 1130 1745 ,

108 1767 260 1801 rantiam
274 1793 282 1807 ,
308 1773 464 1810 utsupra
484 1767 526 1798 de
545 1765 746 1809 precatione
764 1766 896 1799 dictum
917 1772 976 1799 est.
1030 1763 1104 1798 Ha·
1128 1777 1131 1807 ζ

109 1830 188 1852 rum
210 1818 382 1851 virtutum
407 1817 570 1849 exercitia
600 1823 682 1850 sunt
708 1816 915 1860 praecipuae
939 1816 1103 1849 consola-
1128 1810 1129 1835 3

108 1870 223 1903 tiones
241 1869 277 1901 in
295 1875 366 1901 tota
392 1865 456 1901 hac
479 1868 569 1909 vita,
596 1869 639 1900 de
663 1868 791 1913 quibus
815 1867 946 1901 dicitur
970 1865 1102 1911 Philip.

111 1921 161 1956 4.:
189 1920 259 1954 Pax
282 1918 348 1953 Dei
370 1920 542 1962 gubernet
561 1920 666 1952 corda
687 1925 812 1954 vestra.
856 1917 943 1952 Item
963 1918 1130 1959 Psalmogy

114 1971 212 2008 124:
241 1970 313 2014 Qui
332 1970 515 2004 confidunt
532 1971 568 2003 in
588 1969 763 2011 Domino,
791 1970 880 2003 sicut
896 1982 997 2003 mons
1015 1969 1102 2003 Sion

112 2036 187 2058 non
205 2022 444 2056 movebuntur
463 2022 499 2054 in
517 2029 713 2055 aeternum.

213 2073 367 2107 Dilectio
385 2073 475 2106 sicut
491 2073 575 2106 alibi
600 2073 773 2116 significat
790 2071 1015 2105 dilectionem
1035 2071 1103 2104 Dei
1128 2084 1130 2120 ⁴}

112 2134 146 2161 et
163 2124 334 2170 proximi,
363 2131 395 2158 et
415 2122 682 2166 comprehendit
703 2123 865 2156 timorem
884 2130 916 2157 et
933 2122 1103 2155 obedien·
1128 2135 1130 2171 Ξ

110 2179 195 2212 tiam
214 2187 293 2219 erga
310 2174 437 2208 Deum.
494 2176 637 2209 Deinde
662 2175 700 2207 in
723 2174 914 2207 dilectione
940 2174 1103 2218 proximi,
1127 2187 1130 2224 3

110 2230 150 2263 in
165 2226 429 2261 matrefamilias
449 2227 561 2270 prima
577 2226 689 2259 virtus
708 2232 757 2259 est
773 2226 916 2259 dilectio
935 2225 1053 2258 mariti
1071 2233 1103 2259 et
1127 2258 1130 2286 Ι

112 2280 258 2319 sobolis,
274 2278 401 2311 lenitas
423 2278 544 2317 animi,
567 2290 610 2310 ne
629 2277 811 2310 iracundia
828 2284 860 2310 et
877 2276 974 2309 rabie
993 2276 1102 2320 ipsius

111 2333 171 2365 fiat
185 2331 285 2365 triste
303 2329 521 2372 coniugium,
540 2328 611 2362 Nec
630 2329 850 2361 abalienetur
869 2328 935 2360 viri
953 2328 1101 2363 animus.
1126 2341 1129 2367 g

1129 1668 1131 1678 ³
1157 1663 1247 1697 hanc
1268 1664 1390 1704 vitam,
1419 1664 1535 1695 sinon
1553 1662 1684 1695 fuerint
1704 1663 1877 1698 conversi.

2070 97 2167 132 1826

1169 180 1293 215 matris
1313 178 1514 224 Baptistae,
1542 176 1727 214 Elisabeth
1744 177 2001 224 Thuringicae.
2062 180 2161 224 Item,

1163 229 1349 266 Elizabeth
1367 232 1498 265 sororis
1509 230 1630 266 Caroli
1643 259 1652 273 ,
1681 243 1770 277 quae
1785 232 1853 266 fuit
1870 240 1980 278 nupta
1998 233 2071 276 regi
2088 231 2160 267 Da-

1165 283 1265 325 nieo,
1294 290 1327 317 et
1343 295 1457 316 comes
1476 283 1663 316 exiliorum
1686 289 1720 316 et
1734 295 1943 327 magnarum
1967 295 2157 317 aerumna—

1163 347 1241 367 rum
1269 334 1380 375 socia,
1421 346 1484 368 nec
1510 334 1623 368 voluit
1649 346 1797 378 regnum
1822 335 1976 380 recipere
1999 336 2157 369 oblatum

1163 397 1237 419 sine
1258 394 1396 419 marito.

1265 436 1504 471 Sanctificatio
1523 433 1644 480 phrasi
1662 433 1812 470 hebraea
1832 449 1935 482 saepe
1961 438 2157 472 castitatem

1160 489 1344 532 significat,
1362 495 1400 521 ut
1418 488 1550 531 primae
1560 485 1894 522 Thessalonicenses
1914 488 1966 524 4.;
1994 488 2090 523 Haec
2107 497 2157 523 est

1161 540 1324 573 voluntas
1341 539 1407 572 Dei
1430 539 1656 572 sanctificatio
1681 546 1813 580 vestra,
1847 546 1887 573 ut
1910 541 2116 574 abstineatis
2138 553 2158 576 a

1161 591 1383 630 scortatione,
1409 598 1442 624 et
1460 590 1635 633 possideat
1654 591 1802 635 quisque
1820 602 1881 623 vas
1899 602 2002 624 suum
2020 592 2058 624 in
2075 603 2158 625 san-

1160 642 1371 677 ctificatione
1389 648 1422 675 et
1440 639 1588 675 honore.
1643 639 1732 674 Cum
1756 647 1871 674 autem
1893 653 1998 686 supra
2016 643 2158 683 dixerit,

1132 692 1135 708 ²
1160 694 1325 727 mulieres
1344 693 1515 736 pariendo
1534 692 1646 725 salvas
1669 692 1743 725 fieri
1756 719 1764 731 ,
1790 699 1924 726 constat
1942 705 2013 725 non
2033 691 2156 737 prohi-

1159 745 1235 778 beri
1271 743 1562 777 consuetudinem
1603 743 1844 786 coniugalem,
1892 744 1951 776 sed
1984 744 2157 778 adulteria

1419 794 1490 827 lam
1526 792 1583 827 hic
1611 794 1765 837 cogitent
1794 794 1908 827 bonae
1934 802 2089 835 mentes,
2125 802 2158 829 et

1159 848 1388 881 necessariam
1415 853 1447 879 et
1474 845 1632 889 pulcram
1658 845 1822 879 virtutem
1852 856 1924 878 esse
1948 847 2153 886 castitatem,

1131 908 1133 918 ’
1159 911 1247 945 quae
1266 905 1316 932 est
1330 898 1385 930 vel
1412 898 1449 929 in
1469 896 1633 940 coniugio
1653 896 1708 929 vel
1734 897 1770 928 in
1795 897 1867 929 vita
1892 897 2025 930 coelibe
2044 898 2156 931 vitare

1159 962 1281 984 omnes
1303 947 1503 995 prohibitas
1528 947 1815 988 commixtiones,
1843 954 1877 981 et
1903 948 2047 981 seminis
2070 960 2155 993 pro-

1157 1003 1324 1035 fusiones.
1386 998 1437 1033 Ac
1461 1000 1504 1031 de
1527 999 1731 1032 necessitate
1753 1010 1912 1042 expresse
1936 999 2070 1032 dictum
2094 1007 2156 1039 est,

1161 1055 1194 1087 1.
1213 1049 1376 1087 Corinth.
1393 1051 1447 1084 6.;
1475 1050 1526 1083 ΝΞ
1546 1050 1687 1089 erretis,
1713 1058 1922 1084 scortatores
1945 1057 1978 1083 et
2001 1051 2153 1084 adulteri

1158 1117 1230 1137 non
1256 1103 1488 1148 possidebunt
1514 1113 1660 1144 regnum
1684 1099 1762 1135 Dei.
1822 1100 1930 1141 Item,
1967 1100 2082 1137 Galat.
2101 1099 2152 1137 5.:

1159 1156 1231 1199 Qui
1264 1155 1349 1188 talia
1374 1154 1528 1195 faciunt,
1553 1164 1700 1195 regnum
1724 1150 1790 1185 Dei
1814 1164 1887 1185 non
1910 1153 2154 1196 possidebunt.

1158 1207 1266 1243 Item,
1295 1207 1338 1238 ad
1355 1204 1554 1238 Heln-,125
1587 1204 1672 1237 Sine
1699 1203 1995 1244 sanctificatione,
2031 1204 2065 1237 id
2094 1210 2156 1246 est,

1157 1260 1313 1291 castitate
1328 1268 1432 1288 nemo
1450 1256 1568 1288 Deum
1587 1254 1733 1288 videbit.

1259 1307 1330 1340 Nec
1347 1314 1484 1340 tautum
1504 1312 1665 1338 aeternae
1683 1317 1816 1348 poenae
1835 1307 2050 1339 comitantur
2068 1306 2154 1339 libi-

1158 1360 1258 1392 dines
1284 1359 1321 1390 in
1355 1356 1429 1398 his,
1464 1357 1525 1402 qui
1551 1368 1624 1389 non
1650 1363 1926 1395 convertuntur,
1961 1358 2019 1390 sed
2047 1358 2152 1391 etiam

1156 1416 1357 1455 praesentes
1375 1420 1507 1452 poenae
1525 1408 1561 1440 in
1581 1405 1645 1441 hac
1663 1408 1733 1441 vita
1758 1415 1790 1442 et
1807 1420 1995 1441 conversos
2021 1415 2056 1442 et
2079 1420 2154 1442 non

1157 1472 1346 1495 conversos
1369 1460 1595 1503 opprimunt,
1630 1470 1833 1503 quanquam
1860 1459 2038 1493 conversis
2054 1459 2154 1493 miti-

1157 1519 1303 1556 gantur,
1336 1518 1375 1544 ut
1406 1511 1559 1542 ostendit
1584 1510 1782 1553 exemplum
1806 1509 1965 1543 Davidis.
2019 1508 2066 1543 Et
2093 1522 2153 1544 ex-

1158 1575 1272 1607 presse
1291 1562 1422 1595 dictum
1442 1568 1492 1594 est
1512 1560 1620 1594 Hebr.
1643 1561 1718 1595 13.:
1756 1559 1975 1594 Scortatores
1999 1568 2032 1595 et
2049 1562 2154 1595 adul·

1157 1621 1250 1647 teros
1266 1613 1435 1646 iudicabit
1454 1611 1567 1651 Deus,
1597 1611 1727 1645 scilicet
1747 1618 1778 1644 et
1796 1612 1833 1644 in
1852 1609 1916 1645 hac
1932 1613 2002 1646 vita
2020 1619 2053 1646 et
2075 1619 2154 1657 post

1931 1662 2069 1697 Iudicat
2089 1676 2154 1697 au-

1158 1723 1225 1749 tem
1244 1715 1338 1749 Deus
1355 1715 1549 1759 aliquando
1574 1714 1794 1751 immediate,
1823 1714 1911 1747 sicut
1929 1715 2020 1747 delet
2038 1714 2154 1749 Sodo-

1158 1779 1233 1805 ma,
1270 1767 1307 1799 in
1332 1778 1401 1811 quo
1433 1765 1591 1808 exemplo
1623 1765 1893 1808 diligentissime
1923 1766 2152 1799 consideran-

1157 1820 1241 1851 dum
1260 1824 1330 1857 est,
1365 1817 1462 1849 illam
1494 1814 1709 1849 horrendam
1744 1816 1985 1849 executionem
2018 1829 2153 1861 poenae

1157 1871 1199 1902 ab
1216 1870 1291 1913 ipso
1309 1869 1379 1901 filio
1397 1867 1463 1900 Dei
1490 1867 1582 1907 fieri,
1611 1868 1671 1911 qui
1696 1867 1733 1899 in
1757 1879 1797 1900 eo
1815 1867 1941 1900 itinere
1959 1865 2084 1912 hospes
2102 1875 2153 1902 est

1155 1918 1340 1958 Abrahae,
1364 1920 1426 1953 ubi
1445 1926 1561 1962 postea
1581 1925 1692 1951 textus
1710 1918 1840 1963 iuquit:
1870 1917 2152 1953 PluitDominus

1156 1972 1272 2014 ignem
1292 1978 1324 2005 et
1340 1968 1491 2014 sulphur
1514 1982 1531 2002 a
1548 1969 1701 2003 Domino
1719 1981 1822 2014 super
1837 1967 2010 2012 Sodoma,
2039 1969 2150 2004 Gene.

1162 2022 1218 2057 19.
1252 2023 1456 2067 Aliquando
1476 2021 1577 2065 punit
1597 2022 1747 2054 mediate
1765 2033 1826 2064 per
1843 2021 1989 2065 imperia
2013 2028 2047 2055 et
2065 2022 2152 2055 alias

1156 2075 1388 2112 calamitates,
1432 2080 1470 2106 ut
1503 2072 1682 2105 Antonius
1720 2073 1868 2116 punitur
1900 2073 1944 2106 ab
1978 2071 2150 2116 Augusto.

1157 2125 1246 2159 Sunt
1265 2133 1381 2158 antem
1399 2132 1431 2157 et
1447 2124 1715 2164 magistratuum
1742 2124 1917 2166 legitimae
1941 2136 2072 2167 poenae
2096 2125 2152 2157 iu-

1155 2177 1240 2210 dicii
1258 2176 1390 2215 divini,
1418 2188 1481 2208 nec
1497 2175 1646 2207 dubium
1671 2182 1719 2208 est
1738 2186 1840 2217 vagas
1866 2175 2033 2208 libidines
2058 2176 2152 2208 mul-

1155 2235 1270 2261 torum
1297 2228 1494 2271 ingentium
1514 2226 1689 2259 bellorum
1706 2233 1739 2259 et
1757 2238 1963 2268 magnarum
1983 2227 2152 2260 vastatio-

1128 2288 1129 2291 ’
1155 2292 1239 2312 uum
1263 2292 1382 2313 causas
1406 2290 1496 2318 esse,
1524 2284 1562 2310 ut
1588 2278 1780 2310 ostendunt
1806 2275 1991 2310 historiae:
2019 2290 2100 2310 nam
2119 2284 2153 2311 et

1155 2331 1248 2363 inter
1265 2330 1394 2363 diluvii
1419 2341 1538 2362 caussis
1556 2329 1591 2361 iit
1608 2329 1740 2361 mentio
1766 2328 1971 2363 libidinum.
2025 2328 2150 2362 Postea

112 2383 219 2424 Item,
246 2381 442 2421 Patientia,
470 2392 513 2413 ne
537 2380 701 2413 maritum
726 2380 761 2411 in
791 2380 936 2412 adversa
959 2379 1100 2411 fortuna
1125 2385 1128 2434 j
1155 2389 1347 2415 narrantur
1368 2381 1470 2414 exitia
1492 2380 1687 2416 Sodomae,
1718 2379 2000 2417 Cananaeorum,
2027 2386 2059 2413 et
2078 2380 2151 2412 sere

112 2436 259 2467 deserat.

113 2484 366 2518 defraudatrix.
436 2482 522 2516 Item
555 2483 598 2516 sit
632 2482 784 2515 benefica
812 2493 891 2523 erga
920 2493 1100 2525 pauperes,

113 2536 189 2569 Hae
208 2536 355 2569 virtutes
372 2546 494 2567 omnes
521 2534 710 2567 dilectione
739 2530 1101 2576 comprehenduntur,

113 2595 147 2621 et
165 2587 318 2620 discerni
337 2592 482 2629 possunt
502 2586 659 2629 inspecto
673 2583 859 2627 Decalogo.
916 2583 1024 2617 Fiunt
1042 2597 1105 2616 au-

112 2646 182 2671 tem
209 2638 319 2681 magis
343 2637 572 2680 conspicuae,
612 2648 691 2669 cum
723 2635 880 2679 exempla
913 2636 1104 2676 intuemur,

314 2431 402 2465 Item
427 2432 470 2464 sit
493 2432 582 2465 iusta
609 2432 644 2463 in
671 2432 929 2473 contractibus,
967 2431 1101 2464 nonsit
1125 2436 1128 2462 l
1153 2433 1262 2466 totius
1285 2433 1399 2466 tribus
1428 2431 1638 2467 Beniamin,
1674 2430 1854 2474 Principes
1881 2432 2149 2474 suspenduntur

1154 2485 1192 2516 in
1211 2486 1346 2517 deserto
1361 2511 1369 2522 ‚
1407 2481 1621 2515 adulterium
1640 2480 1788 2513 Davidis
1812 2488 1925 2514 secuta
1945 2489 1994 2515 est
2012 2481 2150 2521 seditio,

1157 2534 1314 2568 Graecae
1331 2533 1498 2567 historiae
1515 2533 1637 2575 plenae
1653 2540 1735 2566 sunt
1759 2533 1998 2575 exemplorum
2011 2559 2020 2571 ,
2047 2532 2152 2565 Siba-

1130 2590 1133 2626 ζ
1158 2587 1224 2626 ris,
1249 2585 1414 2624 Thebae,
1443 2584 1606 2628 Spartae:
1635 2590 1666 2616 ct
1685 2595 1779 2616 nunc
1795 2584 1935 2623 Africa,
1963 2581 2058 2623 Asia,
2080 2581 2150 2615 Ae-

1130 2628 1132 2639 ’
1157 2645 1303 2682 gyptus,
1332 2636 1453 2681 Syria,
1482 2633 1642 2671 Graecia,
1671 2641 1753 2667 sunt
1770 2641 1830 2667 aut
1849 2634 2068 2671 solitudines,
2091 2640 2151 2667 aut

111 2696 151 2723 ut
169 2688 293 2729 Sarae,
318 2688 482 2731 Abigass,
512 2689 637 2721 viduae
657 2686 893 2730 Sareptanae,
917 2684 1102 2721 Elizsbeth
1128 2726 1132 2732 Ι
1156 2696 1243 2722 tetra
1260 2687 1497 2721 Bzrbarorum
1518 2685 1654 2718 stabula
1678 2685 1752 2718 sinc
1775 2683 1959 2726 Ecclesiis,
1992 2684 2067 2717 sine
2091 2684 2142 2717 lc-
