2415 2942
301 138 374 173 419
876 129 1000 165 PlltL.
1028 128 1142 166 MEL.
1172 129 1379 167 semem
1407 130 1703 168 exanimem
2244 133 2319 171 420

407 219 584 263 Septimus
613 217 710 249 locus
739 216 782 248 ‹le
817 221 928 249 matre
959 216 1204 250 commendata
1231 214 1290 250 lo—
1343 219 1476 253 duntur
1501 224 1697 263 praecepta,
1724 221 1764 250 ut
1777 213 1907 250 Psalm.
1925 214 2003 251 41.:
2038 214 2167 251 Beatus
2189 219 2249 263 qui
2267 219 2323 252 in-

308 272 430 306 hanni.
458 269 546 302 Nam
572 267 691 300 multis
716 266 794 299 aliis
812 267 970 310 partibus
986 265 1092 300 huius
1109 265 1290 307 historiae,
1343 270 1468 313 telligit
1491 281 1595 313 super
1620 279 1767 311 egenum
1790 272 1823 300 et
1847 277 2052 311 pauperem,
2087 267 2125 300 in
2152 269 2208 302 die
2233 270 2322 303 mala

309 323 389 367 qnia
406 321 524 353 minus
542 319 709 351 obscurae
727 324 806 350 sunt
818 341 827 356 ,
843 329 915 350 non
937 318 1064 351 addam
1084 318 1292 363 interpreta-
1343 321 1508 354 liberabit
1525 332 1603 353 eum
1621 318 1808 353 Dominus,
1861 315 1938 350 Hoc
1953 325 2177 362 praeceptum
2195 319 2324 352 Psalmi

310 374 454 409 tionem,
482 377 520 403 ut
539 381 660 402 omnes
677 368 883 411 intelligunt
899 380 960 412 per
978 381 1168 402 sarcasmos
1184 369 1292 413 signi-
1343 372 1563 405 conseramus
1588 371 1629 403 ad
1671 367 1762 402 hanc
1798 367 1987 411 imaginem
2004 395 2013 409 ,
2056 369 2095 402 in
2133 381 2203 415 qua
2232 371 2324 404 lucet

310 423 403 456 ficari
421 420 601 455 audaciam
620 427 651 452 et
677 420 810 452 furores
829 417 1090 464 hypocritarum
1111 427 1143 453 et
1157 418 1292 464 Epicu·
1344 418 1585 470 φιλοστοργία
1608 418 1761 460 Christi,
1800 429 1873 452 non
1904 418 2018 452 sotum
2050 430 2130 462 erga
2163 428 2323 462 matrem,

310 485 450 507 reorum
464 499 472 513 ,
497 471 594 503 omni
616 478 769 510 tempore
788 470 1035 513 superbissime
1053 471 1291 505 deridentium
1345 476 1401 507 sed
1429 474 1531 507 etiam
1557 483 1634 513 erga
1654 470 1853 504 universam
1870 466 2073 504 Ecclesiam.
2126 469 2215 503 Nam
2239 483 2321 516 pro-

311 523 510 563 Christum,
538 521 788 562 mangonum,
823 528 856 555 et
880 519 1086 555 Ecclesiam.
1147 521 1215 555 Per
1239 522 1292 555 di-
1345 532 1422 569 pter
1446 535 1509 557 nos
1533 523 1568 556 sit
1591 520 1676 555 hacc
1704 519 1844 564 publica
1868 519 2126 554 commendatio
2151 521 2213 554 tali
2236 529 2323 555 tem-

313 575 487 607 visionem
516 573 689 609 vestiunt,
725 579 798 605 tum
844 569 1034 605 haereticos
1065 573 1294 607 dilacerantes
1347 587 1447 618 porr,
1475 582 1506 608 et
1526 571 1685 608 Christus
1701 582 1821 605 revera
1845 570 1962 614 diligit
1985 577 2024 604 ut
2045 577 2190 604 matrem
2216 578 2324 606 totam

312 623 562 668 Evangelium,
590 630 620 656 et
643 623 735 655 varie
756 623 915 656 ludentes
933 623 1034 657 dictis
1049 621 1194 664 Christi,
1219 630 1294 657 tum
1346 624 1555 664 Ecclesiam,
1584 636 1625 658 ex
1653 634 1720 668 qua
1746 620 1908 655 assumsit
1934 627 2097 654 naturam
2123 619 2326 665 humanam,

313 688 397 709 vero
419 675 522 708 etiam
538 674 624 707 alios
649 674 794 717 impios,
823 680 859 707 ut
878 673 1075 712 lulianum,
1103 681 1135 707 et
1152 674 1294 712 similes,
1346 678 1439 721 quod
1466 683 1515 710 est
1539 675 1761 708 manifestum
1787 678 1821 707 et
1848 677 1981 706 certum
2003 672 2244 707 testimonium
2269 674 2325 706 in-

315 727 376 772 qui
403 725 581 759 facultates
605 722 798 765 Ecclesiae,
842 725 970 769 quibus
1000 724 1179 758 ministros
1211 731 1295 758 tunc
1347 728 1458 770 gentis
1476 727 1604 759 amoris
1624 736 1701 768 erga
1717 734 1792 756 nos.

315 778 359 810 ali
389 787 524 809 necesse
542 782 636 814 erat,
664 782 874 818 rapuerunt,
904 776 959 807 sed
981 772 1034 808 his
1053 775 1210 816 omissis,
1239 775 1296 808 di·
1448 776 1604 811 Octavus
1621 777 1717 809 locus
1743 780 1793 807 est
1815 772 1997 817 sepultura
2012 769 2163 814 Christi,
2189 773 2233 807 de
2258 785 2327 818 qua

317 840 389 861 cam
410 829 451 860 de
469 833 577 859 matre
594 827 835 859 commendata
854 823 1016 858 Iohanni.
1350 829 1535 872 praecipue
1566 834 1703 870 tempus
1733 824 1986 859 consideretur.
2060 821 2224 858 Christus
2253 831 2326 859 toto

418 877 577 910 Primum
603 873 658 908 hic
684 876 875 918 cogitemus
892 876 935 908 de
952 876 1017 908 fide
1035 881 1067 909 et
1084 875 1295 909 fortitudine
1348 879 1491 912 sabbato
1509 878 1610 912 estin
1633 876 1804 920 sepulcro.
1857 873 1932 907 Etsi
1949 880 2052 919 typus
2070 874 2207 909 sabbati
2230 882 2327 909 vete-

315 929 454 968 matris,
481 927 583 969 longe
599 933 737 969 superat
755 927 864 959 robur
891 923 1086 959 humanum
1112 924 1196 959 haec
1222 927 1295 960 for·
1348 930 1396 962 ris
1421 929 1528 962 multa
1562 928 1752 971 significat,
1782 932 1898 959 tamen
1924 925 2028 958 etiam
2058 924 2149 958 hanc
2174 925 2328 971 quietem

315 980 450 1018 titudo,
482 977 577 1021 quod
603 977 698 1010 adest
722 983 833 1010 mater
856 977 1040 1020 spectatrix
1066 977 1190 1010 talium
1213 989 1296 1022 sup·
1320 961 1324 1042 ἰ
1350 980 1413 1013 filii
1435 978 1499 1012 Dei
1519 980 1554 1011 in
1573 978 1732 1022 sepulcro
1750 975 1966 1019 significavit.
2019 974 2122 1008 Tunc
2136 977 2230 1009 enim
2247 988 2327 1010 vere

315 1029 502 1074 pliciorum
528 1027 612 1070 filii,
641 1034 674 1060 et
698 1039 770 1060 non
794 1027 1010 1070 extinguitur
1035 1028 1166 1061 dolore.
1223 1027 1295 1061 Nec
1349 1030 1482 1075 quievit
1502 1029 1596 1063 Deus
1613 1027 1767 1061 mirabili
1784 1027 1913 1069 mod0,
1939 1037 2018 1059 cum
2036 1025 2095 1059 illa
2118 1033 2243 1060 natura
2260 1024 2329 1060 hu-

315 1080 481 1114 credibile
514 1086 564 1112 est
593 1078 702 1111 ullam
729 1084 875 1111 matrem
903 1078 939 1110 in
969 1085 1042 1112 toto
1075 1089 1201 1121 genere
1227 1076 1292 1112 hu-
1349 1093 1469 1121 mana,
1511 1080 1567 1113 cui
1593 1079 1691 1112 unita
1715 1083 1766 1110 est
1791 1076 1931 1116 divina,
1965 1076 2145 1109 verissime
2167 1077 2330 1115 moritur.

315 1143 420 1164 mano
455 1129 521 1164 tale
554 1128 788 1172 spectaculum
818 1129 971 1172 perferre
1009 1129 1162 1173 potuisse
1177 1154 1187 1169 ,
1236 1136 1296 1163 aut
1348 1130 1437 1164 Nam
1461 1137 1499 1164 ut
1517 1130 1642 1164 Petrus
1664 1127 1797 1172 inquit:
1822 1123 1984 1160 Christus
2004 1138 2124 1170 passus
2141 1133 2192 1161 est
2213 1139 2328 1170 carne,

315 1193 425 1226 posse.
485 1180 632 1213 Necesse
656 1186 705 1212 cst
730 1179 837 1222 igitur
864 1179 900 1211 in
923 1191 960 1212 ea
983 1191 1145 1223 magnam
1171 1180 1295 1221 lucem,
1348 1183 1407 1215 sed
1433 1189 1549 1215 tamen
1572 1181 1705 1214 interea
1729 1177 1850 1211 divina
1872 1183 1997 1210 natura
2021 1176 2196 1211 humanae
2227 1179 2328 1214 unita

315 1239 349 1266 et
371 1242 537 1274 magnum
562 1231 672 1263 robur
695 1230 775 1262 fidei
800 1229 916 1263 fuisse.
976 1230 1188 1264 Meminerat
1210 1242 1296 1264 con-
1348 1233 1499 1278 quievit,
1522 1239 1561 1265 ut
1579 1231 1648 1275 pati
1667 1236 1698 1262 et
1717 1227 1807 1261 mori
1825 1225 1978 1260 humana
2005 1234 2138 1270 posset,
2163 1228 2252 1264 sicut
2269 1231 2326 1264 in-

315 1290 453 1330 ceptum
468 1309 476 1322 ‚
503 1288 605 1314 norat
622 1278 877 1324 Prophetarum
903 1281 1158 1324 praedictiones
1175 1281 1218 1314 de
1240 1292 1295 1315 sa·
1348 1284 1424 1329 quit
1450 1282 1630 1316 lrenaeus:
1665 1279 1742 1313 Hoc
1766 1284 1834 1319 est,
1868 1289 1941 1310 non
1965 1278 2099 1311 exeruit
2122 1289 2202 1311 suas
2224 1280 2329 1322 vires,

315 1333 444 1367 crificio
461 1331 628 1371 Messiae,
665 1338 697 1364 et
724 1331 848 1364 melius
873 1343 929 1364 eas
953 1331 1171 1374 intelligebat
1189 1344 1294 1376 quam
1349 1335 1407 1367 sed
1442 1333 1598 1366 obedivit
1630 1337 1770 1364 aeterno
1811 1328 1904 1373 patri
1944 1327 1982 1360 in
2017 1326 2083 1361 hac
2120 1326 2330 1368 humilitate.

315 1383 496 1427 Apostoli,
512 1382 684 1424 cogitabat
702 1381 942 1415 resuscitatum
958 1381 1148 1421 Lazarum,
1176 1389 1209 1416 et
1227 1383 1294 1415 alia
1349 1384 1481 1417 Verum
1508 1390 1557 1416 est
1582 1382 1694 1424 enim,
1730 1386 1763 1413 et
1786 1389 1922 1422 semper
1946 1378 1992 1411 ita
2018 1379 2138 1412 docuit
2161 1379 2328 1426 Ecclesia,

315 1434 482 1478 exempla.
548 1431 631 1465 Ideo
658 1432 788 1465 sciebat
810 1430 875 1465 hoc
898 1432 1105 1465 sacrificium
1130 1432 1193 1465 filii
1222 1433 1295 1465 sin-
1348 1442 1508 1467 naturam
1535 1433 1692 1466 divinam
1717 1441 1780 1463 nec
1803 1441 1823 1462 a
1848 1440 1994 1472 corpore
2015 1427 2168 1470 Christi,
2201 1442 2265 1464 nec
2285 1434 2330 1467 ab

313 1485 426 1529 gulari
451 1491 483 1518 et
506 1483 737 1516 inenarrabili
763 1483 909 1515 consilio
936 1481 999 1516 Dei
1026 1483 1119 1522 fieri,
1161 1490 1193 1517 et
1220 1495 1292 1517 esse
1348 1485 1463 1517 anima
1482 1483 1696 1522 discessisse,
1723 1480 1825 1513 etiam
1847 1486 1923 1523 post
1945 1486 2103 1514 mortem.
2157 1478 2240 1515 Ideo
2259 1482 2331 1516 Da-

315 1533 450 1580 λύτρον
470 1546 532 1578 pro
553 1540 625 1567 toto
644 1545 767 1576 genere
791 1531 960 1567 humano.
1013 1532 1084 1566 Nee
1101 1533 1218 1567 minus
1240 1534 1296 1567 lu-
1350 1547 1530 1568 mascenus
1565 1533 1701 1578 inquit:
1742 1530 1849 1573 Quod
1877 1529 1983 1562 semel
2017 1531 2178 1564 assumsit
2214 1529 2332 1580 λόγος,

314 1588 414 1630 gebat
439 1584 576 1629 generis
599 1582 746 1617 humani
773 1591 929 1627 peccata,
964 1595 1069 1627 quam
1094 1583 1204 1627 ipsius
1230 1584 1295 1617 filii
1349 1597 1531 1630 nunquam
1556 1591 1674 1628 postea
1698 1581 1849 1620 dimisit,
1876 1591 1939 1612 nec
1962 1590 1981 1612 a
2006 1592 2172 1624 corpore,
2199 1595 2262 1617 nec
2285 1587 2330 1618 ab

313 1642 483 1678 mortem,
528 1636 587 1668 sed
612 1635 648 1667 in
675 1632 729 1667 his
755 1634 937 1667 doloribus
961 1634 1196 1667 obediendum
1223 1646 1296 1668 esse
1349 1637 1465 1669 anima
1483 1633 1615 1669 Christi
1632 1643 1788 1677 unquam
1808 1636 1964 1674 separata
1981 1637 2031 1664 est
2055 1632 2175 1665 divina
2204 1641 2328 1668 natura

312 1686 388 1721 Deo
422 1691 551 1724 norat,
596 1692 629 1719 et
655 1685 855 1729 expectabat
885 1684 1188 1718 resuscitationem
1221 1685 1296 1721 filii.
1321 1698 1323 1701 ·
1350 1687 1411 1719 filii
1430 1685 1497 1719 Dei
1515 1692 1592 1730 post
1619 1682 1887 1721 assumtionem,
1915 1687 2078 1715 ettamen
2101 1695 2220 1717 revera
2243 1682 2329 1719 haec

313 1737 355 1770 ln
380 1736 464 1770 haec
483 1743 543 1770 tuo
566 1736 659 1769 bona
683 1736 837 1773 obiecta,
865 1735 900 1767 id
927 1742 996 1775 est,
1023 1735 1059 1767 in
1077 1736 1295 1769 voluntatem
1353 1749 1520 1782 persona,
1555 1747 1644 1781 quae
1675 1739 1725 1767 est
1747 1730 1926 1772 Christus,
1965 1740 2103 1766 mortua
2137 1740 2206 1776 est,
2248 1736 2330 1780 quia

313 1788 379 1823 Dei
398 1795 430 1822 et
448 1787 748 1820 resuscitationem
766 1786 916 1819 intuenti
936 1786 1018 1827 fide,
1035 1786 1295 1831 aliquantulum
1321 1802 1324 1836 ¹
1350 1788 1466 1821 anima
1491 1799 1510 1821 a
1539 1796 1683 1830 corpore
1700 1789 1855 1827 separata
1877 1788 1945 1823 est,
1971 1783 2061 1818 sicut
2075 1790 2187 1818 textus
2203 1786 2330 1830 inquit,

313 1839 509 1872 leniebatur
554 1838 759 1881 magnitudo
805 1836 950 1872 doloris.
1024 1835 1298 1871 Meminerimus
1322 1850 1324 1865 ι
1350 1836 1480 1873 Mattb.
1499 1838 1575 1873 27.:
1603 1836 1766 1871 Clamans
1781 1844 1864 1866 voce
1881 1844 2025 1876 magna,
2052 1835 2236 1877 expiravit.
2270 1836 2329 1871 ln-

311 1897 426 1923 autem
446 1886 512 1922 hoc
528 1888 724 1933 exemplum
749 1888 786 1920 in
811 1888 941 1921 nostris
964 1887 1232 1928 afflictionibus,
1259 1894 1298 1922 ut
1352 1897 1444 1923 terea
1473 1888 1606 1934 quievit
1638 1892 1763 1919 natura
1796 1884 1915 1916 divina
1945 1884 2044 1918 unita
2071 1893 2103 1918 et
2135 1886 2273 1930 corpori
2296 1894 2330 1922 et

314 1940 553 1973 obedientiam
594 1946 627 1972 et
670 1939 773 1972 fidem
826 1945 1000 1982 praestare
1047 1950 1113 1971 nos
1157 1950 1298 1984 quoque
1350 1941 1498 1973 animae.
1566 1938 1666 1971 Haec
1693 1946 1818 1968 areana
1841 1934 2011 1977 sapientia
2036 1935 2072 1968 in
2096 1935 2165 1969 vita
2186 1944 2326 1971 aeterna

314 1991 499 2025 discamus.
1350 1991 1515 2023 discenda
1543 1989 1628 2027 erit,
1667 1997 1761 2018 nunc
1783 1990 1822 2017 ut
1844 1984 1995 2018 traditur
2025 1985 2062 2018 in
2086 1987 2213 2028 verbo,
2253 1999 2327 2020 am-

416 2039 579 2074 Secundo
599 2046 699 2084 typus
721 2037 779 2073 bic
803 2039 1061 2079 consideretur,
1085 2038 1173 2073 sicut
1191 2036 1297 2072 Chri·
1322 2040 1325 2108 i
1350 2041 1531 2084 plectenda
1550 2046 1599 2073 est
1616 2038 1701 2075 fide,
1728 2047 1791 2068 nec
1814 2041 1929 2079 potest
1953 2042 2012 2069 aut
2028 2037 2237 2080 cogitatione
2262 2035 2329 2072 hu-

315 2098 387 2126 stus
415 2097 561 2124 matrem
587 2088 737 2123 Iohanni
771 2090 1056 2130 commendavit,
1102 2089 1148 2122 ita
1175 2088 1297 2122 Eccle-
1350 2103 1453 2123 mana
1483 2085 1757 2132 comprehendi,
1792 2092 1851 2118 8¹11
1873 2086 2037 2129 explicari
2062 2087 2189 2122 verbis.
2257 2088 2326 2122 Sed

318 2143 404 2175 siam
421 2141 587 2174 omnibus
600 2141 683 2184 piis,
711 2147 745 2173 et
763 2142 947 2184 praecipue
965 2139 1170 2173 doctoribus
1185 2146 1217 2172 et
1233 2150 1297 2181 gu-
1322 2127 1325 2156 ¹
1351 2139 1437 2174 haec
1464 2140 1670 2173 admiranda
1694 2137 1793 2182 quies
1815 2136 1851 2168 in
1875 2143 1987 2170 morte
2011 2143 2044 2171 et
2071 2138 2248 2182 sepulcro,
2276 2147 2327 2173 est

314 2192 561 2226 bernatoribus
578 2193 810 2225 commendat.
850 2190 995 2234 Semper
1011 2189 1111 2222 multi
1132 2197 1163 2223 et
1180 2189 1297 2232 magui
1350 2191 1548 2225 ohedientia
1566 2191 1602 2223 in
1618 2200 1745 2222 arcano
1761 2186 1825 2220 Dei
1843 2187 1989 2220 consilio
2008 2188 2163 2227 decreta,
2190 2200 2278 2234 quae
2293 2197 2326 2224 et

316 2244 454 2276 dolores
471 2250 552 2276 sunt
567 2241 763 2281 Ecclesiae,
791 2242 825 2274 id
842 2248 892 2275 est
916 2241 1055 2284 piorum
1082 2247 1114 2272 et
1138 2240 1295 2273 imbecil-
1322 2249 1324 2284 ζ
1349 2254 1449 2275 causa
1467 2242 1533 2275 fuit
1552 2248 1584 2275 et
1600 2238 1806 2281 significatio
1823 2238 1960 2271 suturae
1981 2240 2265 2279 resurrectionis,
2292 2248 2326 2275 et

316 2294 423 2334 lium,
459 2305 538 2326 nam
563 2300 595 2327 et
619 2293 775 2326 dissidiis
805 2293 1004 2335 dogmatum
1033 2291 1224 2331 laceratur,
1263 2298 1296 2325 et
1350 2293 1454 2326 nobis
1486 2290 1569 2325 haec
1598 2290 1760 2323 miranda
1793 2288 1911 2335 quies,
1951 2288 1988 2321 id
2017 2296 2085 2329 est,
2126 2289 2324 2324 obedientia

317 2344 423 2377 sentit
447 2350 678 2389 tyrannorum
706 2343 896 2376 saevitiam.
969 2340 1037 2374 Hic
1062 2341 1111 2384 pii
1136 2343 1296 2374 doctores
1322 2377 1323 2390 χ
1350 2343 1479 2377 meruit
1512 2340 1833 2376 reconciliationem
1861 2345 1893 2372 et
1920 2338 2027 2372 vitam
2052 2346 2247 2381 aeternam,
2292 2348 2325 2375 et

319 2402 442 2428 sanent
459 2395 690 2437 ambigenteS,
708 2401 767 2427 aut
783 2400 948 2431 errantes,
967 2392 1212 2436 praemuniant
1230 2392 1296 2425 im-
1320 2408 1323 2434 ς
1348 2402 1502 2427 nostram
1525 2400 1692 2431 mortem,
1718 2401 1806 2435 quae
1823 2389 1944 2422 fuisset
1959 2400 2013 2422 res
2028 2389 2206 2428 damnata,
2243 2391 2326 2426 fecit

318 2445 467 2488 peritos,
502 2445 709 2478 confirment
734 2443 944 2486 imbecilles,
981 2444 1143 2476 evolvant
1167 2443 1295 2476 obscu—
1320 2445 1322 2458 ¹
1347 2445 1416 2478 iam
1446 2444 1616 2489 quietem,
1649 2441 1722 2474 Deo
1746 2440 1957 2483 placentem,
1993 2446 2026 2472 et
2053 2439 2120 2473 ίῑθῐ·
2149 2442 2193 2474 ad
2218 2441 2324 2475 vitam

317 2506 374 2528 ras
405 2501 438 2528 et
466 2494 643 2528 intricatas
675 2495 922 2540 quaestiones,
961 2506 1005 2527 ne
1035 2491 1196 2527 homines
1228 2494 1294 2525 im·
1347 2503 1535 2529 aeternam.
1596 2493 1680 2527 Sine
1696 2488 1836 2524 Christo
1859 2490 1989 2523 mortui
2015 2487 2176 2524 homines
2198 2491 2326 2526 iacuis-

317 2544 430 2589 pliciti
463 2545 741 2579 dubitationibus
771 2545 931 2579 incidant
962 2547 996 2577 in
1026 2544 1294 2588 desperationes.
1346 2553 1437 2586 sent,
1464 2552 1499 2579 et
1516 2545 1629 2577 iacent
1646 2543 1681 2575 in
1698 2541 1855 2580 inferno,
1882 2541 1941 2573 sed
1959 2540 2148 2575 morientes
2165 2542 2202 2575 in
2219 2540 2325 2576 Chri-

318 2595 476 2629 Audiant
501 2602 534 2628 et
560 2596 608 2639 pii
633 2596 807 2640 principes
830 2596 940 2629 filium
956 2595 1022 2629 Dei
1047 2595 1084 2628 in
1103 2595 1175 2637 ipsa
1193 2606 1292 2628 cruce
1346 2603 1398 2630 sto
1418 2597 1600 2629 iacuerunt
1624 2600 1655 2627 et
1683 2593 1795 2625 iacent
1820 2591 1856 2624 in
1875 2591 2033 2634 sepulcro
2052 2589 2196 2627 Christi.
2249 2592 2324 2626 Imo

318 2645 602 2684 concionantem,
630 2654 667 2680 nt
690 2647 761 2679 suis
784 2647 906 2679 officiis
931 2653 1075 2679 matrem
1101 2645 1291 2678 Ecclesiam
1343 2659 1408 2680 nos
1428 2657 1550 2680 omnes
1568 2645 1682 2679 statim
1707 2648 1892 2687 postquam
1920 2642 1957 2674 in
1982 2639 2045 2675 bac
2068 2642 2137 2676 vita
2161 2644 2250 2676 facta
2273 2650 2323 2677 est

318 2697 476 2738 foveant,
505 2702 685 2738 tueantur,
713 2696 844 2731 iuvent.
896 2696 947 2730 De
963 2696 1027 2730 hac
1044 2708 1081 2730 re
1097 2707 1197 2740 saepe
1220 2702 1291 2730 tra·
1344 2697 1526 2731 conversio
1549 2697 1592 2730 ad
1611 2694 1742 2734 Deum,
1769 2692 1920 2728 iacemus
1945 2692 1983 2725 in
2001 2693 2160 2738 sepulcro
2177 2691 2322 2735 Christi,
