2415 2942
255 105 329 141 779

257 207 317 228 sno
334 191 469 227 theatro
487 187 660 225 auserunt,
685 182 933 228 praedicantur
950 194 968 216 a
987 181 1101 222 malis,
1117 193 1241 215 arnan-

258 254 313 278 tur
331 256 347 275 a
369 240 518 283 regibus,
535 247 686 281 quorum
706 234 864 267 serviunt
879 233 1144 277 cupiditatibus.
1172 231 1243 266 Sed

257 293 411 327 orandus
435 295 485 323 est
511 287 623 326 Deus,
657 293 694 319 ut
717 282 784 318 hoc
808 295 917 328 genus
947 281 1241 329 sycophantarum

258 343 434 386 reprimat.

361 390 536 426 Nicander
561 388 605 422 ait
621 415 630 428 ‚
660 396 769 430 genus
793 396 866 419 esse
890 391 1113 428 serpentum,
1147 383 1244 429 quod

258 443 409 488 appellat
425 436 749 476 llaemorrhoidas‚
775 443 857 470 sunt
881 444 996 469 autem
1014 436 1156 478 exiguae
1183 435 1245 467 be-

259 495 400 532 stiolae,
427 491 534 526 unius
552 488 772 532 longitudine
788 487 897 532 pedis,
924 487 984 519 sed
1003 485 1129 519 veneni
1149 490 1245 517 tanta
1268 491 1271 519 ἶ

260 546 312 577 vis
334 550 404 583 est,
444 549 483 576 ut
505 542 549 574 ab
574 541 643 573 illis
666 539 734 572 icto
758 539 866 572 sudor
892 543 1054 581 erumpat
1082 542 1247 568 cruentus
1270 546 1271 551 ¹

261 603 334 630 toto
359 604 524 637 corpore,
551 598 591 625 ut
617 603 657 624 ex
680 601 761 630 ore,
795 588 959 628 naribus,
992 587 1158 626 auribus,
1184 597 1244 618 ve-

261 648 328 679 sica
358 645 452 686 large
479 642 631 687 profluat
654 641 816 682 sanguis,
844 646 882 673 ut
909 638 1116 681 sanguineas
1134 637 1248 680 lacry-

262 708 335 729 mas
358 695 518 728 extillent
541 692 654 732 oculi,
683 698 721 724 ut
741 692 860 724 ardeat
879 687 1079 721 incredibili
1107 686 1248 718 inflam-

262 747 417 780 matione
436 751 548 777 totum
565 753 701 786 corpus.
754 740 871 773 Huius
887 738 1024 780 generis
1041 737 1150 770 bestia
1168 747 1246 768 cum

263 799 301 830 in
320 797 477 841 Aegypto
502 798 656 826 necasset
676 790 888 824 Nauclerum
905 787 1079 825 Helenae,
1108 785 1249 820 heroica

264 847 391 880 mulier
416 845 501 888 pede
534 844 630 876 illam
655 840 843 880 contrivit,
884 839 980 872 unde
1001 845 1033 871 et
1062 837 1246 882 posteritas

263 893 588 931 Haemorrhoidum
613 892 751 925 dicatur
767 890 964 924 claudicare
988 888 1114 922 amissa
1135 888 1248 933 spina.

263 949 374 982 Porro
391 952 537 979 eventus
559 943 731 982 ostendit,
757 940 849 975 hanc
874 952 1003 974 novam
1023 937 1250 983 sophisticam

265 996 610 1042 interpretandarum
665 993 898 1027 traditionum
949 1002 1124 1024 venenum
1178 1001 1251 1022 esse

264 1061 336 1082 non
378 1046 549 1081 dissimile
590 1041 928 1078 Haemorrhoidum.
1006 1041 1145 1074 lndocti
1188 1039 1252 1074 etsi

265 1106 347 1132 sunt
379 1097 482 1131 nobis
526 1096 664 1137 infesti,
707 1103 823 1128 tamen
867 1092 1057 1137 pertinacia
1100 1097 1134 1124 et
1168 1091 1250 1123 odio

268 1155 436 1194 pugnant,
460 1160 532 1180 uon
557 1153 715 1190 pugnant
740 1145 944 1179 autoritate:
977 1144 1061 1176 istae
1078 1141 1253 1175 Haemor-

266 1201 407 1233 rlioides
443 1205 587 1242 propter
623 1197 805 1230 doctrinae
840 1195 1065 1237 opinionem,
1110 1199 1253 1237 propter

265 1249 496 1294 sophismata,
523 1255 557 1281 et
581 1254 619 1280 ut
643 1254 743 1280 vocat
763 1246 910 1288 Paulus,
938 1251 1080 1288 propter
1102 1243 1252 1287 speciem

266 1301 476 1344 sapientiae,
503 1305 585 1332 sunt
612 1298 648 1330 in
666 1297 919 1335 admiratione,
946 1296 1095 1328 incitant
1112 1295 1248 1326 animos

267 1358 447 1395 potentum
475 1351 517 1382 ad
545 1348 814 1392 opprimendam
843 1348 1036 1378 veritatem.
1092 1343 1170 1377 Hoc
1194 1356 1252 1375 ve-

267 1414 357 1435 neno
387 1400 522 1433 accensi
551 1399 742 1443 principes,
769 1397 926 1429 ss.·mmas
946 1395 1019 1428 odii
1038 1394 1253 1437 concipiunt,

269 1456 356 1485 tiuut
381 1451 516 1484 cruenti
543 1457 575 1482 et
599 1450 755 1482 furenter
778 1448 945 1481 crudeles.
999 1445 1068 1479 Sed
1093 1442 1254 1478 Christus

270 1516 339 1536 uon
365 1502 457 1535 sinet
480 1499 583 1533 obrui
608 1500 720 1532 lucem
736 1496 943 1540 Evangelii,
974 1496 1061 1529 sicut
1085 1495 1253 1538 scripturn

268 1561 332 1586 est:
370 1552 475 1594 Quod
495 1558 545 1583 est
565 1563 604 1583 ex
623 1549 713 1588 Deo,
741 1561 813 1580 non
831 1547 1044 1581 abolebitur.
1097 1544 1254 1578 Proinde

267 1602 444 1642 Ecclesia,
483 1602 520 1633 in
554 1613 621 1644 qua
657 1601 747 1632 lucet
780 1611 860 1631 vcra
891 1597 1070 1636 doctrina,
1112 1597 1254 1629 tandem

271 1655 342 1687 illis
371 1650 718 1686 Haemorrhoidibus
742 1650 861 1694 spinas
887 1654 1027 1681 exteret.
1083 1645 1161 1679 Non
1190 1659 1254 1690 op-

276 1706 429 1748 priment
453 1703 635 1736 veritatem
653 1699 862 1744 sophisticae
889 1700 969 1732 illae
996 1697 1257 1741 interpretatio-

273 1767 354 1795 nes,
379 1762 411 1787 et
435 1760 544 1786 astuta
564 1760 595 1785 et
612 1752 767 1785 crudelia
784 1751 929 1783 consilia
952 1750 1156 1792 impiorum.

375 1804 481 1847 Quod
502 1816 583 1836 vero
604 1804 730 1846 passim
753 1802 861 1846 aliqui
878 1802 996 1844 cupidi
1015 1801 1091 1843 piae
1110 1809 1258 1831 concor-

274 1858 369 1893 diae,
403 1862 583 1897 expectant
609 1853 810 1897 pontificum
843 1854 1016 1896 synodos,
1056 1858 1089 1882 et
1117 1857 1258 1892 sperant

274 1907 336 1940 has
360 1904 535 1939 Ecclesiae
559 1905 792 1937 medicaturas
818 1915 910 1942 esse,
942 1909 1002 1934 aut
1030 1901 1113 1933 vitia
1141 1910 1257 1932 corre-

276 1966 412 2000 cturas,
440 1956 541 1996 longe
564 1955 747 1988 falluntur.
809 1953 999 1997 Nunquun
1024 1952 1118 1983 euim
1142 1949 1259 1995 ponti<

276 2011 356 2041 tices
375 2015 547 2040 eteorum
574 2005 747 2038 coniurati
769 2016 806 2035 ac
823 2005 989 2036 satellites
1006 2003 1167 2035 desinent
1187 2001 1258 2033 liel-

280 2061 353 2091 lum
382 2069 502 2100 gerere
528 2057 693 2088 adversus
710 2053 911 2096 Christum,
940 2055 1034 2098 quod
1062 2061 1096 2085 ut
1125 2053 1169 2086 ita
1190 2051 1260 2084 exi-

280 2110 432 2144 stimem,
459 2118 600 2138 moveor
619 2118 688 2137 nou
708 2112 841 2137 tautum
861 2103 1024 2137 luunanis
1041 2103 1263 2140 coniecturis,

282 2169 370 2204 quae
396 2158 527 2190 multae
553 2163 586 2191 et
611 2168 682 2189 non
703 2156 793 2188 leves
813 2164 912 2193 suut,
936 2158 994 2187 sed
1014 2154 1144 2187 Christi
1163 2153 1265 2185 dictis

287 2221 449 2248 moveor,
469 2208 598 2240 deinde
616 2207 782 2248 exemplis
800 2206 959 2238 oninium
978 2212 1141 2237 aetatum.
1176 2204 1264 2237 Nam

284 2258 445 2293 Christus
477 2267 579 2301 negat
614 2255 838 2300 blasphemos
869 2256 1009 2295 sanari,
1056 2256 1116 2300 qui
1147 2263 1266 2288 contra

285 2310 532 2343 conscientiam
577 2314 784 2351 oppugnant
825 2307 1004 2339 veritatem
1023 2333 1031 2347 ,
1074 2308 1269 2339 defenduut

286 2361 504 2392 manifestam
532 2356 821 2402 εἷὸολωμανίαν,
858 2366 889 2390 et
917 2358 1055 2404 piorum
1083 2369 1209 2389 cruore
1234 2367 1269 2388 se

288 2418 537 2452 resperserunt.
615 2409 730 2442 Furor
759 2407 993 2450 blasphemias
1021 2415 1052 2440 et
1082 2407 1268 2451 parricidia

288 2459 381 2492 haud
399 2461 506 2492 dubie
524 2460 728 2499 comitatur,
756 2460 841 2492 sicut
862 2457 1028 2492 historiae
1046 2459 1150 2498 Cain,
1176 2455 1269 2490 Pha-

288 2510 424 2549 raonis,
460 2510 564 2548 Saul,
608 2511 729 2553 populi
765 2510 925 2547 Iudaici,
967 2517 1151 2542 testantur.
1225 2508 1269 2542 Et

287 2561 383 2594 Deus
408 2561 564 2592 minatur
587 2561 785 2593 caecitatem
810 2559 1041 2602 blasphemis,
1066 2561 1153 2594 sicut
1172 2557 1269 2591 Psal-

289 2622 365 2643 mus
390 2610 523 2655 inquit:
558 2610 805 2644 Obscureutur
828 2612 921 2643 oculi
947 2623 1082 2644 eorum.
1150 2610 1269 2653 ltaque

289 2669 415 2705 augent
439 2661 596 2705 quotidie
610 2661 800 2704 supplicia,
829 2662 986 2704 obligant
1009 2663 1075 2694 sibi
1095 2661 1270 2705 principes

842 96 967 134 PfflL.
995 95 1112 132 MEL.
1139 93 1349 132 SCRIPTA
1378 90 1678 129 EXEGETICA.

1267 398 1269 409 t

1268 521 1271 537 l

1293 295 1390 327 pum.

2209 92 2282 129 780

1295 181 1413 226 impiis
1430 179 1643 214 foederibus.
1694 177 1767 213 Nec
1784 186 1919 214 tantum
1939 180 2052 225 palam
2069 185 2280 224 grassantur,

1293 235 1351 266 sed
1383 232 1471 265 clam
1505 236 1648 264 struunt
1677 230 1824 263 insidias
1857 231 1949 264 vitae
1980 231 2119 275 piorum
2144 230 2279 277 princi-

1458 282 1514 316 An
1541 280 1814 315 existimandum
1848 288 1898 314 est
1924 278 1989 314 hos
2013 282 2192 315 moderata
2220 287 2280 314 aut

1295 335 1351 378 pia
1375 333 1521 366 consilia
1545 332 1760 365 admissuros
1790 331 1892 364 esse?
1930 330 1976 365 Et
2002 332 2186 376 aliquoties
2210 331 2280 364 iam

1296 384 1428 428 experti
1446 395 1565 417 sumus
1586 383 1789 427 plerosque,
1817 382 1877 427 qui
1894 381 2106 415 simularunt
2124 383 2281 415 modera-

1296 435 1449 475 tionem,
1485 440 1603 468 tamen
1627 433 1742 477 reipsa
1764 430 1855 465 nihil
1882 433 2007 475 egisse,
2055 432 2124 464 nisi
2154 439 2192 466 ut
2218 443 2283 466 nos

1297 486 1452 519 irretitos
1472 484 1734 530 opprimerent,
1771 495 1809 516 ac
1834 490 1946 516 totum
1970 483 2150 515 doctrinae
2174 493 2284 526 genus

1297 536 1466 568 delerent.
1522 535 1603 568 Scio
1623 546 1751 579 paucos
1777 535 1948 578 quosdam
1974 544 2046 565 esse
2071 533 2227 566 saniores
2245 533 2281 566 in

1298 583 1452 618 hostium
1471 585 1647 628 collegiis,
1675 585 1735 630 qui
1762 585 1948 628 deplorant
1974 591 2155 627 potentum
2173 583 2284 628 perti-

1299 637 1456 676 naciam,
1483 637 1540 669 sed
1561 634 1687 671 horum
1707 636 1900 669 sententiae
1918 635 2178 678 exploduntur,
2205 641 2284 668 tan-

1299 699 1403 732 quam
1424 685 1661 720 scholasticae.
1692 685 1786 719 Haec
1803 698 1882 719 cum
1900 685 1946 719 ita
1964 685 2046 724 sint,
2064 686 2142 730 piae
2158 685 2287 719 mentis

1300 744 1367 778 est,
1397 744 1428 770 et
1446 737 1630 780 cogitantis
1649 739 1691 771 de
1713 748 1774 771 sua
1792 737 1924 775 salute,
1951 737 1993 770 de
2009 736 2120 779 gloria
2137 733 2287 777 Christi,

1300 799 1468 835 quaerere
1492 800 1580 833 quae
1607 788 1651 822 sit
1678 800 1758 821 vera
1780 786 1956 827 Ecclesia,
1994 794 2034 820 ut
2060 785 2143 821 huic
2165 798 2200 820 se
2221 787 2286 820 ad-

1300 839 1441 881 iungat,
1467 846 1506 872 ut
1525 836 1629 871 huius
1647 846 1765 872 coetus
1782 845 1815 872 et
1839 839 1951 882 gregis
1969 835 2104 871 Christi
2131 848 2211 883 pars
2234 838 2289 880 sit,

1301 889 1390 922 sieut
1410 889 1525 934 inquit
1542 887 1721 922 Christus:
1758 888 1830 931 Qui
1851 901 1922 922 non
1942 897 1992 923 est
2018 900 2174 928 mecum,
2201 900 2288 921 con-

1302 947 1354 973 tra
1380 952 1435 973 tue
1460 946 1522 975 est.
1581 939 1719 972 Deinde
1744 940 1827 972 sciat
1845 938 2038 972 Ecclesiam
2064 951 2287 984 nequaquam

1302 1002 1374 1024 esse
1399 998 1568 1035 tyrannos
1592 997 1625 1023 et
1651 997 1890 1033 persecutores
1906 988 2057 1030 Christi,
2084 997 2117 1023 et
2136 1001 2206 1028 eos,
2227 989 2288 1034 qui

1303 1041 1484 1074 saevitiam
1503 1039 1558 1072 vel
1574 1041 1761 1080 adiuvant,
1789 1040 1842 1072 vel
1868 1041 2108 1083 comprobant.
2165 1038 2217 1072 De
2235 1037 2291 1074 his

1304 1099 1484 1125 teneamus
1518 1091 1673 1133 regulam
1709 1090 1937 1124 certissimam
1976 1090 2099 1123 Pauli:
2138 1089 2176 1124 Si
2211 1091 2291 1135 quis

1305 1143 1402 1176 aliud
1428 1141 1660 1184 Evangelium
1684 1141 1862 1181 docuerit,
1896 1138 2083 1174 anathema
2113 1141 2170 1176 sit.
2245 1139 2292 1176 Et

1306 1205 1385 1227 cum
1411 1193 1481 1233 ait,
1510 1190 1708 1225 Anathema
1733 1192 1797 1229 sit,
1832 1204 1904 1223 non
1925 1192 2163 1224 existimemus
2188 1203 2290 1225 usum

1306 1256 1378 1277 esse
1401 1244 1469 1276 levi
1496 1251 1556 1277 aut
1583 1243 1720 1284 vulgari
1744 1242 1945 1278 maledictu.
2012 1241 2102 1276 Cum
2129 1242 2292 1277 nominat

1306 1293 1508 1334 anathema,
1548 1294 1720 1336 significat
1750 1292 1864 1326 Deum
1897 1306 1938 1326 ex
1963 1290 2118 1326 Ecclesia
2152 1293 2292 1327 eiecisse

1307 1344 1424 1377 hostes
1449 1356 1549 1376 verae
1581 1344 1789 1382 doctrinae,
1831 1355 1960 1387 eosque
1992 1344 2178 1385 fugiendos
2205 1355 2292 1384 esse,

1307 1403 1472 1439 tauquam
1493 1395 1586 1427 diras
1604 1401 1734 1437 pestes,
1761 1405 1848 1437 quas
1866 1392 1958 1426 Deus
1976 1401 2164 1428 execratur.
2206 1393 2289 1427 Pol-

1309 1446 1356 1477 lui
1377 1457 1411 1478 se
1431 1443 1556 1477 horum
1575 1445 1740 1478 societate
1755 1452 1787 1477 et
1802 1444 2055 1476 consuetudine
2071 1444 2154 1477 boni
2170 1445 2292 1485 sciant,

1311 1503 1342 1528 et
1360 1497 1503 1529 daturos
1521 1507 1642 1537 graves
1662 1506 1791 1538 poenas
1813 1495 1987 1527 amicitiae
2012 1502 2044 1527 et
2069 1495 2292 1527 coniunctio-

1309 1548 1362 1578 nis
1387 1558 1465 1578 cum
1494 1546 1576 1579 illis.
1655 1545 1815 1577 Psalmns
1845 1544 1960 1588 inquit
1986 1545 2029 1576 de
2055 1542 2121 1577 hoc
2151 1556 2292 1588 genere:

1312 1596 1430 1628 lnduit
1455 1595 1739 1627 maledictionem
1772 1594 1862 1627 sicut
1883 1593 2149 1634 vestimentum,
2181 1602 2212 1628 et
2238 1596 2296 1629 in-

1310 1647 1413 1680 travit
1431 1647 1519 1678 sicut
1537 1658 1624 1690 aqua
1645 1645 1680 1677 in
1700 1645 1865 1677 interiora
1885 1644 1978 1683 eius,
2005 1652 2037 1678 et
2063 1645 2152 1679 sicut
2177 1646 2294 1680 oleum

1312 1700 1347 1730 in
1381 1709 1455 1730 ossa
1490 1696 1575 1731 eins.
1654 1694 1770 1727 Huius
1803 1695 2062 1728 maledictionis
2092 1697 2294 1740 contagium

1312 1756 1411 1781 nocet
1441 1749 1605 1786 caeteris,
1641 1746 1701 1791 qui
1725 1752 1807 1779 sunt
1825 1746 2004 1779 coniuncti
2024 1759 2100 1779 cum
2122 1747 2208 1787 illis,
2235 1749 2295 1793 qui

1311 1807 1343 1832 et
1366 1799 1546 1831 veritatem
1571 1805 1793 1841 oppugnant,
1820 1803 1852 1830 et
1877 1804 2036 1830 exercent
2063 1798 2240 1830 saevitiam
2259 1799 2295 1832 in

1314 1851 1401 1890 pios.
1455 1848 1535 1882 Nou
1568 1848 1675 1890 igitur
1707 1847 1943 1879 existimemus
1976 1859 2098 1890 parum
2127 1851 2297 1883 momenti

1314 1899 1440 1933 haltere
1459 1897 1523 1931 hoc
1542 1900 1764 1930 mandatum:
1791 1897 1828 1930 Si
1848 1897 1925 1941 quis
1945 1898 2039 1930 aliud
2062 1896 2297 1941 Evangelium

1312 1950 1487 1989 docuerit,
1513 1947 1699 1982 anathema
1715 1948 1771 1982 sit.
1824 1948 1904 1981 Non
1923 1957 2003 1980 sunt
2018 1947 2196 1992 Epist-opi,
2225 1961 2297 1983 non

1313 2009 1394 2034 sunt
1417 1999 1592 2033 Ecclesiae
1614 2000 1789 2036 ruetnhra,
1824 2000 1882 2031 sed
1912 1996 2026 2031 ltostes
2049 1998 2201 2040 Christi,
2236 2001 2296 2045 qui

1313 2064 1392 2085 cum
1412 2051 1512 2083 furiis
1529 2050 1722 2092 agitentur,
1751 2062 1822 2082 non
1846 2050 1889 2082 de
1910 2047 2086 2082 Ecclesiae
2109 2051 2299 2085 concordia

1314 2111 1345 2135 et
1376 2114 1457 2146 pace
1481 2102 1633 2144 cogitant
1654 2128 1663 2141 ,
1698 2101 1756 2133 sed
1792 2102 1834 2132 de
1860 2100 2048 2145 tyrannide
2076 2101 2299 2141 stabilienda,

1316 2166 1386 2186 non
1406 2154 1544 2185 student
1565 2163 1687 2184 sanare
1706 2149 1889 2191 Ecclesias,
1918 2152 1975 2183 sed
1994 2151 2191 2184 moliuntur
2208 2153 2299 2186 bella

1315 2204 1452 2243 civilia,
1486 2203 1682 2236 vastitatem
1712 2200 1965 2241 Ecclesiarttm,
2008 2202 2196 2246 parricidia
2223 2204 2300 2246 pio-

1317 2267 1393 2288 rum
1413 2255 1654 2292 sacerdoturu,
1682 2260 1714 2285 et
1732 2253 1868 2296 piarum
1894 2253 2092 2287 mulierum.
2144 2253 2300 2288 Proinde

1319 2318 1389 2338 uon
1417 2306 1629 2347 expectanda
1659 2310 1709 2336 est
1736 2304 1780 2336 ab
1805 2303 1876 2336 illis
1903 2303 2101 2336 emendatio
2126 2301 2300 2338 Ecclesia-

1319 2369 1416 2395 rum,
1444 2358 1501 2387 sed
1530 2355 1644 2397 potius
1672 2354 1916 2396 cogitandum,
1943 2362 1979 2387 ut
2004 2355 2197 2395 sententia,
2224 2356 2301 2388 ani-

1319 2420 1375 2439 mo
1399 2415 1430 2439 et
1457 2407 1637 2439 voluntate
1661 2405 1808 2448 quisque
1834 2417 1869 2437 se
1892 2406 1935 2437 ab
1960 2404 2028 2437 illis
2048 2405 2225 2448 seiungat,
2245 2407 2300 2440 fu·

1319 2458 1388 2501 giat
1419 2470 1538 2489 eorum
1563 2452 1860 2499 εἶδωλομανίαν,
1893 2467 1965 2488 non
1995 2456 2115 2488 audiat
2143 2457 2300 2490 convicia

1319 2516 1439 2541 contra
1472 2520 1586 2539 veram
1612 2507 1829 2546 doctrinam,
1857 2518 1929 2538 non
1957 2506 2118 2544 adiuvet,
2145 2519 2216 2540 non
2241 2520 2302 2551 ap-

1320 2561 1441 2602 probet
1474 2559 1616 2591 illorum
1650 2557 1815 2593 consilia,
1861 2568 1932 2588 non
1966 2557 2147 2590 confirmet
2179 2570 2301 2591 eorum

1321 2610 1524 2652 potentiam,
1599 2607 1724 2649 Fugite
1748 2607 1972 2644 idolatriam,
2018 2608 2129 2651 inquit
2161 2607 2304 2644 Paulus.

1321 2659 1413 2692 llaec
1432 2666 1612 2704 praecepta
1630 2670 1702 2690 non
1719 2665 1800 2691 sunt
1818 2658 1906 2690 lesia
1924 2659 2094 2691 duct-uda.
2131 2658 2220 2691 Vera
2239 2659 2304 2702 igi-
