2415 2942
217 94 289 129 831

224 181 348 214 niones
374 179 415 210 de
439 177 584 210 essentia
605 174 669 208 Dei
698 180 730 207 et
754 174 795 206 de
812 173 1012 214 voluntate,
1039 181 1078 208 ut
1096 184 1201 218 supra

225 243 325 275 saepe
343 231 472 262 dictmn
498 234 559 261 est.
614 225 665 258 Ac
691 225 732 256 de
759 225 938 257 voluntate
965 236 1036 257 non
1061 231 1207 269 possunt

226 290 376 316 statuere
397 276 559 315 Etlmici‚
594 287 655 308 cur
679 281 709 308 et
735 286 779 307 an
805 275 888 308 velit
914 277 1077 309 exaudire
1101 275 1208 316 Deus,

228 344 291 366 cur
322 332 358 362 in
392 327 455 361 hac
485 335 609 360 natura
636 323 820 360 bominum
848 326 892 359 sit
914 338 1080 370 oppressa
1105 339 1209 360 aeru-

227 382 338 421 mnis,
367 386 399 412 et
416 390 459 411 an
479 384 553 422 post
574 375 662 409 lianc
682 376 788 410 vitam
807 376 900 410 Deus
915 378 959 410 sit
987 379 1132 411 daturus
1157 378 1209 410 vi—

230 441 299 466 tam
328 438 359 464 et
390 428 694 473 tranquillitatem.
762 426 831 461 Sed
866 428 903 460 iu
935 427 1090 461 Ecclesia
1120 434 1211 462 extat

230 481 314 515 llaec
332 481 524 514 consolatio
537 506 545 520 ,
562 479 653 524 quod
667 477 760 511 Deus
777 490 849 512 non
868 479 996 512 frustra
1013 479 1212 517 invocetur,

230 534 323 578 quod
343 544 422 564 xere
440 530 522 564 velit
537 530 700 563 exaudire
719 530 938 571 invocantes,
973 537 1005 564 et
1022 531 1069 562 eis
1094 531 1212 574 opitu-

232 584 307 617 lari.
363 582 406 616 lit
424 592 625 626 quanquam
643 592 705 612 suo
725 591 850 613 arcano
871 581 1018 614 consilio
1038 581 1124 614 alios
1148 581 1212 613 ali-

232 644 284 669 ter
299 634 487 676 gubernat,
514 639 630 665 tamen
649 631 731 664 velit
757 631 793 663 in
819 629 883 664 liae
905 632 976 664 vita
1001 643 1127 675 corpus
1145 630 1213 665 Ec-

231 685 374 724 clesiae,
410 684 497 717 sicut
522 682 711 715 exercitum
738 693 893 722 servare,
928 689 961 715 et
984 683 1130 725 singulis
1154 688 1214 715 aut

231 736 391 778 mitigare
407 744 609 772 aerumnas,
642 738 701 765 aut
724 743 867 776 prorsus
890 733 1023 767 tollere.
1076 732 1214 765 Deinde

231 798 314 819 vero
334 792 409 829 post
434 782 523 817 lianc
547 783 652 816 vitam
679 794 805 815 ornare
830 784 948 816 omnia
973 783 1130 816 membra
1147 781 1213 815 Ec-

232 837 355 870 clesiae
373 842 511 869 aeterna
530 833 651 876 gloria.
697 833 813 866 Huius
833 834 1031 871 doctrinae,
1054 845 1114 865 seu
1135 845 1211 876 pro-

231 887 409 921 missionis
427 885 664 927 cognitionem
680 890 712 917 et
729 883 831 916 fidem
851 896 915 917 nos
931 895 1069 927 semper
1087 883 1122 915 in
1138 895 1215 927 pre-

232 939 368 971 catione
393 936 516 969 afferre
539 935 580 966 ad
602 931 714 966 Deum
739 940 895 978 oportet,
932 935 1027 979 quod
1054 934 1213 967 videlicet

231 995 374 1032 propter
407 983 586 1020 Christum
622 984 854 1028 recipiamur,
897 985 1143 1024 exaudiamur,
1185 992 1217 1018 et

231 1040 412 1078 imemur,
439 1042 477 1069 ut
495 1036 580 1068 alias
605 1046 705 1076 saepe
730 1036 863 1069 dictum
888 1043 949 1069 est.
1010 1034 1106 1068 Haec
1132 1035 1217 1068 fides

231 1089 416 1135 praecipue
432 1086 619 1120 discrimen
638 1085 719 1120 facit
744 1086 835 1119 inter
861 1084 1037 1120 ethnicam
1064 1093 1097 1120 et
1112 1084 1217 1120 Chri-

231 1141 380 1174 stianam
399 1137 669 1171 invocationem.

334 1206 486 1250 Reliqua
517 1205 675 1237 doctrina
708 1204 750 1236 de
781 1203 980 1247 precatione
1007 1204 1092 1237 alias
1118 1216 1218 1247 saepe

232 1258 375 1293 recitata
391 1264 460 1296 est,
496 1263 528 1289 et
552 1256 688 1288 assidue
715 1255 895 1287 mentibus
925 1262 974 1289 est
999 1256 1219 1288 inculcanda.

232 1309 391 1342 Primum
423 1307 646 1349 cogitandum
680 1305 758 1350 quis
788 1306 830 1337 sit
851 1304 964 1343 Dens,
1000 1313 1033 1339 et
1064 1307 1144 1345 ubi,
1181 1318 1218 1339 ac

233 1359 411 1404 quomodo
430 1369 464 1390 se
484 1356 701 1400 patefecerit,
737 1367 838 1399 quem
859 1355 1016 1396 invoces,
1051 1357 1136 1401 quid
1163 1356 1218 1388 in-

233 1418 286 1443 ter
302 1421 418 1442 veram
436 1407 714 1443 invocationem,
751 1412 784 1439 et
809 1403 982 1445 ethnicas,
1010 1419 1070 1440 seu
1094 1407 1219 1450 impias

233 1470 523 1507 quarumcunque
546 1457 700 1500 gentium
729 1457 876 1491 intersit.
928 1455 980 1490 De
1003 1455 1070 1490 boc
1095 1457 1218 1490 discri-

231 1512 328 1545 mine
346 1510 413 1542 iam
433 1510 564 1541 dictum
583 1515 643 1540 est.
697 1507 835 1540 Deinde
852 1519 913 1540 cnr
931 1508 975 1541 sit
999 1509 1218 1540 invocandus

230 1561 347 1598 Deus,
390 1571 435 1592 an
460 1559 620 1592 exaudiat
644 1558 865 1595 invocantes,
909 1565 941 1591 et
965 1571 1026 1591 cur
1047 1559 1218 1592 exaudiat.

230 1611 299 1646 Hic
316 1611 470 1655 primum
488 1610 650 1642 mandata
668 1608 770 1641 nobis
787 1620 1044 1652 proponamuS,
1080 1620 1218 1641 necesse

232 1670 281 1697 est
308 1661 465 1694 invocari
492 1658 625 1698 Deum,
659 1659 740 1702 quia
767 1660 936 1702 praecipit
962 1657 1029 1692 hoc
1053 1660 1219 1692 officium.

229 1712 385 1747 Exaudit
415 1718 530 1745 autem
562 1711 764 1742 invocantes
796 1722 869 1742 non
898 1717 1040 1754 propter
1063 1717 1216 1743 nostram

231 1764 435 1807 dignitatem
448 1789 457 1802 ‚
485 1761 543 1794 sed
562 1767 706 1805 propter
725 1760 835 1793 filium
853 1761 1096 1793 mediatorem:
1121 1761 1219 1793 ideo-

232 1826 299 1859 que
318 1812 567 1858 promissiones
585 1810 748 1852 tradidit,
782 1817 815 1844 et
842 1811 992 1845 affirmat
1015 1823 1050 1845 se
1076 1812 1218 1845 exaudi-

231 1872 350 1898 turum
369 1874 451 1896 esse.

333 1929 456 1963 Tertio
488 1927 676 1961 discrimen
709 1934 869 1962 teneatur
896 1928 988 1961 inter
1014 1929 1218 1972 promissio-

230 1993 313 2016 nem
349 1979 528 2024 propriam
552 1976 737 2021 Evangelii
771 1979 814 2011 de
839 1979 1144 2020 reconciliatione,
1186 1987 1217 2013 et

230 2031 483 2077 promissiones
499 2029 734 2072 corporalium
752 2029 1014 2066 beneficiorum,
1067 2029 1120 2063 De
1137 2042 1215 2074 pro-

231 2082 400 2117 missione
418 2079 714 2114 reconciliationis
739 2080 950 2112 nominatim
976 2080 1148 2124 postulat,
1180 2087 1217 2113 ut

231 2133 364 2167 remitti
397 2131 500 2165 nobis
531 2137 688 2174 peccata,
732 2136 765 2162 et
794 2130 901 2172 recipi
925 2142 989 2162 nos
1012 2131 1049 2163 in
1071 2130 1216 2174 gratiam

233 2184 416 2217 credamus
430 2209 437 2222 ‚
455 2182 534 2214 ideo
553 2178 635 2213 huic
653 2180 877 2224 promissioni
894 2180 932 2212 in
950 2182 1125 2224 precando
1143 2181 1217 2214 sine

233 2234 435 2277 exceptione
466 2231 681 2265 credendum
714 2237 783 2271 est,
823 2231 911 2264 sieut
942 2232 1033 2264 clare
1064 2232 1219 2276 postulat

232 2283 325 2317 itanc
341 2284 442 2316 fidem
461 2280 546 2315 baec
561 2281 749 2315 sententia:
778 2281 876 2314 Haec
895 2289 944 2316 est
968 2283 1130 2316 voluntas
1158 2294 1218 2326 pa-

233 2335 315 2374 tris,
343 2341 381 2367 ut
398 2333 533 2374 omnis,
560 2332 620 2377 qui
647 2332 756 2365 credit
782 2331 818 2364 in
845 2332 978 2372 filium,
1014 2331 1140 2366 habeat
1166 2333 1216 2365 vi-

233 2392 305 2417 tam
328 2391 515 2417 aeternam.
571 2381 659 2416 Item
684 2383 727 2416 ad
752 2381 933 2416 Romanos
957 2385 1012 2418 5.:
1050 2382 1218 2417 iustifica-

234 2446 316 2468 mur
334 2442 448 2467 autem
466 2434 533 2466 fide
549 2433 666 2476 gratis.
719 2432 866 2477 Semper
880 2441 995 2467 autem
1015 2434 1119 2467 etiam
1137 2446 1215 2467 cum

234 2491 406 2529 petuntur
421 2484 635 2527 corporalia,
671 2484 793 2527 petitio
816 2484 1034 2518 remissionis
1058 2491 1218 2529 peccato-

236 2548 316 2569 rum
335 2535 552 2579 praeluceat,
579 2534 667 2567 sicut
684 2534 761 2577 piae
778 2542 912 2568 mentes
931 2543 1075 2571 norunt.

337 2600 406 2634 Sed
439 2602 480 2633 de
508 2599 801 2643 promissionibus
833 2606 959 2636 rerum·
982 2602 1218 2649 corporalium

240 2663 376 2696 semper
393 2649 458 2685 hoc
478 2656 592 2685 teneat
604 2649 688 2683 fides
705 2650 741 2683 in
767 2662 908 2694 genere,
944 2664 1017 2686 non
1044 2664 1115 2686 esse
1140 2653 1219 2686 irri-

814 88 940 124 emt„
967 89 1080 123 MEL.
1117 86 1326 124 SCRIPTA
1359 89 1658 128 EXEGE'rtCA.

2173 101 2248 138 332

1258 183 1328 216 tas,
1361 176 1417 210 sed
1455 177 1661 224 impetrare,
1704 180 1756 212 vel
1792 181 1960 225 integram
1988 184 2247 223 liberationem.

1260 227 1313 259 vel
1340 228 1531 267 auxilium,
1560 236 1593 261 et
1615 230 1867 273 mitigationem
1894 235 1989 269 mali.
2043 236 2137 278 Quia
2163 247 2246 270 vero

1261 275 1415 311 Ecclesia
1434 279 1469 310 in
1486 276 1549 312 liae
1569 279 1638 313 vita
1656 281 1810 315 subiecta
1828 289 1878 317 est
1908 286 2002 318 cruci
2015 310 2025 325 ,
2056 298 2129 319 non
2156 298 2248 320 sem-

1263 341 1323 372 per
1339 341 1419 362 mox
1441 330 1667 373 impetramus
1691 332 1861 376 integram
1887 333 2152 376 liberationem,
2187 338 2249 370 de-

1263 380 1388 423 betque
1405 381 1566 414 voluntas
1586 389 1703 425 parata
1721 395 1792 416 esse
1815 385 1856 417 ad
1875 384 2126 423 obedientiam.
2178 387 2250 421 Pe-

1263 430 1305 463 tit
1321 430 1428 472 igitur
1444 443 1521 464 cum
1541 429 1604 465 liae
1623 434 1842 477 exceptione:
1871 434 1909 469 Si
1926 436 1998 478 vis,
2025 444 2058 471 et
2074 438 2162 471 sicut
2188 438 2251 471 vis.

1264 480 1361 514 Sicut
1381 481 1492 514 David
1512 483 1673 524 exulans,
1700 491 1777 517 orat
1793 496 1827 518 se
1845 486 1986 527 reduci,
2016 494 2048 520 et
2066 487 2169 520 simul
2190 500 2251 532 pa-

1265 538 1358 564 ratus
1376 533 1415 564 ad
1434 533 1690 575 obedientiam,
1718 535 1791 569 vult
1807 536 1953 581 obsequi
1978 538 2150 571 voluntati
2171 539 2251 579 Dei,

1265 583 1397 615 etiamsi
1417 595 1487 616 non
1504 586 1705 625 reducatur,
1734 598 1797 619 nec
1813 593 1929 619 tamen
1948 588 2066 622 abiicit
2085 590 2186 622 fidem
2210 590 2253 622 de

1267 634 1470 666 remissione
1497 636 1643 678 peccati,
1685 649 1748 669 nec
1771 634 1914 670 modum
1942 640 2144 681 praescribit
2166 639 2251 681 Det),

1268 684 1336 716 imo
1354 685 1468 717 inaltet
1490 698 1559 718 non
1577 688 1716 728 reduci,
1743 688 1771 720 si
1793 695 1904 731 posset
1923 689 2033 723 filium
2051 692 2094 724 ab
2112 697 2253 724 aeterna

1266 736 1492 768 damnatione
1510 737 1675 778 liberare,
1707 751 1811 783 quam
1828 740 1877 772 sic
1901 741 2020 773 reduci
2047 741 2190 775 abiectis
2216 742 2253 775 in

1267 791 1447 817 aeternum
1466 787 1608 820 exitium
1626 787 1719 827 filio,
1748 797 1779 823 et
1803 802 1927 832 magna
1953 792 2182 825 multitudine
2204 793 2254 826 ci-

1270 835 1376 868 vium.
1430 835 1496 869 Hic
1520 840 1645 871 modus
1671 840 1889 874 liberationis
1914 842 2023 888 magis
2044 843 2255 878 excruciavit

1271 885 1458 925 Davidem,
1494 899 1598 930 qnam
1625 891 1721 932 regni
1750 891 1910 932 amissio,
1943 894 2000 925 sed
2024 894 2152 927 sciebat
2178 893 2254 927 Deo

1268 937 1448 969 reducenti
1486 939 1799 982 obtemperandum
1837 953 1927 983 esse,
1975 950 2007 977 et
2036 936 2254 986 agnoscebat

1269 987 1354 1019 iram
1371 987 1435 1020 Dei
1456 988 1623 1022 adversus
1640 998 1777 1033 peccata
1794 1003 1854 1024 sua
1873 1000 1905 1025 et
1922 994 1984 1026 filii
1996 1021 2004 1035 ‚
2039 994 2075 1026 in
2092 992 2156 1028 hac
2181 1007 2254 1028 ma-

1269 1037 1454 1080 gnitudine
1472 1050 1604 1083 poenae
1618 1040 1693 1076 filii.

1371 1112 1465 1147 Haec
1481 1116 1656 1159 exempla,
1684 1118 1746 1150 etsi
1771 1118 1977 1161 magnitudo
2007 1131 2128 1153 eorum
2152 1133 2255 1155 enar-

1271 1164 1339 1196 rari
1356 1176 1426 1196 non
1446 1172 1570 1208 potest,
1590 1173 1706 1199 tamen
1727 1168 1802 1211 pios
1819 1171 2149 1210 commonefaciunt,
2168 1185 2256 1218 qua-

1272 1215 1315 1247 lia
1334 1215 1404 1247 sint
1421 1215 1498 1248 fidei
1516 1217 1677 1250 exercitia
1697 1217 1732 1250 in
1753 1218 1986 1254 invocatione.
2015 1220 2254 1257 Docentcerto

1271 1267 1494 1298 statuendum
1513 1278 1584 1299 esse
1608 1268 1650 1300 de
1675 1268 1880 1301 remissione
1908 1278 2146 1313 peccatorum,
2180 1274 2256 1306 sine

1272 1316 1342 1348 ulla
1377 1317 1591 1360 exceptione.
1657 1317 1793 1352 Docent
1824 1319 1905 1352 item
1940 1321 1983 1353 de
2014 1323 2258 1365 corporalibus

1272 1367 1465 1407 aerumnis,
1507 1375 1601 1401 certo
1632 1371 1818 1412 petendum
1854 1371 2022 1403 auxilinm
2054 1373 2129 1405 sine
2160 1386 2258 1407 exce-

1272 1418 1410 1460 ptione,
1450 1418 1509 1449 sed
1537 1419 1752 1452 voluntatem
1781 1421 1907 1453 debere
1936 1429 2091 1465 paratam
2117 1435 2189 1457 esse
2215 1426 2259 1458 ad

1272 1480 1428 1506 crucem,
1459 1468 1591 1501 etiamsi
1612 1482 1682 1502 non
1701 1470 1873 1510 contingit
1891 1471 2073 1510 liberatio,
2104 1486 2165 1507 nec
2183 1488 2259 1508 rno-

1272 1519 1354 1550 dum
1375 1519 1681 1562 praescribendum
1710 1533 1782 1554 esse
1801 1522 1890 1555 Deo.
1946 1521 2172 1565 Experientia
2199 1538 2261 1559 au-

1272 1576 1339 1602 tem
1357 1571 1534 1609 ostendet,
1563 1567 1646 1603 llaec
1664 1573 1782 1605 omnia
1800 1573 1900 1605 valde
1918 1573 2074 1607 difficilia
2092 1587 2174 1616 esse,
2191 1576 2261 1609 imo

1273 1620 1404 1662 primus
1429 1620 1615 1661 articulus,
1651 1628 1800 1655 statuere
1818 1624 1860 1655 de
1878 1624 2084 1657 remissione
2103 1634 2260 1669 peccato-

1274 1682 1368 1712 rum,
1410 1670 1568 1703 omnium
1605 1672 1820 1705 diflicilimns
1853 1680 1922 1713 est,
1966 1677 2166 1718 praesertim
2193 1678 2260 1710 du-

1273 1727 1371 1752 rante
1390 1734 1519 1764 poena‚
1556 1728 1588 1754 et
1613 1735 1690 1755 cum
1719 1725 1843 1756 modus
1870 1724 2089 1758 liberationis
2115 1728 2258 1761 exitium

1273 1771 1421 1804 aliorum
1439 1783 1554 1804 secum
1575 1770 1700 1813 trahit,
1729 1781 1758 1807 et
1779 1775 1881 1807 nobis
1899 1775 1997 1808 affert
2022 1788 2129 1809 novas
2154 1779 2257 1811 mise-

1276 1822 1358 1861 rias,
1398 1822 1486 1855 sicut
1508 1833 1607 1865 saepe
1636 1825 1772 1859 accidit.
1839 1824 2013 1858 Educitur
2039 1828 2188 1871 populus
2218 1841 2257 1862 ex

1274 1873 1454 1917 Aegypto,
1481 1874 1539 1905 sed
1559 1873 1593 1905 in
1615 1875 1750 1907 deserto
1770 1887 1860 1907 nova
1886 1884 2041 1919 peccata,
2070 1890 2181 1912 novae
2204 1891 2257 1913 sev

1273 1923 1444 1966 ditiones,
1475 1930 1506 1956 et
1525 1935 1655 1966 poenae
1673 1932 1881 1969 sequuntur.

1374 1998 1554 2032 Postremo
1570 2011 1647 2032 cum
1665 2001 1850 2044 promissio
1869 2001 1905 2033 in
1925 1998 1991 2035 hoc
2013 2009 2106 2037 textu
2132 2005 2255 2050 loqua-

1273 2050 1596 2083 turnniversaliter:
1615 2050 1793 2096 Quicquid
1806 2052 2000 2094 volueritis,
2018 2055 2152 2097 petetis,
2169 2057 2256 2089 scia-

1273 2113 1349 2133 mus
1381 2112 1505 2143 genera
1541 2113 1657 2133 rerum
1683 2104 1933 2145 petendarum,
1974 2105 2137 2139 videlicet
2162 2108 2253 2140 bona

1273 2158 1410 2183 aeterna
1450 2158 1482 2184 et
1516 2153 1722 2195 corporalia.
1787 2152 1874 2185 Nam
1913 2161 2059 2199 utraque
2092 2159 2253 2200 promisit

1272 2200 1384 2241 Dms,
1414 2208 1444 2234 et
1462 2203 1590 2243 gradus
1609 2204 1885 2237 meminerimus.
1937 2204 2095 2238 Primum
2114 2214 2251 2240 aeterna

1270 2253 1417 2296 petenda
1436 2260 1535 2290 sunt,
1566 2260 1680 2296 postea
1698 2255 1798 2287 etiam
1821 2255 2032 2299 corporalia,
2061 2256 2141 2301 quia
2161 2256 2255 2290 Dens

1271 2304 1345 2336 vult
1364 2304 1400 2335 in
1418 2300 1481 2336 hac
1499 2304 1566 2335 vita
1593 2315 1729 2347 semper
1753 2306 1905 2349 aliquam
1924 2303 2113 2339 Ecclesiam
2139 2314 2170 2340 et
2186 2309 2252 2341 mi-

1270 2354 1453 2387 nisterium
1469 2352 1639 2397 Evangeli
1660 2367 1811 2391 manere.
1865 2353 1968 2399 Opus
1985 2363 2034 2390 est
2055 2357 2162 2400 igitur
2186 2371 2252 2391 no-

1270 2405 1323 2437 bis
1342 2405 1433 2445 vita,
1460 2405 1551 2438 bona
1569 2406 1791 2449 valetudine,
1825 2406 1921 2446 cibo,
1951 2413 2051 2450 potu,
2082 2405 2251 2452 hospitiis.

1271 2455 1422 2499 polinis,
1447 2455 1627 2497 coningio,
1655 2457 1886 2496 oeconomiis,
1921 2464 1958 2490 ut
1983 2459 2119 2491 soboles
2141 2460 2251 2493 foveri

1271 2513 1302 2539 et
1321 2507 1459 2539 educari
1480 2507 1597 2550 possit.
1651 2506 1703 2539 Ad
1725 2505 1785 2539 lias
1805 2508 2073 2541 res‘retinendas
2095 2517 2126 2543 et
2150 2517 2251 2543 tuen-

1272 2558 1331 2590 das
1349 2558 1460 2590 multo
1479 2557 1579 2600 plura
1599 2557 1689 2589 bona
1708 2557 1898 2590 necessaria
1917 2566 2014 2599 sunt,
2043 2572 2146 2604 qnam
2165 2573 2252 2605 qnae

1272 2619 1336 2640 nos
1370 2607 1615 2650 intelligimUS,
1656 2615 1791 2641 tanturn
1817 2609 1933 2649 abest,
1968 2617 2004 2642 ut
2030 2612 2146 2643 omnia
2170 2623 2252 2654 pro-

1274 2659 1358 2702 spici
1393 2657 1544 2691 humana
1569 2658 1750 2702 diligentia
1786 2659 1935 2702 possint,
1970 2662 2027 2693 sed
2053 2662 2253 2695 consolatur
