2415 2942
278 93 371 130 1123

381 177 562 212 Caeterum
586 181 667 208 nota
691 175 733 208 sit
749 171 906 208 doctrina
925 174 1142 215 communis,
1171 184 1257 218 quae

283 237 418 274 peccata
441 229 508 260 sint
529 227 563 258 in
582 226 707 258 sanctis
728 226 763 258 in
784 223 847 258 bac
866 225 932 257 vita
946 251 954 265 ‚
981 235 1069 269 quae
1088 236 1160 258 non
1179 224 1258 258 sint.

285 281 362 314 hon
388 280 434 312 sic
455 277 670 319 intelligatur
694 277 862 319 dignitas,
887 276 979 319 quod
1004 275 1102 308 nulla
1127 275 1196 308 sint
1224 275 1259 306 in

285 330 385 363 nobis
411 336 564 372 peccata,
592 329 647 358 sed
673 330 764 371 quod
789 333 947 369 oporteat
971 326 1099 370 deponi
1126 332 1260 370 peccata

285 387 406 413 contra
429 378 688 412 conscientiam.

388 431 522 471 Quarto
548 440 656 472 poena
684 426 932 462 consideretur.
993 426 1182 460 Manifeste
1205 424 1263 458 hie

289 481 372 514 dicit
399 480 548 519 Paulus,
582 479 711 510 inultos
733 485 928 519 aegrotare,
955 485 988 511 et
1011 478 1141 510 inultos
1167 489 1261 509 inor-

289 540 367 565 tuos
383 542 453 563 csse
474 536 616 573 propter
632 530 778 560 abusum
797 540 932 562 coenae.
986 526 1079 571 Ergo
1098 528 1201 561 etiarn
1223 527 1260 558 in

291 582 418 615 sanctis
451 581 596 623 punitur
627 579 854 620 negligentia,
905 579 1016 610 inulto
1044 579 1153 619 magis
1184 589 1264 609 vero

292 632 484 676 punientur
508 630 744 672 praesentibus
772 636 802 661 et
827 630 974 662 aeternis
999 629 1118 671 poenis
1144 638 1267 660 omnes

292 684 366 724 illi,
393 682 450 726 qui
469 692 611 713 coenam
631 680 772 713 Domini
794 686 971 711 verterunt
992 679 1027 710 iu
1050 676 1266 711 horrendum

293 734 424 765 culttnn
446 731 638 770 idolorum,
662 736 689 762 et
715 730 772 773 qui
794 737 955 773 ‹pisnestus
972 741 1071 761 causa
1092 729 1269 761 finxerunt

294 782 520 817 sacrificium,
549 793 613 827 pro
631 780 719 811 vivis
737 788 767 812 et
788 780 944 812 mortuis.
998 778 1133 812 llorum
1161 779 1269 810 niaxi-

294 845 432 866 mortnn
445 832 613 864 scelerum
628 830 833 872 magnitudo
846 830 1078 873 conspicietur
1094 827 1271 872 posthanc

295 885 415 917 vitam.
466 881 512 915 Et
536 882 584 913 ibi
607 892 850 923 agnoscemus,
887 878 969 912 baec
992 880 1117 913 scelera
1144 879 1272 912 multa-

297 947 374 967 rum
392 932 626 965 calamitatum
650 932 686 962 in
704 928 766 963 bac
785 930 852 963 vita
871 942 991 963 causas
1008 931 1125 963 fuisse.
1179 927 1273 963 Ora-

297 996 375 1017 mus
399 990 512 1015 antem
539 982 740 1015 ardentibus
763 981 951 1024 gemitibus
974 981 1084 1014 filium
1111 980 1198 1019 Dei,
1235 986 1274 1013 ut

297 1035 369 1079 ipse
388 1031 441 1066 liis
459 1033 592 1076 magnis
615 1031 820 1065 vulneribus
837 1030 1014 1065 Ecclesiae
1032 1033 1224 1066 medeatur.

347 1100 449 1135 Nunc
467 1100 572 1133 verba
593 1098 862 1132 consideremus.

398 1166 440 1200 ln
463 1173 558 1199 textu
577 1172 642 1198 est:
670 1163 774 1206 Quod
794 1176 856 1208 pro
877 1163 976 1197 vobis
996 1163 1180 1206 frangitur.
1235 1161 1277 1195 In

300 1218 502 1252 narratione
528 1217 620 1260 apud
644 1215 774 1248 Lucam
799 1215 965 1258 scriptum
991 1222 1059 1248 est:
1087 1214 1191 1256 Quod
1214 1225 1276 1257 pro

301 1269 400 1302 vobis
424 1269 547 1306 datur,
574 1267 609 1298 id
629 1273 696 1305 est,
722 1266 815 1309 quod
839 1272 890 1299 est
907 1266 1046 1298 victima
1067 1278 1128 1308 pro
1152 1276 1278 1307 genere

303 1318 469 1352 humano.
525 1317 607 1350 ldeo
630 1323 661 1349 et
688 1314 745 1348 hic
771 1317 836 1348 alia
860 1317 1154 1358 interpretantur,
1181 1316 1278 1347 sran-

304 1371 397 1413 gitur
430 1381 492 1412 pro
525 1368 707 1400 laceratur.
762 1365 799 1398 ld
827 1378 899 1398 non
924 1364 1154 1408 reprehendo.
1210 1365 1278 1397 Sed

306 1419 499 1463 simplicius
525 1419 663 1449 videtur
687 1416 891 1448 fractionem
912 1416 1176 1457 intelligendam
1208 1426 1279 1447 esse

307 1470 612 1507 distributionem,
638 1467 725 1499 sicut
746 1465 870 1498 Ebraei
892 1467 1141 1510 loquebantur:
1168 1465 1279 1498 Fran-

307 1533 347 1563 ge
367 1519 531 1553 esurienti
551 1530 673 1560 panem
693 1524 801 1550 tuum.
856 1514 902 1549 Et
921 1514 986 1548 hoc
1003 1517 1150 1548 verbum
1169 1515 1278 1548 Paulo

307 1574 345 1604 in
379 1577 528 1603 mentem
559 1568 653 1600 venit
687 1574 828 1610 propter
851 1579 983 1598 morem
1008 1566 1279 1606 distributionis,

309 1621 511 1666 praesertim
533 1631 609 1652 cum
629 1619 711 1651 velit
731 1629 800 1649 esse
820 1629 962 1650 coenam
984 1628 1220 1650 communem.

310 1716 428 1750 Τοῦτο
445 1710 486 1747 τὸ
503 1709 677 1754 ποτῇριον
700 1707 717 1753 ἦ
737 1706 841 1753 καινὴ
871 1705 1032 1754 διαθήκη
1057 1706 1164 1743 ἕστῖν.
1217 1707 1289 1741 Hic

310 1770 360 1800 est
383 1761 520 1802 Colis,
548 1761 614 1809 qui
631 1764 679 1793 est
703 1771 832 1792 norum
850 1756 1122 1793 Testamentum
1148 1758 1185 1791 in
1213 1770 1288 1792 meo

689 1810 879 1854 sangnine.

413 1891 508 1925 Haec
525 1888 678 1923 narratio
696 1888 787 1931 apud
805 1886 935 1920 Lucam
954 1886 1076 1919 iisdem
1094 1886 1210 1919 verbis
1227 1898 1289 1930 po-

314 1945 377 1978 sita
407 1949 467 1977 est.
520 1940 589 1974 Sed
613 1939 729 1973 addita
755 1944 835 1971 sunt
858 1935 942 1970 haec
972 1938 1093 1969 verba:
1130 1937 1201 1979 Qui
1227 1949 1288 1982 pro

314 1994 416 2028 vobis
437 1991 642 2025 effunditur.
702 1988 865 2033 Syntaxis
889 1989 979 2030 apud
1004 1985 1226 2020 'Matthaenm
1257 1994 1288 2020 et

315 2045 475 2079 Marcum
497 2042 562 2074 alia
583 2048 642 2074 est.
697 2039 763 2072 llic
782 2046 831 2071 est
847 2038 987 2080 sanguis
1005 2050 1101 2071 meus
1119 2039 1202 2071 novi
1220 2038 1288 2071 Te-

316 2094 494 2130 stamenti:
529 2104 592 2124 nec
609 2091 783 2124 subtiliter
798 2090 994 2133 quaerenda
1013 2096 1062 2121 est
1081 2089 1287 2122 differentia.

317 2146 451 2180 Eodem
469 2144 572 2176 modo
590 2149 736 2186 utraque
752 2140 855 2172 lectio
875 2139 1100 2182 intelligenda
1121 2147 1187 2173 est:
1223 2138 1291 2172 Hie

317 2204 365 2230 est
381 2196 468 2229 calix
492 2193 575 2226 novi
593 2190 829 2230 Testamenti,
856 2190 891 2222 id
910 2197 979 2228 est,
1006 2190 1093 2223 ritus
1111 2197 1143 2223 et
1166 2190 1290 2234 pignus

318 2259 377 2280 seu
392 2245 545 2289 sigillum
562 2243 645 2276 novi
659 2241 884 2275 Testamenti.
924 2239 1012 2273 Nam
1025 2239 1289 2275 Testamentum

319 2295 560 2341 principaliter
583 2301 614 2327 et
636 2292 776 2337 proprie
803 2290 970 2334 significat
1002 2291 1110 2333 ipsam
1141 2292 1290 2336 promis-

321 2349 452 2381 sionem
478 2344 693 2379 remissionis
717 2349 955 2387 peccatorum,
990 2340 1142 2385 Spiritus
1168 2343 1288 2382 sancti,

321 2398 494 2434 iusticiae,
523 2403 553 2429 et
577 2396 666 2428 vitae
688 2401 857 2427 aeternae.
910 2391 1052 2425 Deinde
1076 2389 1159 2425 haec
1182 2394 1290 2426 bene-

317 2448 394 2482 ficia
415 2453 495 2480 sunt
511 2459 565 2479 res
581 2447 729 2479 donatae
746 2442 810 2477 boc
826 2442 1050 2476 Testamento
1062 2469 1070 2483 ,
1098 2443 1133 2475 id
1150 2451 1209 2485 est,
1226 2442 1290 2477 hac

318 2497 568 2533 Promissione.
619 2494 665 2529 Et
694 2495 862 2528 accedunt
904 2494 1037 2526 externi
1080 2494 1187 2534 ritus,
1229 2495 1288 2538 qni

319 2556 401 2584 sunt
426 2546 531 2581 huius
550 2545 795 2589 promissionis
825 2545 921 2587 signa
950 2551 982 2577 et
1015 2544 1176 2587 pignora:
1220 2543 1288 2577 Ba-

315 2601 464 2642 ptismus
480 2604 514 2630 et
532 2595 647 2630 Coena
658 2595 814 2629 Domini.
871 2593 953 2627 Ideo
971 2592 1169 2629 Matthaeus
1186 2596 1287 2629 dixit:

313 2651 381 2685 llic
404 2656 454 2684 est
471 2647 610 2691 sanguis
635 2657 731 2680 meus
752 2645 835 2679 novi
858 2644 1086 2681 Testamenti.

873 86 998 121 PHIL.
1025 85 1140 123 MEL.
1168 83 1376 122 SCRIPTA
1404 83 1703 124 EXEGETICA.

2200 84 2298 121 1124

1281 170 1288 249 ι
1409 170 1498 206 Cum
1517 178 1631 205 autem
1648 170 1761 205 Lucas
1777 178 1810 207 et
1828 171 1958 205 Paulus
1973 171 2110 206 dicunt:
2147 171 2215 206 Hic
2243 178 2297 206 est

1314 222 1422 261 calix,
1451 234 1583 255 novum
1609 221 1895 264 Testamentum,
1923 220 2140 267 μετωνυμιά
2165 229 2232 262 est,
2259 229 2300 256 ut

1313 275 1338 307 si
1359 273 1488 305 dicam:
1517 272 1639 305 Fasces
1655 280 1735 306 sunt
1753 273 1938 316 imperium
1957 272 2174 309 Romanum.
2219 272 2295 306 liae

1314 323 1411 357 brevi
1438 324 1679 357 admonitione
1705 325 1747 356 de
1774 323 1920 369 δμωαὶ
1942 320 2008 356 hoc
2033 323 2110 357 loco
2142 324 2298 358 contenti

1314 386 1435 408 simus.

1421 423 1557 457 Deinde
1576 423 1675 455 valde
1693 424 1886 457 necessaria
1903 430 1952 457 est
1969 424 2217 465 consideratio,
2237 436 2301 457 cur

1288 442 1293 607 N
1316 473 1373 508 hic
1391 486 1546 518 expresse
1565 476 1651 506 facta
1678 475 1721 507 sit
1747 476 1877 508 mentio
1901 474 1984 507 novi
2004 474 2242 518 Testamenti,
2267 481 2302 508 et

1318 527 1460 571 quidem
1487 526 1522 558 in
1550 538 1588 558 ea
1620 526 1841 566 narratione,
1890 525 1952 558 ubi
1984 525 2021 558 fit
2053 525 2302 567 mentioisan-

1292 609 1293 612 ,
1318 588 1448 620 guinls.

1293 790 1306 1302 l

1302 1303 1310 1672 κ

1420 625 1685 658 'l'estamentum
1710 633 1760 659 est
1785 626 1967 668 promissio
1993 626 2166 661 morituri.
2219 625 2303 660 Ideo

1320 683 1484 719 usurpata
1503 683 1553 708 est
1577 674 1660 709 haec
1685 689 1749 709 vox
1766 678 1808 709 ‹le
1829 677 2058 719 promissione
2075 676 2138 708 filii
2156 677 2221 710 Dei
2241 677 2304 710 do—

1322 728 1439 760 nantis
1474 738 1534 759 sua
1570 727 1754 765 beneficia,
1797 735 1834 760 ut
1868 727 2123 769 significaretur
2158 734 2305 760 ventura

1323 789 1416 810 mors
1430 804 1438 816 ‚
1466 778 1552 809 sicut
1569 778 1609 808 ad
1629 776 1784 810 Ebraeos
1803 778 1969 820 scriptum
1992 785 2050 812 est.
2104 777 2235 811 Addita
2255 783 2306 811 est

1325 828 1432 870 igitur
1448 824 1532 859 haec
1551 828 1716 870 particula
1735 829 1862 861 diserte
1884 826 1964 860 huic
1983 827 2190 867 narrationi,
2217 839 2306 872 quae

1326 880 1368 911 de
1396 878 1577 910 fundendo
1602 879 1772 919 sanguiue
1802 878 1972 922 loquitur.
2026 877 2072 911 Et
2103 879 2308 921 opponendi

1327 935 1408 962 sunt
1433 928 1507 973 typi
1530 929 1709 971 sanguinis
1734 929 1954 962 victimarum
1987 930 2022 961 in
2048 929 2157 961 veteri
2182 928 2306 962 Testa-

1329 986 1467 1019 mento,
1503 978 1563 1023 qui
1587 990 1709 1012 omnes
1731 979 1874 1012 suerunt
1904 979 2004 1022 signa
2032 976 2138 1012 huius
2168 979 2307 1012 futurae

1329 1030 1463 1062 mortis.
2182 1069 2185 1071 Ι

1432 1079 1503 1112 Iam
1523 1086 1557 1113 et
1579 1077 1764 1112 antithesis
1788 1079 2042 1112 consideranda
2063 1086 2113 1113 est
2131 1079 2256 1114 veteris
2274 1086 2306 1114 et

1330 1130 1415 1163 novi
1442 1129 1670 1163 Testamenti.
1723 1129 1832 1164 Vetus
1857 1129 2122 1164 Testamentum
2152 1137 2202 1164 est
2226 1142 2308 1174 pro-

1329 1181 1450 1213 missio
1483 1181 1642 1224 politiae,
1695 1193 1772 1213 cum
1797 1181 2011 1224 obligatione
2036 1182 2078 1214 ad
2103 1182 2310 1214 servandam

1330 1232 1439 1274 legem
1467 1244 1528 1275 per
1545 1230 1694 1276 Moysen
1716 1231 1901 1271 traditam,
1929 1244 2016 1275 quae
2036 1231 2156 1275 politia
2180 1231 2311 1264 consti-

1331 1289 1405 1315 tuta
1439 1289 1506 1322 est,
1554 1289 1591 1314 ut
1619 1283 1654 1313 in
1683 1293 1719 1314 ea
1753 1289 2019 1314 conservaretur
2051 1281 2236 1325 promissio
2267 1283 2311 1314 de

1331 1331 1478 1372 Messia,
1502 1338 1535 1365 et
1551 1332 1599 1364 ibi
1619 1331 1766 1364 Messias
1784 1330 2026 1370 exhiberetur,
2047 1339 2190 1376 propter
2206 1343 2310 1377 quem

1333 1390 1364 1416 et
1383 1394 1519 1425 semper
1536 1383 1583 1414 ibi
1601 1382 1716 1426 aliqua
1735 1383 1923 1415 electorum
1943 1381 2100 1415 Ecclesia
2118 1383 2195 1416 fuit.

1433 1432 1499 1465 Sed
1526 1445 1657 1464 novum
1681 1432 1942 1466 Testamentum
1962 1439 2010 1465 est
2035 1433 2220 1476 promissio
2245 1433 2310 1466 ho·

1333 1494 1460 1515 norum
1478 1490 1717 1522 aeternorum,
1737 1483 1953 1516 remissionis
1969 1490 2206 1525 peccatorum,
2229 1482 2312 1527 Spi-

1334 1534 1421 1566 ritus
1456 1533 1588 1573 sancti,
1630 1533 1786 1565 iusticiae
1822 1541 1853 1566 et
1888 1533 1978 1565 vitae
2014 1540 2189 1573 aeternae,
2222 1544 2312 1578 quae

1336 1590 1476 1626 propter
1496 1583 1661 1616 Messiam
1682 1581 1803 1616 Gratis
1821 1581 2049 1624 exhibentur,
2076 1594 2149 1616 non
2170 1590 2314 1628 propter

1335 1634 1458 1677 legem.

1442 1683 1605 1717 Ass'irmat
1622 1682 1997 1725 igiturDominus,iam
2012 1681 2098 1717 haec
2110 1684 2201 1717 bona
2215 1681 2316 1717 exhi-

1341 1734 1426 1774 beri,
1437 1742 1467 1768 et
1478 1732 1574 1767 hunc
1585 1734 1725 1768 calicem
1738 1732 1842 1767 huius
1859 1732 2084 1768 exhibitionis
2094 1735 2219 1778 pignus
2231 1746 2314 1771 esse.

1342 1785 1473 1827 Magna
1492 1785 1598 1828 igitur
1620 1785 1811 1818 consolatio
1831 1786 2013 1818 universae
2035 1784 2209 1818 Ecclesiae
2233 1797 2316 1829 pro-

1342 1836 1496 1880 ponitur.
1520 1870 1523 1872 ,
1549 1833 1716 1868 Exhibito
1742 1833 1808 1868 hoc
1833 1836 1954 1874 calice,
1989 1836 2077 1869 scias
2100 1842 2192 1869 certo
2217 1833 2316 1869 exhi-

1343 1887 1418 1920 beri
1444 1887 1536 1919 bona
1564 1893 1720 1926 aeterna,
1764 1893 1906 1930 propter
1928 1886 2132 1929 sanguinem
2158 1886 2222 1919 filii
2250 1885 2318 1920 Dei

1343 1937 1490 1970 effusum
1516 1937 1552 1968 in
1574 1937 1682 1980 ipsius
1705 1944 1827 1969 morte.
1880 1936 1950 1969 Nec
1972 1948 2059 1980 opus
2075 1937 2182 1969 ullius
2199 1934 2317 1970 bomi-

1344 1988 1397 2020 nis
1420 1994 1572 2020 meretur
1597 1988 1656 2020 illa
1682 1994 1819 2028 aeterna
1840 1987 1929 2020 bona
1951 1987 2060 2031 legata
2083 1994 2226 2030 propter
2251 1987 2316 2019 filii

1345 2045 1503 2072 mortem.
1558 2037 1638 2070 Non
1671 2038 1778 2080 igitur
1803 2035 1860 2070 hic
1891 2038 1979 2070 ritus
2011 2038 2216 2071 sacrificium
2249 2045 2316 2079 est,

1345 2089 1438 2133 quod
1465 2095 1638 2121 mereatur
1660 2088 1799 2121 facienti
1824 2095 1855 2120 et
1880 2089 1958 2121 aliis
1990 2086 2075 2121 haec
2102 2089 2215 2129 bona,
2255 2090 2317 2121 sed

1344 2146 1489 2173 testatur
1510 2150 1548 2171 ea
1574 2136 1748 2179 exhiberi,
1793 2146 1824 2172 et
1857 2139 1923 2172 fide
1956 2151 1993 2172 ea
2025 2139 2133 2182 accipi
2159 2146 2315 2182 oportet,

1344 2202 1432 2235 quae
1457 2189 1582 2222 nititur
1604 2189 1713 2232 ipsius
1733 2189 1797 2222 filii
1817 2188 1882 2222 Dei
1907 2190 2094 2231 sacrificio,
2135 2201 2208 2222 non
2235 2189 2318 2223 ullis

1343 2240 1472 2274 nostris
1495 2239 1640 2273 meritis.

1445 2290 1540 2323 Haec
1563 2289 1774 2334 amplissima
1803 2291 1962 2324 doctrina
1988 2286 2236 2333 comprehensa
2266 2297 2317 2325 est

1343 2342 1379 2374 in
1409 2339 1473 2374 hac
1498 2341 1732 2385 appellatione
1756 2342 1840 2374 novi
1868 2340 2103 2380 Testamenti,
2129 2353 2232 2385 quam
2259 2338 2318 2375 hic

1343 2394 1513 2435 integram
1545 2391 1728 2435 complecti
1756 2403 1828 2424 non
1851 2402 2049 2435 possumus:
2075 2397 2211 2425 tantum
2236 2392 2318 2425 bre-

1343 2443 1432 2476 viter
1450 2443 1643 2481 admoneo,
1670 2439 1774 2475 huius
1797 2442 1974 2476 doctrinae
1998 2441 2109 2474 sontes
2134 2442 2317 2487 requiren-

1342 2495 1405 2527 dos
1427 2505 1515 2533 esse,
1544 2493 1680 2537 quoties
1697 2493 1741 2525 de
1759 2504 1864 2526 coena
1880 2491 2025 2526 Domini
2047 2493 2256 2536 cogitamus,
2284 2500 2317 2527 et

1342 2544 1477 2590 quoties
1499 2544 1544 2576 ad
1572 2555 1645 2576 eam
1669 2543 1875 2578 accedimus.

1442 2594 1628 2628 Manifesta
1671 2593 1833 2626 refutatio
1871 2599 1920 2626 est
1956 2591 2240 2627 sacrificulorum
2283 2600 2317 2627 et

1313 2650 1315 2656 '
1342 2644 1664 2691 Anabaptistarum.
1717 2641 1807 2677 Cum
1840 2644 1883 2678 sit
1915 2643 2003 2678 ritus
2029 2656 2151 2688 novae=
2164 2643 2316 2689 promis-

1309 1748 1320 2338 *m*
