2415 2942
284 150 358 186 395

390 236 549 270 Secunda
574 234 739 266 obiectio:
780 232 858 265 Non
892 233 1133 274 obtemperare
1158 231 1275 264 omni-

287 291 352 323 bus
370 288 504 319 viribus
521 284 613 322 Deo,
641 291 688 317 est
708 291 885 328 peccatum
898 310 907 323 ‚
935 284 971 315 in
987 280 1129 316 Christo
1146 290 1194 316 est
1212 282 1275 314 ali-

288 352 354 385 qua
380 339 458 380 suga
486 336 625 368 mortis:
678 334 867 377 Quomodo
899 334 1008 377 igitur
1034 333 1164 366 dicitur
1188 333 1275 365 ohe—

287 389 418 423 dientia
437 389 569 429 integra
590 387 626 418 in
645 397 684 418 eo
702 385 807 418 fuisse
822 385 896 418 sine
914 391 1065 428 peccato.
1111 382 1275 427 Respon-

288 443 352 473 deo
372 439 539 471 breviter:
569 435 644 470 Etsi
664 434 748 469 haec
769 437 860 469 lucta
885 435 1033 468 describi
1061 435 1177 467 verbis
1201 447 1272 467 non

289 497 425 536 potest,
453 496 567 521 tamen
585 485 651 520 hoc
668 487 892 520 retinendum
921 493 989 525 est,
1023 487 1118 530 quod
1145 486 1275 519 dicitur

287 544 330 575 ad
358 540 448 575 lleb.
476 539 533 579 4.‚
565 537 745 571 Christum
772 544 943 571 tentatum
981 548 1052 570 esse
1082 538 1273 569 secundum

287 592 425 629 omnia,
469 591 661 623 secundum
691 589 979 627 similitudinem,
1016 588 1090 620 sine
1122 594 1273 631 peccato.

288 645 338 676 Ac
362 642 513 685 primum
540 640 704 673 laceratio
732 640 889 682 corporis
913 651 951 672 ac
974 650 1163 671 nervorum
1189 638 1275 670 late-
1297 636 1300 676 Ι

288 695 408 728 taliter
433 693 531 726 allert
570 691 727 723 dolorem
762 691 837 722 siue
870 697 1021 734 peccato.
1082 688 1144 722 list
1174 696 1207 721 et
1237 678 1300 720 inl

288 746 392 778 corde
426 751 457 777 et
493 742 674 775 voluntate
714 741 886 774 naturalis
927 740 1104 773 moesticia
1138 740 1299 782 fugiens}

288 802 456 836 mortem,
499 805 586 838 quae
623 793 658 824 in
683 790 823 824 Christo
855 792 930 823 sine
964 791 1050 823 vitio
1072 790 1156 829 suit,
1192 790 1300 834 quial

289 847 404 880 omnis
426 852 548 878 natura
566 850 707 875 onerata
727 854 832 885 supra
848 842 938 874 vires
966 841 1092 884 gemit,
1119 847 1155 873 et
1171 852 1275 883 expa-
1297 829 1301 888 Ι

291 897 398 930 vescit
417 895 695 937 magnitudinem
721 893 851 925 oneris.
907 890 1031 924 Doluit
1048 889 1189 931 Cicero,
1215 892 1274 923 sed
1298 893 1301 932 Ι

290 948 509 984 inordinate,
546 944 712 976 dubitans
741 955 785 975 an
816 943 860 975 sit
884 942 1127 986 providentia,
1162 949 1222 974 aut
1247 942 1275 974 si
1299 947 1301 961 ’

288 1010 360 1032 esse
379 995 636 1040 providentiam
656 994 848 1037 cogitabat.
884 993 1034 1025 irascens
1057 994 1148 1029 Deo,
1181 994 1276 1037 quod
1299 1006 1301 1037 g

287 1060 388 1083 causa
409 1048 533 1080 iustior
555 1046 766 1079 vinceretur.
1299 1038 1300 1042 ¹

289 1101 427 1134 tionum
460 1105 492 1130 et
524 1093 823 1139 blasphemiarum
862 1107 935 1127 non
962 1095 1028 1127 suit
1059 1094 1095 1126 in
1121 1091 1301 1127 Christo.)

288 1151 471 1184 Praeterea
488 1147 623 1181 etiamsi
641 1147 729 1179 alius
749 1147 786 1178 in
806 1143 946 1179 Christo
970 1146 1082 1177 maior
1099 1145 1202 1177 dolor
1216 1152 1277 1185 est,

289 1209 326 1235 ut
345 1201 437 1239 dixi,
465 1210 585 1232 sensus
611 1199 682 1230 irae
697 1197 781 1237 Dei,
816 1203 934 1229 tamen
959 1194 1015 1229 hic
1044 1202 1093 1228 est
1120 1196 1195 1228 sine
1221 1196 1276 1228 in-
1299 1190 1301 1236 Ι

291 1252 497 1298 dignatione
513 1257 544 1282 et
560 1246 779 1291 blasphemia
797 1249 961 1280 adversus
980 1246 1107 1287 Deum,
1135 1247 1276 1279 subiicit

289 1316 323 1336 se
340 1301 501 1335 Christus
518 1300 689 1333 voluntati
712 1299 819 1342 patris
843 1311 922 1331 vera
946 1298 1159 1338 reverentia,
1187 1298 1277 1331 sicut

290 1356 331 1387 ad
358 1352 448 1386 lleb.
473 1352 615 1384 dicitur:
659 1349 809 1393 Propter
838 1349 1068 1381 reverentiam
1093 1349 1275 1381 exauditus
1299 1359 1301 1371 Ι

289 1412 358 1444 est,
386 1404 420 1436 id
438 1410 506 1442 est,
534 1409 676 1445 propter
698 1400 937 1433 obedientiam
964 1411 1037 1432 nou
1063 1399 1275 1436 simulatam,
1299 1395 1301 1412 ³

289 1457 348 1489 sed
365 1468 382 1487 a
403 1466 480 1487 vera
508 1452 702 1485 reverentia
728 1458 858 1491 ortam,
886 1463 954 1495 qua
971 1462 1005 1482 se
1024 1450 1115 1482 filius
1134 1457 1275 1482 aeterno

288 1507 378 1552 patri
395 1505 516 1537 volens
536 1503 668 1545 ingenti
685 1514 803 1535 amore
827 1501 963 1544 generis
987 1499 1134 1533 humani
1159 1501 1276 1533 subie-

401 1555 516 1588 Huins
535 1555 622 1587 tanti
640 1554 769 1585 amoris
788 1552 950 1595 cogitatio
967 1553 1101 1584 utinam
1119 1552 1155 1584 in
1173 1552 1276 1584 nobis

876 1603 1051 1636 Assumsit
1076 1613 1182 1644 genus
1209 1600 1275 1635 hu-
1299 1611 1301 1633 Ι

289 1565 345 1591 cit.

288 1607 548 1652 aliquantulum
567 1605 825 1637 accenderetur.

288 1670 433 1692 manum
458 1657 571 1695 filius,
607 1662 641 1688 et
671 1666 706 1687 se
739 1662 838 1688 vocat
859 1655 1002 1687 fratrem
1027 1660 1207 1692 nostrum,
1243 1660 1275 1686 et

291 1711 446 1743 fraterno
463 1719 580 1740 amore
602 1718 682 1738 vere
711 1706 819 1740 ardet.
883 1702 982 1738 Nihil
1007 1705 1101 1736 enim
1127 1704 1274 1737 simula-

290 1769 363 1795 tum
395 1766 453 1792 aut
487 1757 652 1791 ficticium
680 1763 729 1789 est
754 1757 791 1788 in
818 1753 978 1793 Christo,
1023 1762 1055 1788 et
1083 1752 1148 1787 hoc
1178 1761 1274 1788 tanto

289 1823 406 1845 amore
425 1816 604 1848 movetur,
631 1815 668 1840 ut
691 1819 764 1840 sese
790 1804 1166 1840 subiiciat'horrendis
1191 1818 1274 1849 poe·
1299 1833 1300 1836 ,

288 1863 361 1900 nis,
391 1868 423 1894 et
453 1861 524 1892 irae
548 1859 617 1892 Dei
642 1871 704 1902 pro
727 1859 840 1892 nobis.
901 1857 1143 1890 Exuscitemus
1168 1857 1275 1899 igitur

287 1925 352 1947 nos
375 1910 480 1944 huius
503 1910 634 1943 amoris
657 1909 885 1952 cogitatione,
924 1915 963 1942 ut
987 1908 1114 1941 fiducia
1137 1907 1275 1940 miseri·
1299 1920 1301 1927 ¹

287 1964 428 1998 cordiae
448 1962 559 2009 ipsius
580 1971 659 2003 erga
681 1972 745 1993 nos
772 1961 1001 2000 accendatur,
1038 1966 1070 1992 et
1096 1970 1160 1992 nos
1184 1971 1273 2003 quo-0
1299 1974 1300 1987 ι

286 2028 353 2061 que
370 2024 473 2048 sensu
488 2012 605 2056 aliquo
623 2011 850 2053 gratitudinis
867 2022 1083 2049 moveamur,
1109 2016 1147 2043 ut
1165 2009 1274 2052 magis

289 2067 491 2100 studeamus
507 2061 581 2095 Deo
599 2062 753 2097 obedire.

390 2114 512 2148 Tertia
537 2113 706 2146 obiectio:
745 2112 942 2155 Pugnantia
971 2123 1040 2144 non
1065 2117 1211 2155 possunt
1235 2110 1273 2142 in

288 2168 410 2202 eodem
435 2177 516 2199 esse.
568 2163 658 2198 Cum
682 2170 798 2197 autem
823 2161 986 2196 Christus
1007 2173 1143 2204 semper
1167 2161 1274 2194 fuerit

286 2220 429 2259 beatus,
457 2216 563 2249 fuisse
579 2227 657 2248 eum
681 2214 718 2246 in
742 2213 924 2247 excellenti
948 2213 1079 2246 laetitia
1105 2212 1273 2256 sequitur.
1297 2236 1299 2239 ψ

288 2268 478 2312 Quomodo
518 2265 769 2309 igitur.simul
802 2271 851 2297 est
881 2271 979 2297 tanta
1015 2263 1273 2296 consternatio?

288 2318 516 2363 Respondeo:
545 2316 621 2351 Etsi
642 2316 701 2349 alii
720 2316 924 2349 discernunt
941 2320 1056 2358 partes
1071 2325 1132 2346 seu
1149 2320 1272 2357 poten·
1296 2318 1299 2351 Ι

288 2371 352 2404 tias
378 2371 412 2402 in
434 2366 596 2408 Christo,
633 2375 664 2401 et
687 2367 764 2400 aliis
788 2367 950 2400 tribuunt
972 2365 1162 2405 laetitiam,
1195 2365 1273 2398 aliis
1297 2380 1298 2394 t

287 2422 467 2458 dolorem,
510 2426 627 2452 tamen
655 2418 850 2462 simplicior
875 2417 1056 2462 responsio
1080 2422 1151 2455 est,
1185 2423 1273 2450 tem-
1296 2405 1298 2462 Ι

288 2484 372 2517 pora
392 2470 600 2504 discernere.
653 2468 729 2502 Hoc
753 2469 819 2502 suit
836 2476 992 2512 tempus,
1019 2468 1055 2500 in
1073 2477 1144 2511 qno
1162 2466 1273 2499 beati·
1295 2466 1299 2513 Ι

289 2524 375 2557 tudo
394 2532 453 2553 seu
470 2520 581 2562 gloria
598 2532 671 2553 non
689 2520 785 2553 fulsit
801 2520 839 2553 in
856 2518 950 2563 filio,
975 2525 1015 2552 ut
1030 2519 1126 2551 alias.
1170 2516 1274 2550 Nunc
1295 2518 1299 2539 ¹

288 2573 383 2607 enim
412 2571 611 2616 quiescente
632 2578 756 2603 natura
782 2571 925 2614 divina,
950 2576 984 2603 et
1006 2581 1077 2603 non
1096 2575 1274 2601 exserente
1296 2587 1299 2622 Ι

287 2636 384 2658 suam
403 2622 616 2666 potentiam,
643 2622 730 2654 iacet
755 2619 984 2665 humiliatus,
1011 2627 1046 2654 et
1061 2627 1100 2654 ut
1115 2619 1275 2654 tristissi-
1297 2624 1299 2657 ἶ

288 2687 344 2708 ma
362 2686 444 2708 voce
460 2672 592 2705 dicitur
608 2672 700 2716 apud
717 2670 804 2705 Esa:
834 2672 1022 2706 Percussus
1039 2683 1058 2704 a
1075 2670 1163 2706 Deo.
1208 2669 1274 2703 His
1297 2666 1300 2703 Ῐ

289 2727 402 2760 trihus
436 2723 652 2767 argumentis
683 2723 931 2764 consideratis,
972 2723 1051 2771 piae
1075 2729 1209 2755 mentes
1230 2722 1274 2754 de
1296 2750 1300 2762 ,

868 145 993 180 PHlL.
1023 145 1138 180 MEL.
1168 144 1378 180 SCRIPTA
1404 142 1704 180 EXEGETICA.

1299 939 1300 944 Ι
1326 928 1452 951 remus.

827 1043 926 1076 'salis
949 1043 1108 1076 confusio
1134 1044 1276 1075 ‹lubita-
1299 1048 1307 1073 t

2235 148 2309 184 396

1328 231 1420 264 lucta
1435 228 1567 264 Christi
1595 231 1802 274 cogitantes,
1839 232 1958 277 aliquo
1983 234 2091 266 modo
2114 245 2318 267 commone-

1326 282 1413 315 fiunt
1427 309 1436 322 ,
1464 294 1553 326 quae
1571 282 1703 315 suerint
1722 282 1818 314 illius
1835 283 1969 316 doloris
1991 296 2125 318 causae.
2178 283 2225 318 Et
2240 285 2316 318 sin-

1326 332 1399 375 guli
1434 333 1470 365 in
1505 333 1640 375 magnis
1664 333 1849 366 doloribus
1873 334 2026 377 propriis
2058 335 2159 368 istam
2186 335 2315 369 luctam

1326 384 1542 417 intueantur.
1595 382 1702 425 Quod
1721 396 1798 417 cum
1815 384 1995 425 faciemus,
2019 397 2092 418 non
2110 386 2224 419 solum
2241 398 2316 419 ma-

1326 435 1376 478 gis
1396 434 1544 476 intelligi
1562 434 1801 467 consternatio
1817 432 1949 468 Christi
1968 436 2106 478 poterit,
2132 437 2191 469 sed
2211 437 2315 470 etiam

1298 489 1299 493 ’
1325 485 1602 518 consolationem
1632 486 1675 517 ab
1699 485 1809 529 ipsius
1844 486 2002 529 exemplo
2033 492 2066 519 et
2088 486 2232 520 victoria
2256 499 2317 521 su-

1325 547 1481 574 memus,
1509 536 1589 569 tulit
1614 536 1707 569 filius
1725 535 1787 569 Dei
1811 542 1879 569 tam
1906 534 2103 570 horrendos
2128 537 2314 579 cruciatus,

1326 587 1479 619 feramus
1498 598 1562 618 nos
1578 599 1731 631 quoque.
1783 586 1970 620 Sustinens
1993 594 2108 621 autem
2132 599 2194 631 pro
2211 588 2316 622 nobis

1325 637 1581 681 interpellavit,
1607 645 1639 671 et
1663 637 1765 670 nobis
1781 637 1983 681 impetravit
2008 639 2263 681 mitigationem
2281 646 2316 673 et

1325 688 1570 721 liberationem
1584 713 1593 727 ,
1620 689 1708 721 sicut
1724 688 1825 721 dicit:
1861 685 1896 721 Ο
1914 700 2027 727 mors,
2059 701 2119 722 ero
2133 701 2227 722 mors
2245 696 2315 724 tua.

1324 737 1400 772 Hac
1424 740 1491 771 fide
1514 751 1578 772 nos
1603 740 1638 771 iu
1666 739 1796 772 nostris
1823 740 2169 773 consternationibus
2200 740 2314 783 eriga-

1325 801 1420 830 mus,
1446 788 1529 822 haec
1545 790 1759 833 experientia
1782 790 1974 823 illustrabit
2000 788 2090 824 hanc
2107 791 2316 827 doctrinam.

1429 865 1500 898 Iam
1520 866 1645 899 ordine
1662 877 1827 910 personas
1842 865 1878 898 in
1907 865 2022 909 primo
2047 873 2126 900 actu
2150 867 2315 901 conside-

1507 914 1669 950 Christus
1694 917 1799 950 sentit
1822 918 1995 950 cruciatus
2022 917 2200 960 ingentes,
2235 930 2315 951 cum

1326 965 1380 999 his
1420 967 1591 1007 luctatur,
1635 975 1668 1000 et
1705 968 1966 1011 precationibus
1990 979 2025 1000 se
2055 975 2243 1009 sustentat,
2280 976 2314 1003 et

1326 1018 1604 1051 consolationem
1623 1018 1819 1060 experitur,
1847 1030 1927 1051 nain
1947 1026 1979 1051 et
1999 1019 2144 1062 angelus
2167 1020 2211 1052 ad
2234 1031 2315 1053 eum

1326 1068 1607 1101 confirmandum
1627 1068 1791 1104 mittitur,
1845 1067 1885 1101 ln
1903 1066 1967 1101 hac
1983 1069 2075 1102 lucta
2095 1081 2175 1103 vere
2199 1070 2237 1103 fit
2261 1070 2314 1102 vi-

1327 1119 1449 1159 ctima,
1490 1130 1549 1151 seu
1582 1130 1691 1161 agnus
1714 1118 1787 1164 Dei,
1808 1119 1986 1152 sustinens
2013 1127 2131 1153 nostra
2165 1127 2314 1164 peccata.

1327 1169 1431 1203 Tunc
1449 1169 1541 1202 enim
1561 1168 1688 1202 iraDei
1710 1169 1745 1201 in
1763 1181 1842 1210 eum
1860 1169 2066 1209 effunditur,
2092 1182 2130 1203 ac
2147 1171 2215 1204 tale
2231 1172 2313 1216 qui-

1327 1222 1405 1253 dem
1434 1227 1537 1264 caput
1559 1227 1608 1253 est
1633 1218 1820 1252 Ecclesiae.
1874 1219 1969 1262 Quid
1996 1221 2137 1253 interim
2159 1220 2315 1255 Ecclesia

1326 1271 1398 1304 ait'?
1425 1270 1586 1315 Apostoli
1607 1282 1670 1303 nec
1693 1270 1974 1313 magnitudinem
1999 1271 2162 1304 dolorum
2180 1269 2314 1305 Christi

1327 1323 1551 1365 intelligunt,
1602 1334 1666 1354 nec
1698 1321 1800 1354 valde
1834 1328 2015 1364 anguntur
2053 1321 2199 1362 animis,
2243 1322 2315 1355 imo

1326 1373 1431 1406 etiam
1461 1384 1585 1405 somno
1619 1373 1820 1406 vincuntur.
1887 1373 1934 1405 At
1958 1370 2117 1406 Christus
2148 1373 2314 1416 obiurgat

1327 1435 1404 1463 eos,
1432 1424 1527 1468 quod
1544 1435 1616 1455 non
1634 1423 1703 1455 sint
1723 1423 1833 1465 magis
1851 1422 2034 1465 vigilantes
2052 1429 2083 1456 et
2101 1422 2245 1463 intenti,
2273 1435 2312 1456 ac

1299 1499 1301 1502 <
1327 1474 1517 1518 praecipit,
1544 1481 1581 1507 ut
1601 1481 1701 1507 orent
1718 1473 1850 1513 Deum,
1878 1486 1921 1506 ne
1938 1473 2184 1517 opprimantur
2198 1480 2313 1507 tenta-

1327 1525 1434 1559 tione.
1488 1524 1582 1557 Haec
1600 1525 1768 1567 particula
1790 1524 2037 1557 universaliter
2053 1524 2164 1568 pingit
2183 1525 2314 1558 securi-

1300 1599 1301 1605 Ι
1326 1583 1432 1609 tatem
1460 1582 1492 1608 et
1517 1575 1765 1618 negligentiam
1790 1586 1936 1618 magnae
1960 1575 2067 1618 partis
2094 1575 2130 1607 in
2148 1573 2314 1616 Ecclesia,

1300 1635 1301 1649 ³
1328 1627 1487 1659 nondum
1506 1626 1689 1658 sentientis
1705 1637 1903 1665 aerumnas,
1930 1625 2033 1659 etiam
2051 1637 2128 1658 cum
2147 1625 2208 1658 alii
2226 1637 2312 1658 con-

1326 1678 1505 1710 flictantur
1531 1676 1731 1719 ingentibus
1756 1676 1916 1708 miseriis.
1974 1674 2043 1708 Hic
2066 1682 2184 1708 monet
2208 1674 2316 1708 Chri-

1330 1736 1402 1762 stus
1416 1755 1424 1768 ,
1453 1735 1489 1761 ut
1508 1727 1657 1760 sciamus
1674 1738 1861 1759 commune
1878 1726 2072 1770 periculum
2093 1737 2176 1767 esse,
2204 1732 2236 1759 et
2254 1738 2315 1770 pe-

1327 1786 1440 1812 tamus
1458 1790 1521 1811 nos
1539 1778 1671 1815 iuvari,
1700 1778 1791 1820 regi,
1820 1777 2041 1817 confirmari,
2067 1789 2111 1809 ne
2133 1783 2192 1810 aut
2214 1788 2314 1810 secu—

1299 1844 1300 1849 *
1328 1842 1386 1863 rae
1411 1836 1545 1862 mentes
1571 1836 1675 1862 ruant
1698 1829 1736 1860 in
1758 1826 1971 1872 Epicureum
1995 1833 2230 1868 contemtum,
2255 1835 2316 1862 aut

1299 1906 1300 1912 ,
1327 1891 1512 1928 oppressae
1536 1880 1628 1912 mole
1652 1879 1890 1912 calamitatum
1920 1885 2123 1912 evertantur
2151 1879 2316 1922 despera-

1327 1933 1441 1971 tione,
1468 1938 1507 1964 ut
1523 1930 1601 1968 Eli,
1627 1930 1730 1969 Saul,
1757 1929 1818 1962 alii
1836 1929 2126 1962 innumerabiles.
2167 1928 2313 1973 Semper

1327 1991 1442 2017 tamen
1461 1981 1569 2025 aliqui
1588 1988 1669 2013 sunt
1685 1980 1721 2012 in
1737 1978 1892 2013 Ecclesia
1904 2007 1912 2020 ,
1938 1979 2000 2024 qui
2018 1991 2098 2012 vere
2121 1986 2314 2022 agnoscunt

1327 2033 1545 2066 voluntatem
1563 2030 1628 2064 Dei
1651 2032 1694 2064 de
1716 2037 1854 2074 peccato
1881 2038 1913 2063 et
1938 2032 1979 2063 de
2003 2030 2193 2062 mediatore
2208 2027 2314 2063 Chri-

1326 2090 1399 2121 sto,
1441 2090 1474 2116 et
1509 2082 1713 2125 intelligunt
1738 2081 1877 2114 dolores
1903 2078 2053 2120 Christi,
2095 2088 2127 2114 et
2157 2081 2316 2115 sentiunt

1326 2134 1446 2179 aliquo
1466 2134 1572 2166 modo
1598 2132 1729 2165 similes
1745 2133 1883 2165 dolores
1898 2159 1907 2173 ,
1934 2138 1968 2165 et
1985 2138 2166 2176 expectant
2182 2131 2313 2165 libera-

1326 2185 1477 2224 tionem,
1504 2190 1542 2217 ut
1558 2184 1640 2216 inde
1660 2195 1769 2228 usque
1785 2184 1828 2216 ab
1848 2183 1951 2217 initio
1977 2183 2170 2216 recitantur
2187 2182 2314 2216 tristis—

1326 2236 1407 2269 simi
1432 2235 1546 2269 luctus
1561 2233 1678 2273 Adae,
1706 2233 1820 2274 Noae,
1848 2231 2031 2272 Abrahae,
2059 2233 2175 2273 Mosi‚
2202 2231 2313 2265 Davi-

1326 2287 1399 2328 dis,
1425 2294 1488 2321 etc.
1543 2284 1624 2333 Ipso
1648 2292 1804 2329 tempore
1820 2285 1992 2329 passionis
2008 2283 2122 2317 Maria
2140 2283 2313 2316 intellexit

1328 2350 1391 2372 cur
1410 2343 1586 2381 pateretur
1603 2337 1706 2377 filius,
1735 2343 1767 2369 et
1785 2336 1876 2369 socia
1893 2335 1959 2368 suit
1975 2334 2152 2375 dolorum,
2178 2341 2210 2368 et
2227 2346 2312 2368 con-

1330 2388 1436 2422 stanti
1451 2389 1519 2421 fide
1536 2387 1730 2431 expectavit
1748 2387 2008 2420 liberationem.

1424 2462 1580 2498 Econtra
1597 2474 1764 2507 personae
1790 2462 1978 2495 inferentes
2001 2461 2133 2494 bellum
2157 2458 2312 2503 Christo,

1325 2528 1415 2562 quae
1445 2522 1527 2548 sunt
1557 2513 1769 2559 principales
1794 2524 1915 2546 causae
1945 2512 2196 2552 certaminum,
2230 2519 2313 2546 sunt

1324 2568 1476 2607 diaboli,
1503 2565 1604 2609 impii
1629 2565 1825 2598 sacerdotes
1851 2569 1884 2596 et
1913 2575 2035 2596 eorum
2059 2564 2238 2601 doctores,
2274 2570 2309 2597 et

1324 2631 1364 2652 ex
1389 2619 1464 2662 ipso
1491 2624 1592 2650 coetu
1615 2614 1749 2649 Christi
1772 2615 1987 2658 proditores:
2021 2615 2151 2648 deinde
2176 2614 2311 2657 politici

1324 2670 1565 2712 magistratus,
1596 2674 1629 2701 et
1645 2666 1794 2700 maxima
1813 2677 1892 2710 pars
1914 2667 2056 2710 populi,
2083 2672 2116 2698 et
2137 2664 2199 2698 alii
2224 2664 2310 2698 alias

1324 2718 1455 2754 habent
1480 2729 1611 2752 causas.
1675 2716 1820 2750 Diaboli
1844 2718 1970 2751 ardent
1994 2716 2202 2761 simpliciter
2226 2715 2309 2748 odio
