2415 2942
257 91 353 126 1263

263 173 432 215 Intelligit
451 177 562 203 autem
583 168 760 199 iuncturas
775 170 807 196 et
835 173 1018 205 compages
1041 172 1250 194 consensum

267 228 301 260 in
329 227 447 257 eadem
475 231 555 252 vera
583 217 763 253 doctrina,
806 226 875 259 quo
900 224 1072 245 consensu
1096 212 1255 244 membra

269 275 444 311 Ecclesiae
461 270 689 313 copulantur,
718 273 747 299 et
767 265 858 297 filins
876 263 941 297 Dei
960 263 1077 296 efficax
1095 269 1165 301 est,
1183 262 1258 294 col-

270 329 378 367 ligens
407 321 599 356 Ecclesiam
634 329 703 351 una
737 324 770 350 et
800 317 920 348 eadem
950 326 1033 346 voce
1064 312 1262 355 Evangelii,

272 378 359 410 sicut
384 373 514 417 inquit:
550 369 623 411 ligo
645 380 721 400 sum
749 367 849 409 vitis,
879 377 938 398 vos
956 365 1126 408 palmites.
1182 362 1263 396 Est-

273 439 340 471 que.
365 421 549 457 antithesis
576 419 735 462 opposita
772 415 1016 454 entlmsiastis,
1058 416 1101 447 de
1135 414 1263 459 quibus

277 479 372 522 prius
397 475 503 513 dixit,
541 471 636 516 quasi
672 469 779 501 dicat:
818 468 873 500 llli
901 467 1098 509 gloriantur
1131 478 1164 498 se
1193 475 1265 497 esse

276 526 451 560 domicilia
473 523 535 556 Dei
556 529 587 554 et
613 518 740 553 babere
766 516 1039 555 enthusiasmos,
1068 517 1126 548 sed
1151 516 1264 563 palam

275 578 514 611 mentiuntur,
543 573 623 616 quia
643 583 704 603 nec
722 571 876 602 membra
894 575 974 601 sunt
993 566 1180 606 Ecclesiae,
1200 577 1264 597 nec

278 628 410 662 liabitat
434 625 528 659 Deus
555 624 589 655 in
618 622 886 664 impostoribus,
915 619 974 663 qui
1000 619 1137 660 fingunt
1161 627 1269 659 genus

281 679 462 712 dot-trinae
502 673 718 707 contrarium
755 670 962 713 Evangelio.
1032 668 1101 701 Sed
1135 666 1267 699 habitat

280 730 374 763 Deus
402 729 437 760 in
464 724 536 765 liis,
565 724 623 768 qni
652 730 731 755 sunt
750 721 904 755 adiuncti
929 716 1210 763 capitiClnisto,
1239 724 1271 749 et

281 787 363 813 sunt
390 778 545 811 membra
572 773 746 807 Ecclesiae
769 771 956 806 retinentia
981 770 1126 803 eandem
1152 780 1270 801 vocem

282 829 466 872 Evangelii
485 828 736 867 incorruptam.

385 903 593 938 Gloriantur
610 896 861 941 Anabaptistae
882 907 916 928 se
936 893 1065 928 habere
1093 895 1273 928 mirandos

284 955 552 991 enthusiasmos,
577 951 634 983 sed
655 956 785 981 certum
806 952 868 987 est,
882 958 939 978 eos
958 958 1028 979 esse
1047 947 1272 989 impostores:

287 1007 367 1052 quia
401 1004 581 1037 manifeste
610 1000 796 1032 discedunt
830 1009 847 1029 a
879 997 990 1040 capite
1027 994 1167 1030 Christo
1198 1003 1229 1029 et
1257 1008 1274 1028 a

287 1057 444 1092 doctrina
463 1052 665 1095 Evangelii,
694 1057 725 1082 et
747 1055 827 1081 sunt
844 1045 960 1080 hostes
981 1060 1081 1080 verae
1100 1046 1275 1080 Ecclesiae

285 1117 316 1142 et
349 1106 528 1139 doctrinae
559 1114 678 1138 verae,
714 1101 851 1141 fingunt
885 1110 920 1130 se
954 1110 1025 1131 sese
1066 1099 1176 1130 iustos
1205 1098 1275 1130 suis

287 1157 462 1191 ementitis
483 1154 659 1187 afflatibus
677 1159 708 1184 et
729 1163 787 1182 sua
809 1149 993 1193 patientia,
1023 1156 1054 1181 et
1074 1149 1276 1192 patientiam

286 1209 472 1242 nominant
497 1204 729 1238 desertionem
756 1200 889 1244 politici
914 1200 1050 1232 ordinis
1075 1207 1140 1233 etc.
1204 1199 1276 1241 Qui

285 1267 401 1293 tantos
424 1268 556 1289 errores
582 1255 735 1287 retinent
761 1258 954 1295 pugnantes
972 1262 1049 1282 curn
1070 1249 1277 1293 Evangelio,

288 1323 350 1343 nec
370 1308 495 1350 templa
517 1306 582 1340 Dei
608 1311 708 1342 sunt,
736 1315 798 1334 nec
824 1302 979 1333 membra
998 1299 1191 1340 Ecclesiae,
1219 1302 1275 1333 sed

289 1369 369 1393 sunt
394 1367 488 1391 extra
513 1366 694 1399 compages
720 1353 816 1392 illas,
850 1353 892 1384 de
918 1353 1047 1395 quibus
1071 1349 1128 1383 hic
1148 1351 1278 1384 Paulus

290 1411 459 1455 loquitur.

290 1511 334 1545 Si
349 1507 484 1542 morlai
499 1505 583 1540 estis
600 1517 676 1537 cum
695 1499 847 1536 Christo
866 1501 913 1534 ab
937 1499 1119 1534 elementis
1138 1499 1279 1542 mundi,

292 1574 353 1595 cur
370 1566 548 1606 tanquam
568 1557 719 1588 viventes
746 1553 784 1586 in
813 1549 950 1585 mundo
974 1549 1112 1584 decreta
1127 1551 1280 1599 fimitis:

323 1611 410 1646 ⁴Yon
429 1609 596 1653 attingas
609 1635 617 1647 ,
645 1618 716 1638 non
738 1607 942 1644 contrectes,
967 1614 1039 1634 non
1054 1607 1177 1647 gasles
1196 1607 1255 1636 esc.

394 1686 501 1719 Initio
528 1682 693 1716 monendi
720 1687 802 1713 sunt
829 1679 1006 1715 iuniores,
1045 1675 1130 1710 haec
1157 1679 1281 1711 verba:

294 1739 373 1774 Non
401 1737 567 1778 attingas,
603 1745 674 1765 non
699 1738 830 1773 gustes,
868 1741 940 1762 non
966 1736 1177 1769 contrectes,
1213 1729 1281 1762 dici

293 1789 517 1834 Διιιμιῃτικῑῢς,
559 1796 619 1817 seu
645 1782 841 1822 recitative,
888 1792 959 1812 non
983 1780 1210 1822 dispositive,
1247 1780 1282 1812 id

295 1850 362 1879 est,
383 1839 510 1871 Paulus
526 1835 646 1868 recitat
664 1833 817 1876 exempla
835 1831 1027 1864 alienarum
1044 1831 1160 1872 legum
1173 1858 1181 1871 ‚
1197 1843 1282 1875 qua-

296 1893 345 1924 les
371 1887 572 1931 livpocritae
595 1885 775 1917 condunt:
820 1882 898 1915 Non
924 1889 1038 1923 gustes
1063 1893 1201 1913 carnem
1227 1881 1282 1913 die

296 1929 468 1975 sexto'etc.
524 1936 604 1970 Non
623 1934 768 1967 inseruit
783 1931 868 1965 haec
885 1933 988 1964 verba
1010 1939 1175 1976 tanquam
1192 1932 1282 1975 leges

295 1993 429 2030 serem,
456 1995 494 2022 ut
510 1983 672 2020 monachi
690 1984 819 2017 insulse
840 1982 1060 2026 interpretati
1084 1989 1183 2020 sunt,
1209 1995 1281 2015 non

298 2041 532 2083 intelligentes
572 2037 724 2079 figuraml
751 2033 927 2067 dictionis.
996 2032 1108 2066 Addit
1147 2039 1281 2066 autem:

298 2092 398 2136 Quae
425 2096 507 2123 sunt
530 2087 649 2121 omnia
673 2085 857 2118 interitura
886 2084 961 2127 ipso
985 2095 1069 2121 usu,
1104 2089 1142 2116 ut
1168 2084 1282 2125 vestis,

297 2142 424 2189 pocula
449 2145 648 2174 atteruntur
681 2147 746 2169 usu
772 2135 930 2172 assiduo,
970 2134 1040 2166 cibi
1064 2145 1129 2167 usu
1154 2147 1282 2167 consu-

298 2199 456 2227 muntur.
503 2189 589 2223 Vult
607 2187 701 2221 enim
719 2186 853 2225 dicere,
878 2184 1016 2217 novitas
1032 2184 1068 2216 in
1086 2186 1216 2218 renatis
1233 2193 1283 2219 est

300 2251 441 2277 aeterna
463 2241 523 2274 lux
553 2246 586 2273 et
610 2239 682 2271 vita
709 2248 771 2281 per
799 2236 910 2268 filium
941 2246 1022 2267 voce
1045 2233 1227 2278 Evangelii
1251 2243 1286 2271 et

301 2294 437 2338 Spiritu
454 2297 573 2325 sancto
597 2299 738 2322 accensa
751 2313 760 2328 ,
788 2292 820 2319 et
846 2292 927 2319 sunt
946 2296 999 2318 res
1015 2292 1173 2318 aeternae
1191 2287 1283 2320 filius

301 2343 368 2378 Dei
394 2350 425 2376 et
443 2342 594 2386 Spiritus
616 2346 764 2373 sanctus.
817 2335 897 2369 Non
923 2343 973 2369 est
999 2336 1105 2379 igitur
1123 2334 1283 2381 Evange-

301 2395 341 2428 lii
361 2393 496 2427 iusticia
521 2403 575 2424 res
598 2402 658 2424 seu
681 2387 878 2422 observatio
902 2387 972 2427 rei,
1000 2399 1087 2432 quae
1109 2399 1174 2420 usu
1200 2399 1285 2421 con-

301 2444 470 2485 sumitur,
503 2448 542 2475 ut
565 2442 723 2475 ciborum
747 2444 806 2472 aut
828 2437 991 2472 vestium.
1058 2437 1110 2470 Ac
1133 2440 1284 2472 vocabu-

301 2496 378 2529 lum
400 2489 599 2537 ἅπόχρησις
617 2503 689 2524 non
711 2487 881 2533 significat
912 2489 1081 2528 abusum,
1118 2489 1210 2532 quod
1236 2496 1285 2523 est

301 2541 539 2590 κατάχρησις,
565 2542 623 2575 sed
639 2536 838 2586 ἁπόχρησις
861 2538 1032 2582 significat
1047 2538 1283 2572 assiduitatem

302 2608 386 2630 usus
415 2607 476 2628 seu
499 2591 744 2626 sufficientiam
769 2591 806 2623 in
829 2601 914 2631 usu,
947 2595 986 2622 ut
1010 2588 1282 2623 innumerabilia

826 78 950 112 PIllL.
981 77 1095 112 MEL.
1124 73 1335 110 SCRIPTA
1364 73 1660 111 EXEGETICA.

1309 161 1430 195 τειιῦν.

2195 75 2293 111 1264

1489 157 1671 205 Ἀποχρῇ,
1707 160 1741 193 id
1771 166 1838 202 est,
1873 161 1999 196 sufficit
2034 161 2148 195 dicere
2182 161 2300 194 Deum

1311 217 1490 244 tantorum
1507 212 1683 245 bonorum
1701 217 1858 244 autorem
1877 223 1962 245 esse.

1312 291 1517 327 Secundum
1534 291 1716 327 mandata
1735 299 1764 327 el
1783 291 1971 327 doctrinas
1989 291 2190 333 hominum,
2208 304 2301 341 quae

1339 342 1474 378 habent
1495 345 1643 392 speciem
1660 344 1864 393 sapientiae
1883 345 1921 378 in
1937 344 2190 390 superstitione
2207 349 2268 380 etc.

1417 411 1465 447 Ut
1489 413 1568 446 sciri
1593 413 1700 457 possit
1731 413 1765 445 in
1790 410 1845 445 his
1863 411 1963 445 Pauli
1993 413 2221 446 concionibus
2245 425 2302 446 re-

1317 464 1373 496 iici
1401 475 1474 496 non
1500 464 1612 497 solum
1639 464 1853 496 ceremonias
1878 463 2071 501 Mosuicas,
2108 465 2166 495 sed
2199 465 2302 497 etiam

1318 515 1406 547 alios
1436 514 1524 547 ritus
1541 542 1549 554 ,
1585 515 1644 559 qui
1670 515 1904 547 instituuntur
1926 511 2079 546 hnmana
2106 514 2301 555 autoritate,

1319 566 1391 597 sive
1417 566 1460 597 ab
1479 564 1682 609 Episcopis‚
1711 566 1782 597 sive.
1806 578 1822 597 a
1848 563 2053 605 Monzmbis,
2080 565 2150 597 sive
2168 565 2211 596 ab
2227 565 2306 597 aliis

1320 614 1535 649 hominibus.
1592 615 1673 648 ldeo
1701 628 1856 659 expresse
1884 613 1939 647 hic
1956 615 2115 647 nominat
2140 621 2171 648 et
2193 615 2306 649 reiicit

1322 674 1503 710 praecepta
1528 674 1559 699 et
1586 668 1762 699 doctrinas
1790 664 1992 703 bominum,
2027 672 2058 698 et
2087 665 2306 708 superstitio-

1322 730 1402 757 nes,
1431 729 1515 762 quas
1533 718 1691 751 nominat
1711 713 2037 762 ἑθελωθρησκείας,
2064 716 2099 748 id
2125 723 2194 757 est,
2220 716 2335 768 ritus·
2383 731 2385 736 ’

1323 769 1395 800 sine
1412 770 1574 801 mandato
1588 769 1649 801 Dei
1664 768 1883 811 excogitatos,
1903 779 1963 800 seu
1980 767 2138 800 exercitia
2156 767 2210 799 vel
2229 779 2306 800 cor-

1324 819 1418 861 poris
1443 819 1641 852 vexationes
1665 831 1736 852 non
1766 819 1945 851 mandatas
1969 829 1986 849 a
2011 817 2104 857 Deo,
2131 824 2170 850 ut
2194 817 2305 862 aliqui

1324 870 1476 901 inediam
1504 869 1609 902 tridui
1645 877 1704 903 aut
1737 870 1890 912 plurium
1917 869 2053 901 dierum
2078 868 2144 901 sibi
2172 868 2309 901 indixe-

1325 926 1419 952 runt.
1471 918 1647 953 Eremitae
1685 921 1898 952 abdiderunt
1933 931 1967 951 se
2003 920 2037 951 in
2081 919 2307 952 solitudinem

1325 971 1427 1003 etiam
1447 971 1589 1002 familiis
1606 970 1745 1003 relictis.
1800 966 1967 1002 Monaclii
1985 969 2212 1002 instituerunt
2229 981 2309 1002 coe-

1326 1022 1471 1053 libatum
1500 1028 1530 1054 et
1556 1021 1642 1053 alios
1666 1022 1764 1055 ritus.
1817 1019 1962 1062 Semper
1985 1020 2020 1051 in
2045 1020 2176 1052 mundo
2202 1019 2310 1053 usita-

1326 1079 1400 1105 tum
1429 1072 1494 1104 suit
1520 1072 1648 1115 fingere
1676 1072 1808 1110 cultus,
1837 1078 1868 1103 et
1891 1071 1972 1102 inde
2001 1070 2168 1113 processit
2199 1071 2308 1102 auda-

1325 1124 1376 1155 cia
1405 1120 1608 1166 bominum,
1650 1130 1689 1156 nt
1717 1123 1819 1154 etiam
1854 1133 1944 1154 nova
1971 1121 2115 1153 numina
2138 1121 2310 1164 fingerent

1326 1174 1526 1215 excogitatis
1563 1174 1668 1206 variis
1705 1173 1876 1212 cultilius,
1913 1178 1951 1204 ut
1980 1171 2108 1205 milites
2135 1172 2312 1204 finxerunt

1327 1223 1498 1264 Martem,
1540 1225 1703 1257 mulieres
1743 1224 1930 1262 lunonem,
1975 1222 2146 1255 Venerem
2182 1229 2215 1255 et
2244 1222 2312 1255 alia

1328 1276 1433 1308 idola.
1473 1275 1605 1318 Alligat
1622 1282 1735 1308 autem
1755 1286 1818 1306 nos
1836 1273 1929 1323 Deus
1946 1272 1981 1305 iu
2000 1273 2114 1317 primo
2131 1279 2313 1317 praecepto

1329 1325 1492 1368 Decalogi
1517 1328 1558 1358 ad
1583 1338 1692 1359 unum
1718 1338 1836 1357 verum
1855 1325 1992 1367 Deum,
2019 1324 2134 1369 quise
2152 1323 2313 1367 patefecit

1329 1375 1394 1408 hoc
1420 1378 1494 1419 ipso
1521 1378 1644 1414 verbo,
1681 1378 1773 1420 quod
1808 1375 1952 1408 tradidit
1985 1387 2045 1418 per
2063 1372 2254 1418 Prophetas
2280 1381 2313 1407 et

1330 1439 1389 1469 per
1413 1427 1540 1467 filium,
1569 1435 1600 1460 et
1625 1427 1822 1470 saepissime
1842 1427 1983 1458 damnat
2009 1436 2129 1457 omnes
2152 1425 2236 1457 alias
2256 1425 2314 1457 in—

1331 1477 1550 1515 vocationes,
1585 1485 1624 1511 ut
1658 1490 1735 1510 cum
1772 1477 1901 1521 inquit:
1936 1475 2014 1508 Non
2050 1472 2196 1508 habebis
2226 1476 2316 1508 Deos

1331 1528 1474 1561 alienos,
1530 1528 1630 1561 ltem:
1668 1527 1861 1560 Dominum
1888 1525 2000 1559 Deum
2029 1533 2127 1559 tuum
2152 1526 2315 1559 adorabis

1332 1585 1363 1610 et
1383 1579 1434 1609 illi
1452 1577 1515 1610 soli
1545 1578 1684 1612 servies.
1740 1576 1781 1610 Et
1805 1577 1899 1609 Esai.
1918 1577 1995 1610 44:
2024 1575 2117 1608 Haec
2141 1576 2225 1610 dicit
2244 1575 2317 1609 Do-

1333 1628 1449 1660 minus
1472 1640 1529 1660 rex
1553 1628 1674 1661 lsrae'l:
1704 1627 1846 1660 Praeter
1869 1640 1922 1660 me
1944 1639 2015 1660 non
2038 1633 2085 1659 est
2107 1626 2210 1660 Deus.
2264 1624 2316 1659 Ac

1334 1680 1407 1711 vult
1426 1691 1490 1711 nos
1508 1680 1544 1711 in
1564 1680 1785 1712 invocatione
1805 1676 1898 1711 liunc
1915 1691 2034 1710 verum
2046 1676 2157 1710 Deum
2174 1677 2319 1722 alloqui,

1334 1736 1366 1762 et
1400 1740 1575 1773 segregare
1608 1738 1762 1762 nostram
1798 1729 2055 1762 invocationem
2090 1729 2133 1761 ab
2167 1728 2316 1761 aliarum

1335 1782 1492 1823 gentium
1520 1781 1815 1816 invocationibus.
1878 1779 2013 1813 Dicitur
2037 1786 2071 1812 et
2097 1790 2252 1822 expresse
2275 1781 2319 1812 de

1336 1832 1488 1864 cultibus
1520 1831 1601 1864 lesai
1627 1831 1702 1865 29.:
1741 1830 1885 1863 Frustra
1916 1830 2033 1864 colunt
2065 1842 2118 1861 me
2148 1830 2322 1864 mandatis

1336 1880 1532 1917 hominum.
1568 1881 1610 1916 Et
1623 1879 1794 1915 Ezechiel.
1813 1883 1892 1915 20.:
1912 1881 1951 1914 ln
1971 1880 2162 1926 praeceptis
2182 1888 2319 1923 patrum

1336 1940 1531 1965 vestrorum
1561 1934 1670 1966 nolite
1706 1933 1891 1972 incedere,
1940 1933 1976 1964 in
2011 1931 2201 1975 praeceptis
2232 1931 2319 1964 meis

1336 1983 1530 2021 ambulate,
1558 1991 1589 2017 et
1608 1984 1741 2022 sciatis,
1769 1983 1863 2027 quod
1882 1994 1943 2025 ego
1960 1983 2023 2014 sim
2041 1981 2215 2014 Dominus
2225 1980 2320 2015 Deus

1336 2041 1459 2069 vester.
1496 2033 1541 2067 Et
1560 2035 1593 2067 in
1613 2034 1776 2068 Numeris
1789 2031 1864 2068 15.:
1885 2032 1964 2066 Non
1982 2038 2172 2078 sequantur
2190 2033 2321 2075 cogita-

1335 2085 1448 2117 tiones
1466 2096 1544 2118 suas
1562 2093 1594 2119 et
1609 2086 1727 2117 oculos
1746 2084 1959 2117 meretricios
1971 2111 1978 2124 ,
1995 2083 2030 2116 id
2048 2090 2115 2123 est,
2132 2083 2321 2126 respicien-

1335 2142 1386 2168 tes
1410 2137 1452 2168 ad
1477 2136 1571 2168 varia
1595 2136 1759 2177 numina,
1789 2136 1846 2168 sed
1872 2146 2040 2167 memores
2058 2141 2321 2177 praeceptorum

1335 2186 1477 2220 Domini
1495 2187 1621 2219 faciant
1638 2199 1686 2227 ea,
1702 2187 1843 2231 sintque
1862 2185 1970 2219 sancti
1989 2184 2061 2217 Deo
2078 2196 2154 2225 suo,
2173 2196 2233 2227 ego
2244 2183 2321 2217 Do-

1336 2237 1453 2269 minus
1464 2236 1558 2270 Deus
1570 2244 1691 2278 vester,
1709 2238 1769 2282 qui
1789 2237 1891 2269 eduxi
1907 2247 1967 2268 vos
1984 2237 2026 2268 de
2042 2242 2130 2268 terra
2145 2233 2310 2279 Aegypti.

1438 2287 1533 2320 Haec
1550 2288 1699 2321 illustria
1718 2295 1749 2321 et
1767 2298 1923 2332 expressa
1943 2285 2140 2320 testimonia
2156 2285 2321 2319 omnibus

1335 2337 1516 2371 notissima
1539 2339 1628 2379 sint,
1655 2345 1694 2371 ut
1711 2339 1877 2378 sciamus,
1902 2348 2006 2381 opera
2028 2348 2100 2369 non
2118 2337 2280 2369 mandata
2299 2347 2320 2370 a

1336 2386 1410 2421 Deo
1434 2400 1507 2421 non
1533 2401 1604 2422 esse
1630 2389 1743 2422 cultus
1768 2387 1852 2427 Dei,
1895 2394 1928 2421 et
1958 2387 2002 2420 sit
2035 2393 2115 2419 nota
2149 2386 2320 2428 definitio,

1337 2439 1515 2472 videlicet:
1550 2439 1675 2475 Cultus
1692 2439 1756 2472 Dei
1783 2446 1832 2472 est
1857 2449 1944 2481 opus
1967 2450 1983 2469 a
2009 2436 2082 2470 Deo
2104 2438 2322 2478 mandatum,

1336 2490 1464 2522 factum
1497 2490 1533 2522 in
1565 2491 1649 2531 fide,
1698 2490 1796 2523 cuius
1831 2488 1910 2522 finis
1938 2488 2141 2532 principalis
2173 2494 2242 2528 est,
2281 2493 2321 2521 ut
2363 2529 2370 2533 -

1336 2539 1411 2573 Deo
1446 2538 1540 2573 hunc
1575 2539 1743 2574 bonorem
1770 2540 1981 2577 tribuamus,
2013 2539 2047 2571 id
2080 2545 2148 2575 est,
2190 2545 2228 2571 nt
2253 2535 2320 2571 hac

1335 2591 1535 2624 obedientia
1554 2598 1720 2625 testemur
1734 2588 1829 2624 hunc
1846 2601 1966 2622 verum
1984 2587 2098 2622 Deum
2115 2600 2200 2630 esse,
2217 2599 2322 2634 quem

301 2646 458 2692 exempla
491 2643 698 2684 ostendunt,
730 2647 769 2675 ut
797 2641 891 2685 apud
919 2638 1101 2674 Platonem
1120 2643 1153 2676 2.
1182 2642 1283 2675 πωλι-
1336 2641 1384 2674 sic
1402 2641 1566 2684 colimus,
1595 2649 1628 2676 et
1644 2653 1722 2675 eum
1741 2641 1789 2674 sic
1806 2640 1895 2674 velle
1910 2639 1988 2673 coli.
