2415 2942
73 73 149 110 693
271 71 371 107 xltt.

76 165 182 200 esset,
207 164 291 192 tunc
308 169 373 191 nos
389 157 524 202 placere
542 155 635 199 Deo,
660 168 739 200 cum
755 155 836 190 satis
852 155 1058 189 meritorum

74 208 293 244 haberemus.
346 208 441 242 Haec
468 210 504 242 in
531 220 657 252 genere
679 209 722 242 de
743 207 910 241 omnibus
934 204 1059 241 huius-

71 260 169 294 modi
185 260 288 293 dictis
309 261 390 293 sciri
418 262 571 305 prodest.

173 310 277 344 Nunc
296 313 336 343 ad
357 318 487 345 textum
505 312 700 345 redeamus.
733 306 878 343 Certum
897 314 946 342 est
964 306 1056 341 Pau-

70 361 145 395 lum
170 374 243 395 non
269 363 417 406 probare
448 362 723 402 confessionem,
753 360 822 393 nisi
846 359 938 393 adsit
960 358 1056 396 fides,

71 424 153 456 ergo
180 425 253 446 non
284 414 408 447 tribuit
437 413 667 454 confessioni,
698 412 793 457 quod
825 410 870 444 sit
903 409 1053 454 pretium

71 471 131 497 aut
150 464 313 497 meritum
332 465 422 498 vitae
449 471 619 498 aeternae.
669 460 770 495 Esset
793 461 885 494 enim
913 467 1053 495 contra-

71 514 197 555 dictio,
224 522 261 549 ut
286 515 416 548 dictum
440 522 509 553 est,
538 521 571 548 et
604 522 721 548 tamen
744 512 895 558 requirit
917 511 1054 546 confes-

70 565 224 604 sionem,
253 567 333 610 quia
353 566 571 605 obedientia,
599 572 637 599 ut
661 564 794 598 dictum
821 570 891 604 est,
917 569 967 596 est
991 574 1054 595 ne·

69 616 235 656 cessaria,
263 624 293 649 et
312 619 495 650 ostendere
516 616 626 650 voluit
642 614 773 648 Paulus
791 626 825 648 se
843 614 942 659 loqui
956 640 965 654 ‚
980 625 1052 646 non

69 667 112 699 de
137 664 312 712 hypocrisi
339 668 435 708 fidei,
469 668 504 700 id
532 674 602 708 est,
629 667 672 700 de
696 666 807 699 otiosa
832 664 1054 708 cogitatione,

69 718 127 750 sed
147 718 190 750 de
218 730 298 751 vero
325 725 422 752 motu
445 719 581 759 cordis,
609 716 668 763 qui
693 714 925 761 apprehendit
948 715 1049 748 mise-

69 767 257 801 ricordiam
283 770 488 813 promissam
516 775 659 813 propter
681 765 884 809 Christum,
912 774 945 801 et
968 779 1051 810 pro-

68 825 186 863 pterea
212 819 303 853 lucet
330 820 365 852 iu
392 820 629 860 consessione,
668 819 858 863 patientia,
890 825 923 852 et
948 817 1052 851 bonis

67 869 233 912 exemplis
253 871 367 903 omnis
386 871 535 913 generis.

168 918 350 954 Praeterea
368 922 536 955 discernit
555 920 729 954 iusticiam
746 926 777 953 et
802 919 948 954 salutem
970 931 1050 964 pro-

67 976 145 1014 pter
161 973 470 1014 perseverantiam.
524 970 601 1005 Etsi
626 972 719 1004 enirn
746 971 905 1016 quisquis
930 978 979 1004 est
996 971 1051 1003 iu-

68 1027 161 1062 stus,
188 1029 235 1056 est
257 1030 290 1056 et
308 1021 429 1056 haeres
446 1024 536 1056 vitae
555 1030 734 1062 aeternae,
760 1029 877 1055 tamen
895 1022 969 1054 fieri
991 1034 1051 1064 po—

68 1078 151 1112 test,
177 1081 215 1107 ut
233 1074 342 1107 iustus
362 1075 486 1108 iterum
504 1074 641 1107 amittat
657 1073 841 1107 iusticiam.
897 1072 979 1105 ldeo
998 1072 1043 1104 in-

67 1123 160 1167 quit:
200 1123 238 1158 Si
275 1124 512 1164 confiteberis,
556 1124 718 1157 videlicet
757 1129 900 1167 propter
938 1125 1053 1163 fidem,

67 1173 167 1218 quasi
197 1175 306 1208 dicat:
352 1176 388 1210 Si
424 1176 509 1208 fides
541 1175 645 1208 suerit
671 1176 788 1214 firma,
827 1181 860 1208 et
893 1186 1051 1218 perseve-

68 1235 162 1259 rans.
216 1224 296 1258 Non
314 1227 406 1259 enim
431 1227 554 1271 probat
579 1225 855 1266 consessionem,
882 1226 949 1258 nisi
971 1238 1052 1269 pro-

66 1281 144 1317 pter
167 1275 283 1310 fidem.

269 1355 403 1392 Omnis
428 1358 521 1392 enim
545 1358 612 1407 qui
635 1357 865 1394 invocaverit.

170 1424 329 1460 Primum
364 1428 625 1460 observandum
656 1434 724 1465 est,
768 1427 861 1471 quod
900 1425 1051 1459 inculcat

67 1476 274 1521 particulam
307 1478 562 1518 universalem,
606 1484 638 1511 et
672 1477 937 1510 meminerimus
970 1489 1051 1520 pro-

66 1527 251 1561 missiones
282 1540 354 1562 esse
385 1530 609 1562 universales.
673 1528 858 1569 secundo,
892 1528 1051 1561 conside-

68 1579 218 1612 randum
245 1586 313 1620 est,
340 1580 424 1624 quid
450 1579 516 1612 sibi
545 1580 628 1613 velit
654 1577 739 1612 haec
762 1591 851 1611 nova
869 1579 1052 1618 sententia,

68 1635 102 1662 et
124 1640 167 1661 an
195 1630 237 1662 ad
259 1627 492 1673 Evangelium
521 1630 726 1664 conveniat:
759 1627 889 1663 Omnis
912 1630 972 1674 qui
997 1630 1052 1661 in-

67 1679 245 1713 vocaverit
262 1686 325 1713 etc.

172 1729 403 1772 Respondeo:
432 1729 527 1763 Haec
551 1737 600 1764 est
627 1742 717 1763 nova
741 1728 946 1774 prophetia,
982 1729 1052 1762 dis-

71 1792 215 1814 cernens
238 1779 471 1825 Evangelium
491 1794 508 1814 a
526 1781 616 1824 lege,
643 1781 722 1826 quia
748 1782 801 1814 lex
827 1781 931 1815 etiam
953 1782 1054 1815 docet

70 1831 329 1865 invocationem
342 1859 350 1872 ‚
378 1845 455 1865 cum
475 1832 679 1865 conditione
698 1833 866 1875 perfectae
885 1832 1052 1865 obedien-

67 1882 147 1917 tiae.
201 1881 268 1916 Sed
288 1881 370 1916 haec
386 1881 568 1926 prophetia
587 1883 763 1927 promittit
784 1883 930 1916 salutem
952 1883 1053 1915 invo-

69 1932 250 1977 cantibus,
285 1934 416 1967 scilicet
447 1934 575 1978 quibus
604 1941 703 1967 antea
738 1934 791 1966 lex
822 1946 893 1966 non
919 1940 1053 1978 poterat

69 1984 256 2027 opitulari,
283 1991 315 2017 et
332 1986 391 2029 qui
408 1992 486 2017 sunt
507 1986 574 2017 iam
593 1984 697 2023 tales,
725 1991 761 2018 ut
786 1997 857 2017 non
880 1991 1052 2028 praestent

68 2035 326 2073 obedientiam,
363 2047 466 2080 quam
501 2036 554 2068 lex
586 2035 744 2080 requirit.
805 2035 953 2068 Talibus
983 2036 1050 2067 iam

69 2085 244 2128 promittit
274 2086 440 2125 salutem,
480 2086 507 2118 si
537 2086 700 2119 invocent
734 2098 864 2119 nomen
898 2085 1053 2125 Domini,

69 2135 103 2167 id
123 2142 189 2173 est,
218 2136 244 2168 si
268 2136 432 2169 invocent
449 2137 548 2169 illum
569 2136 782 2176 Dominum,
810 2137 869 2182 qui
895 2149 929 2169 se
955 2149 1052 2170 reve-

69 2186 117 2219 lat
143 2186 178 2218 in
204 2187 264 2220 illo
285 2188 409 2227 verbo,
438 2188 532 2232 quod
557 2188 652 2221 dedit
678 2188 854 2232 patribus,
882 2190 975 2233 quod
994 2200 1051 2220 ex-

67 2234 205 2270 hibebit
224 2237 259 2270 in
277 2239 429 2271 adventu
446 2238 520 2273 filii.

171 2287 290 2330 Quare
316 2287 372 2321 liic
398 2301 536 2322 necesse
553 2295 603 2321 est
626 2288 775 2331 intelligi
794 2289 1051 2324 invocationem

72 2349 149 2371 cum
176 2340 346 2382 particula
366 2339 496 2375 Gratis.
538 2339 702 2385 Requirit
729 2340 840 2379 enim,
868 2348 906 2374 ut
932 2342 1052 2374 creda-

75 2401 150 2422 mus
172 2390 295 2433 gratis,
331 2398 474 2435 propter
499 2391 600 2423 illum
624 2391 832 2434 promissum
857 2390 1051 2424 Dominum

73 2451 137 2472 nos
162 2442 315 2474 exaudiri
338 2449 369 2474 et
386 2442 524 2477 salvari.
577 2441 666 2474 Nam
689 2439 773 2474 haec
790 2442 973 2485 promissio
990 2454 1053 2485 op-

74 2493 235 2534 ponenda
255 2499 302 2525 est
320 2493 405 2536 legi,
434 2493 533 2539 quasi
557 2493 666 2526 dicat:
703 2492 796 2535 Quia
821 2493 873 2525 lex
892 2505 963 2525 non
990 2505 1052 2536 po-

74 2542 142 2575 tuit
169 2542 355 2586 opitulari,
396 2545 478 2591 quia
512 2545 592 2577 estis
616 2544 681 2577 sub
709 2550 848 2588 peccato
874 2550 906 2576 et
932 2551 1052 2581 morte,

74 2592 143 2625 alio
162 2594 267 2626 modo
290 2595 506 2638 promittitur
532 2595 690 2630 salvatio.
751 2593 846 2628 Deus
870 2595 965 2628 dabit
990 2595 1053 2627 do·-

75 2649 226 2686 ctorem,
254 2645 409 2680 effundet
435 2647 477 2680 de
501 2646 628 2691 spiritu
654 2658 737 2689 suo,
772 2652 804 2680 et
826 2657 887 2679 vos
911 2646 1051 2680 invoca-

422 73 457 107 2.
486 68 848 107 COMMENTARII
879 69 928 105 IN
954 68 1111 106 EPIST.
1138 67 1286 104 PAULi
1318 65 1386 102 AD
1413 65 1676 104 ROMANOS.
1724 69 1828 105 CAP.
1854 72 1898 108 Χ.

2024 74 2099 108 694

1110 155 1207 189 tione
1231 153 1378 189 Domini
1401 153 1486 187 salvi
1522 154 1620 188 eritis
1643 155 1688 188 ab
1718 155 1789 189 illis
1813 155 1898 200 ipsis
1927 158 2045 199 malis,
2078 171 2097 193 a

1110 213 1249 250 peccato
1265 212 1299 240 et
1317 218 1335 239 a
1352 213 1483 244 morte,
1507 217 1525 238 a
1542 206 1672 251 quibus
1695 218 1767 239 non
1783 207 1954 242 liberabat
1972 210 2037 242 lex.

1208 255 1303 290 Haec
1321 262 1370 289 est
1387 257 1535 300 simplex
1551 263 1584 290 et
1605 269 1684 290 vera
1700 259 1870 292 sententia
1889 256 1994 293 huius
2012 272 2093 304 pro-

1107 307 1295 342 missionis.
1350 305 1433 340 Ideo
1449 313 1528 350 apte
1544 308 1693 352 quadrat
1718 309 1759 341 ad
1780 307 2011 353 Evangelium
2025 338 2032 351 ,
2060 319 2092 345 et

1106 358 1204 391 addit
1220 356 1355 402 aliquid
1374 357 1461 390 lucis
1480 357 1680 391 definitioni
1694 359 1852 392 iusticiae
1868 361 1965 401 fidei,
1986 374 2090 406 quam

1104 420 1209 452 supra
1235 408 1397 442 tradidit:
1445 406 1588 441 Iusticia
1623 408 1708 451 legis
1741 416 1789 443 est
1820 411 1931 443 facere
1967 413 2088 455 legem.

1104 458 1174 493 Sed
1191 458 1328 494 iusticia
1353 458 1435 490 fidei
1458 464 1507 492 est
1533 459 1699 492 invocare
1724 458 1939 502 Dominum,
1967 469 1999 495 et
2020 470 2089 496 sta—

1104 516 1221 554 tuere,
1249 510 1342 555 quod
1362 515 1505 553 propter
1528 509 1641 542 filium
1659 508 1725 543 Dei
1750 510 1943 545 liberemur
1968 525 1985 545 a
2009 525 2089 557 pec-

1103 568 1179 595 cato
1199 568 1229 594 et
1249 573 1266 594 a
1285 567 1416 601 morte,
1444 567 1479 594 et
1501 560 1545 594 ab
1564 560 1634 601 ira,
1660 572 1679 594 a
1703 561 1831 606 quibus
1857 562 1910 595 lex
1935 574 2006 596 non
2025 577 2088 608 po-

1103 618 1191 646 terat
1206 612 1367 645 liberare.

1203 662 1388 696 Dulcescet
1419 661 1527 704 igitur
1558 661 1766 706 promissio,
1808 675 1885 696 cum
1916 663 2087 707 particula

1102 714 1208 758 gratis
1227 714 1263 747 in
1282 726 1319 747 ea
1338 713 1558 756 intelligitur.
1611 710 1657 746 Et
1675 713 1723 745 sic
1746 715 1937 747 exercenda
1961 722 2009 748 est
2033 715 2088 746 in-

1103 765 1259 809 vocatio,
1291 776 1336 797 ne
1363 765 1537 797 deterreat
1561 775 1624 796 nos
1649 763 1840 806 indignitas
1863 773 2001 806 nostra,
2029 766 2088 798 sed

1101 817 1251 850 sciamus
1271 816 1473 848 mandatum
1493 813 1557 847 Dei
1575 826 1665 855 esse,
1679 821 1717 848 ut
1735 815 1952 849 invocemus.
1991 815 2088 857 ltem,

1102 869 1308 900 mandatum
1334 877 1424 906 esse,
1458 872 1495 899 ut
1524 866 1707 898 credamus
1733 877 1797 898 nos
1821 867 1977 899 exaudiri
2008 879 2088 910 pro-

1102 925 1178 961 pter
1194 915 1393 958 Christum,
1420 929 1491 949 non
1519 923 1662 960 propter
1687 916 1891 959 dignitatem
1917 925 2087 952 nostram.

1102 968 1222 1011 Quare
1247 968 1455 1001 obediamus
1481 968 1572 1006 Deo,
1605 973 1638 1000 et
1664 964 1759 1000 hune
1783 968 1916 1001 cultum
1936 976 2089 1012 praeste—

1102 1031 1198 1060 muS,
1232 1031 1382 1064 cumque
1406 1019 1630 1058 invocamus,
1663 1018 1930 1052 meminerimus
1956 1031 2020 1052 nos
2036 1019 2088 1051 af-

1102 1072 1191 1103 ferre
1215 1070 1458 1113 indignitatem
1479 1076 1506 1101 et
1529 1077 1684 1116 peccata,
1713 1076 1744 1102 et
1764 1076 1921 1113 petamus
1946 1077 2089 1114 propter

1101 1120 1302 1162 Christum,
1340 1127 1379 1153 ut
1416 1120 1607 1153 liberemur
1639 1125 1671 1152 et
1703 1120 1950 1160 exaudiamur,
1993 1122 2086 1166 quod

1102 1185 1178 1205 cum
1205 1172 1370 1211 facimus,
1405 1171 1509 1203 simul
1534 1170 1669 1212 agimus
1694 1171 1961 1213 poenitentiam.
2017 1170 2090 1204 lam

1100 1223 1202 1255 facile
1226 1230 1276 1256 est
1302 1222 1491 1255 dissimiles
1515 1220 1704 1254 sententias
1729 1222 1933 1255 conciliare:
1962 1221 2090 1255 Pecca-

1101 1281 1192 1305 tores
1218 1271 1312 1305 Deus
1337 1284 1409 1304 non
1435 1272 1595 1311 exaudit,
1632 1272 1763 1305 scilicet
1789 1273 1849 1317 qui
1874 1273 1949 1306 sine
1967 1273 2089 1317 poeni-

1102 1325 1208 1356 tentia
1228 1330 1259 1356 et
1277 1324 1351 1356 sine
1368 1323 1434 1355 fide
1451 1323 1629 1357 invocant.

1099 1404 1291 1454 Quomodo
1318 1411 1438 1440 aulem
1470 1405 1690 1440 invocabunt
1716 1417 1814 1451 eum,
1843 1407 1881 1440 in
1898 1419 2000 1455 quem
2018 1420 2090 1443 non

1471 1455 1699 1491 crediderunt
1708 1457 1726 1488 P

1202 1525 1312 1560 Addit
1339 1525 1470 1559 Paulus
1493 1527 1659 1566 modum,
1692 1538 1761 1570 quo
1783 1526 1949 1559 beneficia
1972 1526 2087 1559 Evan-

1101 1577 1182 1620 gelii
1207 1577 1311 1610 nobis
1340 1577 1568 1619 contingunt.
1604 1576 1735 1610 scilicet
1769 1589 1831 1620 per
1855 1578 2088 1610 ministerium

1101 1628 1197 1661 verbi
1227 1627 1300 1661 Dei.
1359 1626 1494 1674 Estque
1519 1625 1576 1660 hie
1603 1627 1703 1661 locus
1730 1628 1937 1671 praecipuus
1962 1629 2005 1661 de
2028 1640 2091 1661 ne-

1101 1679 1259 1712 cessitate
1276 1685 1308 1712 et
1325 1678 1496 1720 dignitate
1519 1678 1707 1711 ministerii
1734 1678 1999 1720 diligentissime
2024 1679 2089 1712 ob-

1102 1731 1310 1770 servandus,
1338 1736 1375 1762 ut
1392 1729 1562 1772 sciamus,
1591 1730 1769 1774 quomodo
1787 1728 1881 1762 Deus
1898 1730 1942 1763 sit
1970 1730 2088 1763 efficax

1103 1781 1139 1812 in
1157 1780 1278 1821 nohis,
1304 1792 1367 1813 nec
1382 1792 1590 1824 quaeramus
1617 1780 1701 1812 alias
1728 1780 2005 1814 illuminationes
2030 1793 2088 1813 ex-

1101 1838 1153 1865 tra
1172 1832 1336 1871 verbum,
1353 1843 1414 1863 nec
1433 1831 1660 1864 admittamus
1678 1831 1945 1873 imaginationes
1962 1838 1992 1865 et
2010 1832 2086 1875 opi—

1102 1883 1226 1914 niones
1242 1883 1284 1915 de
1303 1881 1397 1925 Deo,
1426 1882 1500 1914 siue
1524 1888 1617 1915 certo
1646 1881 1752 1914 verbo
1772 1881 1845 1915 Dei.
1904 1881 2088 1915 Latissime

1103 1940 1194 1975 patet
1219 1931 1284 1965 hoc
1310 1940 1530 1977 praeceptum
1556 1934 1598 1965 de
1626 1933 1734 1965 verbo
1759 1932 1888 1973 vocali,
1921 1940 1969 1966 est
1993 1933 2087 1965 enim

1104 1984 1244 2016 difficile
1263 1981 1400 2017 homini
1420 1983 1579 2016 resistere
1597 1984 1631 2016 in
1651 1984 1757 2016 verbo
1774 1982 1857 2024 Dei,
1885 1991 1916 2017 et
1939 1991 2087 2017 statuere

1103 2042 1215 2072 certo,
1243 2033 1333 2067 hanc
1351 2046 1422 2067 esse
1439 2034 1656 2067 voluntatem
1675 2034 1763 2075 Dei,
1797 2047 1899 2079 quam
1918 2035 1954 2066 in
1980 2035 2086 2068 verbo

1102 2086 1286 2129 proponit,
1303 2086 1380 2119 ideo
1399 2085 1497 2117 facile
1516 2086 1692 2119 delabitur
1710 2086 1745 2118 in
1764 2085 1849 2118 alias
1866 2086 2087 2128 imaginatio-

1103 2148 1173 2169 nes.
1228 2136 1326 2170 Sicut
1345 2134 1419 2169 Eva
1442 2137 1565 2169 leviter
1588 2136 1741 2170 sentiens
1764 2137 1807 2168 de
1832 2137 1956 2176 verbo,
1989 2137 2086 2169 addit

1103 2188 1408 2231 imaginationem,
1452 2187 1598 2221 sortasse
1629 2199 1701 2220 non
1729 2194 1799 2220 tam
1823 2187 1959 2221 duriter
1981 2187 2086 2221 sensit

1101 2237 1209 2272 Deus.

1204 2288 1262 2323 Sic
1280 2288 1315 2321 in
1334 2288 1455 2322 multis
1473 2289 1629 2322 articulis
1652 2288 1794 2329 accidit,
1826 2289 1973 2321 verbum
2000 2288 2086 2323 dicit

1103 2340 1212 2374 claret
1241 2339 1329 2372 Fide
1355 2352 1475 2373 sumus
1499 2340 1581 2373 iusti
1608 2347 1749 2383 propter
1764 2337 1955 2374 Christum.
2008 2338 2086 2372 Hoc

1103 2392 1249 2424 verbum
1265 2391 1349 2423 mali
1367 2392 1527 2424 doctores
1545 2397 1701 2423 tenentes
1725 2391 1942 2433 languidius,
1977 2397 2008 2423 et
2031 2402 2084 2422 se-

1102 2449 1247 2487 quentes
1279 2453 1375 2474 suam
1410 2441 1713 2483 imaginationem,
1760 2442 1958 2484 cogitarunt
1990 2453 2084 2474 com-

1102 2493 1241 2525 modius
1265 2493 1353 2533 dici,
1388 2491 1559 2525 Homines
1581 2504 1653 2525 esse
1679 2492 1806 2533 iustos,
1841 2499 1982 2536 propter
2006 2502 2084 2524 suas

1102 2544 1249 2577 virtutes
1267 2550 1298 2577 et
1322 2543 1458 2577 merita.
1518 2542 1655 2575 Deinde
1679 2544 1892 2576 addiderunt
1919 2544 2084 2576 dubitan-

1101 2597 1185 2628 dum
1206 2606 1294 2634 esse,
1323 2601 1355 2627 et
1373 2594 1518 2626 omniuo
1536 2594 1731 2627 obruerunt
1749 2606 1864 2627 veram
1889 2594 2083 2627 doctrinam

1103 2647 1145 2679 de
1165 2646 1243 2679 fide.
1295 2644 1394 2679 Sicut
1411 2652 1444 2680 et
1468 2656 1562 2678 nunc
1581 2644 1832 2690 Anabaptistae
1857 2649 2086 2678 contemnunt

1547 2692 1633 2730 44*
