2415 2942
299 92 371 126 987

304 179 370 221 plis
388 185 575 220 poenarum
594 177 773 210 movetur,
801 175 838 203 nt
866 169 990 212 cogitet
1014 168 1133 213 puniri
1154 168 1280 201 scelera
1306 166 1311 215 Ι

304 229 428 261 ordine
446 226 563 269 aliquo
582 230 744 261 naturae,
771 228 885 254 tamen
902 221 944 253 de
966 220 1157 253 salvatione
1181 231 1281 262 pror-

304 290 360 311 sus
378 275 467 309 nillil
486 275 667 308 adfirmare
685 278 796 316 potest
810 271 885 303 sine
900 272 1007 303 verbo
1024 270 1196 310 revelato,
1220 270 1279 303 sed

303 335 447 370 vagatur
474 327 509 358 in
536 324 708 363 tenebris,
742 329 774 355 et
800 328 902 364 negat
928 321 1085 354 exaudiri
1110 319 1282 360 homines,

304 377 507 421 praesertim
525 376 560 408 in
581 373 752 418 praesenti
771 372 985 410 calamitate,
1012 370 1280 414 negatreconci-

301 429 378 461 liari
404 426 537 465 Deum,
565 433 596 458 et
623 424 782 466 mitigare
806 422 1036 463 calamitates,
1063 429 1096 455 et
1121 423 1203 454 dare
1228 421 1280 452 vi-

301 487 370 512 tam
387 485 561 512 aeternam
587 482 619 509 et
635 474 800 508 laetitiam
816 480 1002 506 aeternam.

399 544 471 577 Has
497 542 734 576 dubitationes
759 540 795 572 in
821 537 1006 572 hominum
1033 538 1158 572 animis
1184 537 1277 570 iuxta

301 596 449 629 rationis
473 594 642 627 iudicium
675 589 818 624 haerere
848 591 1070 623 manifestum
1097 596 1165 622 est:
1203 588 1280 620 ideo

300 648 352 679 lex
379 658 434 679 eas
460 652 552 679 taxat
579 651 610 677 et
639 642 791 686 postulat
815 641 929 674 fidem.
1007 639 1058 673 Ne
1089 639 1218 672 dixeris
1245 638 1280 670 in

300 698 405 730 corde
432 704 512 735 tuo,
540 694 617 739 quis
641 694 801 725 ascendet
825 691 861 723 in
887 691 1022 723 coelum
1041 696 1104 723 etc.
1157 689 1196 722 ld
1222 695 1281 728 est,

297 760 342 780 ne
362 748 406 780 sis
422 746 633 790 Epicureus,
662 755 704 775 ne
724 742 852 783 cogites
872 739 963 773 nihil
984 752 1055 773 esse
1073 739 1198 777 Deum,
1223 746 1282 772 aut

296 798 423 831 nesciri
442 809 484 829 an
503 796 545 828 sit
561 794 654 827 Dens
674 800 705 826 et
725 792 838 836 qualis
854 792 910 831 sit,
938 803 982 824 an
1002 797 1098 824 curet
1116 787 1282 827 humana,

298 861 342 881 ne
364 848 492 891 cogites
510 845 622 879 Deum
651 844 700 876 sic
723 843 847 882 latere,
873 849 911 874 ut
935 853 1008 875 non
1031 841 1114 874 velit
1131 840 1282 883 agnosci,

299 901 358 932 sed
378 899 505 940 cogites
526 907 603 928 eum
631 906 710 927 vere
729 905 767 926 ex
784 904 908 925 arcana
925 894 1006 925 sede
1023 892 1191 924 immensa
1218 892 1282 923 bo-

298 951 407 983 nitate
437 947 626 991 prodiisse,
660 951 693 978 et
718 955 752 976 se
777 943 882 976 verbo
907 955 970 976 suo
996 942 1213 987 patefecisse,
1250 948 1282 974 et

299 1000 403 1034 talem
424 1010 513 1036 esse,
540 996 656 1041 qualia
682 1006 716 1027 se
735 994 824 1027 velle
849 994 997 1027 affirmat
1025 994 1061 1025 in
1085 993 1158 1035 lege
1188 999 1222 1025 et
1246 993 1282 1024 in

298 1050 548 1095 promissione,
582 1046 742 1079 videlicet
769 1044 982 1088 sapientem,
1018 1056 1195 1083 veracem,
1222 1043 1283 1076 be-

300 1102 468 1140 neficum,
497 1099 646 1137 iustum,
682 1102 833 1135 castum,
866 1095 1070 1138 punientem
1097 1094 1284 1133 contraria,

299 1151 563 1183 misericordem
588 1154 730 1192 propter
756 1146 997 1179 mediatorem.
1059 1144 1141 1177 Ideo
1168 1145 1284 1189 inquit

301 1202 451 1239 Moises,
480 1199 635 1232 Verbum
661 1199 814 1237 intuere,
844 1198 936 1242 quod
963 1207 1070 1240 prope
1094 1202 1144 1228 est
1162 1195 1198 1227 in
1224 1206 1284 1227 ore.

301 1263 372 1285 tuo.
438 1251 489 1284 lta
515 1250 655 1283 abducit
686 1260 749 1280 nos
774 1248 904 1280 Moises
927 1260 945 1279 a
972 1245 1069 1280 Chao
1101 1245 1284 1288 cogitatio-

300 1315 387 1336 num
404 1300 577 1334 humanae
596 1299 741 1332 rationis
766 1299 806 1330 ad
835 1298 1042 1342 patefactum
1063 1298 1225 1336 verbum,
1253 1303 1285 1329 et

301 1355 396 1386 iuxta
416 1351 481 1385 lioc
504 1352 650 1383 verbum
672 1349 747 1381 vult
766 1360 830 1380 nos
849 1359 1034 1390 agnoscere
1051 1346 1163 1379 Deum
1177 1373 1186 1386 ,
1213 1358 1284 1378 non

301 1404 417 1445 wlgari
445 1401 732 1444 cogitationibus,
771 1405 864 1430 srcnt
887 1405 1056 1440 vagantur
1083 1395 1226 1429 Etbnici
1253 1402 1286 1428 et

302 1467 422 1486 omues
442 1453 552 1495 impii,
582 1458 618 1482 ut
637 1456 763 1482 sonant
780 1448 959 1482 poemata:
987 1445 1021 1480 Ο
1042 1446 1170 1490 iupiter
1189 1446 1285 1490 quic-

302 1506 385 1549 quid
415 1516 467 1542 es,
495 1503 566 1534 sive
591 1499 657 1533 hoc
687 1499 840 1538 coelum,
868 1498 940 1530 sive
958 1509 1073 1537 mens,
1109 1508 1196 1541 quae
1224 1508 1282 1528 ve-

302 1554 398 1588 llitur
416 1555 451 1585 in
471 1553 585 1589 coelo,
614 1561 814 1594 quanquam
835 1549 897 1581 diu
919 1548 986 1580 iam
1006 1549 1132 1579 invoco
1150 1547 1286 1579 adiuto-

302 1617 357 1638 res
376 1606 536 1648 ignavos:
567 1608 603 1635 ut
623 1600 767 1634 Hecuba
787 1599 871 1632 dicit
889 1599 980 1642 apud
1001 1596 1222 1641 Euripidem.

404 1671 505 1704 Talia
527 1671 692 1713 leguntur
711 1668 820 1700 multa
845 1667 936 1709 apud
957 1672 1093 1710 poetas,
1121 1665 1181 1709 qui
1209 1663 1288 1707 pin-

304 1731 389 1765 gunt
406 1722 564 1755 omnium
582 1720 771 1763 impiorum
791 1718 907 1750 corda.
964 1714 1009 1749 Et
1029 1717 1066 1748 in
1083 1714 1184 1748 Creta
1204 1714 1288 1747 scri-

304 1777 392 1807 bunt
409 1773 514 1805 fuisse
531 1771 624 1804 Iovis
649 1777 774 1803 statum
802 1768 876 1800 sine
901 1767 1064 1806 auribus,
1089 1778 1192 1810 quam
1219 1771 1288 1798 sta-

304 1825 440 1857 tuarius
465 1823 513 1855 sic
543 1821 738 1859 fabricans,
777 1819 931 1852 ostendit
963 1829 1034 1850 sese
1060 1815 1126 1849 hoc
1151 1816 1290 1855 sentire,

307 1874 468 1907 homines
491 1884 563 1905 non
582 1870 737 1903 exaudiri
762 1882 778 1901 a
799 1868 872 1902 Deo
894 1876 955 1902 etc.
1008 1867 1074 1900 His
1096 1867 1213 1910 impiis
1232 1878 1291 1898 co-

307 1924 537 1967 gitationibus
578 1922 726 1965 opponit
763 1920 893 1952 Moises
936 1917 1026 1951 hanc
1063 1917 1290 1950 necessariam

307 1973 699 2015 cturunonefactionem,
722 1978 760 2004 ut
776 1971 822 2002 sic
838 1972 880 2002 de
897 1969 1042 2002 essentia
1061 1976 1091 2001 et
1112 1968 1291 2001 voluntate

308 2027 370 2060 Ilei
390 2025 596 2063 sentiamus,
624 2023 712 2055 sicut
740 2033 773 2054 se
797 2022 833 2053 in
852 2021 957 2052 verbo
973 2032 1034 2052 suo
1054 2019 1233 2062 patefacit,
1261 2025 1293 2050 et

308 2078 456 2110 affirmat
472 2076 520 2107 sic
537 2081 628 2106 recte
646 2072 784 2115 agnosci
803 2078 834 2103 et
852 2068 1067 2113 apprehendi
1090 2069 1214 2102 Deum.

410 2142 512 2175 Hanc
530 2142 638 2183 ipsam
658 2138 853 2171 doctrinam
874 2143 1007 2169 constat
1023 2135 1223 2179 saepissime
1239 2145 1294 2166 re-

310 2194 452 2239 petitam
480 2203 550 2224 esse
576 2191 611 2223 in
643 2189 762 2222 multis
781 2187 1011 2220 concionibus
1026 2184 1178 2225 Christi,
1207 2184 1294 2217 Pro-

310 2245 494 2287 phetarum
516 2249 547 2275 et
564 2240 840 2285 Apostolorum,
865 2245 900 2270 ut
927 2238 962 2269 in
984 2236 1106 2271 Numo,
1134 2249 1206 2279 cap.
1221 2234 1294 2270 15.:

310 2295 555 2329 Recordentur
579 2291 736 2323 omnium
764 2289 1010 2321 mandatorum
1038 2287 1204 2325 Domini,
1233 2298 1296 2318 nec

315 2352 502 2389 rapiantur
536 2342 762 2385 cogitationes
793 2351 889 2378 suas,
928 2346 958 2371 et
991 2339 1110 2371 oculos
1140 2345 1295 2370 scortan-

315 2407 362 2427 tes
394 2402 456 2428 etc.

418 2461 543 2493 Psalm.
567 2462 596 2494 1.
615 2466 644 2492 et
667 2458 836 2493 Ps.118.:
867 2456 1025 2490 Lucerna
1048 2454 1195 2498 pedibus
1214 2453 1298 2486 meis

320 2513 463 2545 xerbum
483 2518 581 2543 tunm
601 2517 662 2543 etc.

417 2578 503 2611 Item
529 2577 565 2608 in
596 2576 720 2610 Psalm.
744 2574 840 2608 130.:
877 2573 1052 2608 Sustinuit
1083 2571 1197 2603 anima
1223 2581 1299 2603 mea

317 2633 351 2663 in
374 2630 477 2662 xerbo
496 2627 579 2661 eius.

875 83 998 118 PlllL.
1028 83 1140 119 MEL.
1169 79 1379 117 SCRIPTA
1407 79 1702 118 EXEGEI'ICA.

2245 85 2317 121 988

1440 164 1486 200 Et
1505 164 1629 200 Esaiae
1646 167 1699 202 8.:
1731 165 1786 200 Ad
1814 168 1923 212 legem
1952 177 1986 205 et
2011 171 2052 204 ad
2079 169 2319 205 testimonium

1335 216 1362 249 si
1390 227 1461 249 non
1488 217 1641 250 dixerint
1667 217 1761 252 iuxta
1791 221 1936 253 verbum
1963 218 2046 262 boc,
2081 234 2153 255 non
2180 222 2244 256 erit
2271 223 2319 256 eis

1337 268 1506 300 matutina
1528 268 1584 300 lux
1605 274 1667 303 etc.

1439 326 1454 358 1
1474 325 1554 361 Cor.
1578 327 1629 362 1.:
1659 325 1748 360 Cum
1766 325 1878 360 Deum
1898 328 2089 372 sapientem
2109 342 2181 364 non
2200 339 2317 366 nosset

1335 377 1488 409 mundus
1507 389 1568 424 per
1586 377 1803 420 sapientiam,
1832 379 1962 421 placuit
1979 377 2054 412 Deo
2072 381 2187 414 salvos
2204 382 2316 416 facere

1336 427 1516 460 credentes
1531 439 1592 471 per
1608 428 1748 461 stultam
1767 428 1984 464 concionem.

1434 483 1479 518 Et
1503 484 1635 519 Coloss.
1659 486 1714 519 3.:
1759 485 1881 520 Sermo
1905 487 1970 521 Dei
2000 485 2133 522 habitet
2157 489 2195 522 in
2223 491 2321 524 vobis

1336 534 1477 568 abunde
1499 536 1535 569 in
1557 537 1652 569 omni
1670 536 1852 580 sapientia.

1439 602 1523 635 Item
1548 601 1715 636 lobannis
1735 603 1808 637 14.:
1842 603 1879 637 Si
1907 604 1984 649 quis
2003 605 2119 649 diligit
2137 618 2210 648 me,
2237 618 2317 640 ser-

1336 664 1475 686 monem
1495 666 1611 687 meum
1634 655 1798 690 servabit.

1440 719 1586 753 Talibus
1619 721 1828 755 testimoniis
1853 721 1974 755 multis
2009 722 2257 757 confirmemus
2289 731 2322 758 et

1337 770 1539 803 muniamus
1564 783 1647 812 nos,
1682 784 1726 804 ne
1750 772 1916 805 labantur
1940 773 2099 806 infirmae
2121 781 2254 807 mentes
2277 775 2322 808 ad

1336 821 1592 863 speculationes
1623 823 1665 854 de
1688 822 1765 855 Deo
1798 829 1892 855 extra
1923 823 2132 865 patefactum
2161 826 2321 865 verbum,

1339 871 1426 904 sicut
1444 871 1574 905 labitur
1590 870 1684 912 Eva,
1713 879 1747 905 et
1763 873 1821 905 alii
1841 873 2129 909 innumerabiles.

1439 937 1628 983 Postquam
1648 945 1763 971 autem
1788 940 1969 983 perspicue
1987 947 2039 974 est
2057 939 2165 973 Moisi
2182 947 2322 974 senten-

1337 988 1384 1022 tia
1397 1015 1404 1029 ‚
1434 1001 1528 1021 nunc
1547 988 1808 1022 consideremus
1826 989 2006 1022 Paulinam
2027 991 2323 1024 accommodatio-

1338 1051 1431 1073 nem.
1491 1038 1622 1072 Moises
1648 1040 1857 1082 generaliter
1888 1040 2018 1084 inquit:
2055 1040 2106 1074 Ne
2128 1041 2260 1074 dixeris
2284 1042 2322 1074 in

1337 1091 1440 1123 corde
1459 1114 1468 1129 ‚
1510 1090 1588 1135 quis
1613 1091 1768 1123 ascendit
1800 1091 1837 1122 in
1865 1091 2020 1130 coelum,
2056 1092 2116 1124 sed
2141 1103 2249 1138 prope
2273 1100 2324 1125 est

1337 1141 1504 1181 verbum,
1530 1141 1566 1173 id
1593 1147 1662 1179 est,
1691 1152 1735 1173 ne
1759 1141 1805 1173 sis
1829 1139 2043 1184 Epicureus,
2070 1153 2115 1174 ne
2142 1142 2257 1175 iudica
2283 1154 2324 1176 ex

1338 1191 1639 1235 speculationibus
1665 1191 1812 1224 rationis
1835 1192 1878 1223 de
1902 1190 1996 1232 Deo,
2031 1192 2090 1225 sed
2116 1192 2326 1236 amplectere

1338 1243 1486 1275 verbnm
1504 1240 1571 1275 Dei
1588 1241 1809 1285 patefactum.

1442 1308 1542 1341 Hanc
1557 1309 1754 1350 generalem
1778 1309 2059 1343 admonitionem
2084 1311 2327 1344 accommodat

1342 1358 1474 1393 Paulus
1499 1360 1542 1391 ad
1561 1357 1625 1391 hoc
1641 1360 1788 1392 verbum
1808 1360 1912 1393 etiam
1933 1361 1976 1393 de
1992 1361 2203 1401 mediatore,
2231 1361 2326 1406 quod

1343 1410 1485 1453 quidem
1511 1416 1543 1441 et
1566 1407 1698 1441 Moises
1723 1410 2024 1451 complectebatur
2042 1437 2052 1450 ,
2094 1411 2157 1444 etsi
2181 1411 2230 1444 ibi
2254 1423 2325 1444 non

1342 1471 1502 1502 expresse
1520 1459 1679 1492 nominat
1698 1460 1946 1502 mediatorem,
1975 1462 2032 1493 sed
2051 1462 2094 1493 de
2109 1461 2204 1494 omni
2221 1462 2327 1494 verbo

1341 1508 1404 1542 Dei
1427 1510 1593 1553 loquitur.
1655 1508 1765 1551 Igitur
1783 1510 1975 1553 Apostolus
1994 1511 2174 1544 illustrans
2193 1512 2326 1544 dictum

1342 1559 1451 1592 Moisi
1473 1570 1630 1602 expresse
1646 1559 1806 1592 nominat
1821 1560 2060 1596 mediatorem.

1384 1683 1442 1720 [Vc
1480 1682 1621 1718 dareris
1657 1683 1695 1717 in
1737 1681 1840 1718 corde
1876 1688 1956 1724 luo,
1995 1682 2092 1731 Quis
2127 1684 2292 1719 ascendet

1727 1733 1766 1768 in
1800 1733 1948 1771 coelum.

1447 1811 1485 1845 Id
1514 1818 1582 1852 est,
1608 1811 1761 1855 primum
1789 1824 1833 1844 ne
1858 1812 1904 1844 sis
1929 1810 2137 1856 Epicureus.
2190 1813 2328 1848 Deinde

1344 1876 1388 1897 ne
1407 1864 1566 1902 dubites,
1591 1863 1678 1906 quin
1696 1859 1780 1895 haec
1799 1863 1842 1896 sit
1859 1864 2021 1895 voluntas
2039 1862 2125 1904 Dei,
2153 1877 2256 1909 quam
2275 1877 2330 1898 re-

1345 1914 1474 1947 velavit
1499 1919 1550 1946 tot
1576 1913 1775 1945 illustribus
1804 1913 2030 1953 testimoniis,
2069 1926 2157 1958 quae
2193 1916 2330 1950 addidit

1346 1963 1573 2009 promissioni
1601 1969 1634 1996 et
1659 1963 1910 2006 praedicationi
1927 1961 2130 2006 Evangelii,
2159 1965 2330 2007 videlicet,

1347 2017 1458 2049 filium
1483 2015 1711 2047 constitutum
1744 2025 1815 2046 esse
1839 2013 2067 2047 mediatorem
2091 2022 2124 2048 et
2147 2017 2331 2051 resuscita-

1348 2074 1423 2100 tum
1440 2075 1605 2107 regnare,
1631 2071 1670 2097 ut
1689 2064 1829 2107 colligat
1846 2061 2036 2096 Ecclesiam
2050 2089 2059 2103 ,
2087 2065 2144 2098 det
2162 2067 2191 2098 ei
2208 2068 2330 2101 remis-

1348 2117 1484 2150 sionem
1513 2122 1754 2158 peccatorum‚
1782 2115 1871 2147 adsit
1898 2115 1974 2146 voci
2000 2114 2185 2158 Evangelii
2209 2117 2245 2150 in
2264 2116 2331 2151 Ec-

1349 2167 1473 2207 clesia,
1500 2166 1590 2198 dicat
1608 2166 1886 2198 consolationem
1913 2165 1949 2197 in
1976 2167 2080 2198 corde
2099 2179 2159 2210 per
2172 2166 2333 2212 Evange-

1349 2219 1455 2257 lium,
1490 2215 1660 2256 vivificet,
1690 2222 1721 2248 et
1739 2217 1795 2248 det
1812 2215 1984 2259 Spiritum
2008 2224 2178 2250 sanctum.
2237 2218 2332 2252 Haec

1351 2269 1377 2301 si
1404 2279 1475 2300 non
1504 2266 1636 2306 credis,
1663 2277 1766 2309 negas
1791 2278 1869 2298 eum
1888 2277 2052 2308 regnare,
2076 2265 2143 2300 hoc
2161 2274 2227 2309 est,
2251 2281 2331 2302 eum

1351 2319 1446 2352 velut
1463 2318 1505 2350 de
1525 2317 1621 2350 coelo
1641 2314 1843 2357 detrahere,
1869 2316 1915 2349 ita
1938 2317 2053 2351 addit:
2083 2317 2170 2360 Quis
2188 2320 2331 2353 descen-

1351 2371 1408 2403 det
1427 2369 1463 2400 in
1481 2369 1665 2413 abyssum,
1694 2368 1729 2399 id
1748 2374 1816 2406 est,
1842 2366 1920 2410 quis
1946 2366 2009 2400 scit
2031 2368 2114 2411 quid
2142 2377 2217 2412 post
2237 2383 2332 2404 mor-

1353 2427 1419 2453 tem
1445 2425 1563 2457 restet,
1599 2425 1657 2450 aut
1685 2417 1861 2462 quomodo
1888 2416 2076 2450 existimari
2101 2426 2212 2462 potest
2237 2422 2330 2454 revi-

1353 2478 1469 2503 cturos
1495 2480 1564 2501 esse
1590 2465 1752 2500 homines
1775 2479 1812 2500 ex
1839 2473 1970 2507 morte,
1997 2479 2060 2500 nec
2084 2471 2211 2512 cogites
2228 2469 2332 2505 Chri-

1355 2528 1446 2554 stum
1468 2520 1578 2566 iacere
1599 2519 1809 2555 extinctum,
1837 2529 1900 2550 nec
1927 2518 2092 2551 victorem
2110 2532 2182 2552 esse
2197 2523 2330 2561 mortis,

1324 2600 1327 2615 ζ
1355 2572 1425 2604 imo
1448 2570 1535 2602 scias
1561 2580 1675 2601 veram
1700 2580 1772 2601 esse
1798 2579 1932 2600 vocem:
1977 2565 2011 2601 Ο
2038 2582 2130 2603 mors
2156 2583 2213 2604 ero
2238 2584 2331 2605 mors

1325 2622 1331 2666 l
1355 2629 1423 2654 tua.
1485 2617 1652 2653 Ostendit
1676 2616 1837 2653 Christus
1861 2620 2116 2653 resurrectione
2141 2632 2201 2655 sua
2218 2629 2251 2656 et
2276 2634 2331 2656 re-
