2415 2942
99 121 172 158 533
416 119 514 155 xm.

566 121 601 154 2.
635 117 1002 155 COMMENTARH
1032 118 1081 155 IN
1109 118 1264 155 EPIST.
1293 119 1440 157 PAL‘Lt
1469 122 1535 158 AD
1562 125 1828 167 ROMANOS.

2063 138 2135 175 534

97 209 200 242 etiam
242 207 407 252 pleraque
442 205 663 253 corporalia,
705 206 748 239 ad
783 204 1089 239 conservationem
1150 205 1301 239 discerni
1321 215 1477 251 peccata,
1505 223 1549 244 ne
1574 213 1653 258 quis
1678 222 1775 259 putet
1797 219 1968 254 adulteria
1989 230 2021 258 et
2039 224 2138 257 simi—

97 258 289 296 Ecclesiae,
318 265 351 291 et
369 258 430 290 alii
457 258 535 291 aliis
557 257 766 289 muneribus
785 256 900 289 ornati
918 263 1020 295 sunt,
1052 264 1090 290 ut

95 309 170 343 Deo
196 309 309 342 visum
332 308 408 344 suit.
476 308 626 342 Paulum
653 307 822 352 tantisper
845 314 962 341 servat
985 307 1087 340 inco-

94 361 244 400 lumem,
278 361 361 393 dum
391 360 466 394 vult
491 372 569 393 eum
594 359 693 401 fungi
723 357 938 398 ministerio,
974 364 1006 391 et
1031 358 1086 390 in-

95 419 188 445 terea
207 418 306 444 curat
322 412 353 443 ei
374 409 529 455 hospicia
547 417 580 444 et
604 416 736 442 caetera
771 409 863 441 vitae
888 410 1084 444 commoda.

91 462 150 496 Sic
168 470 198 495 et
217 461 347 495 Paulus
367 463 409 495 ad
431 460 635 496 Corinthios
657 460 700 492 de
723 459 922 503 pestilentia
947 460 1082 500 scribit,

91 513 251 555 castigari
276 525 334 545 eos
361 525 398 546 ea
424 524 534 557 poena
562 517 704 554 propter
729 510 813 543 vitia
842 521 918 543 sua:
954 509 981 543 si
1003 522 1082 554 age-

91 572 167 597 rent
189 564 442 608 poenitentiam
466 574 595 607 poenas
621 568 811 594 cessaturas
836 572 920 594 esse,
983 561 1083 596 Sicut

91 624 123 648 et
140 612 329 648 Zacharias
346 614 480 659 inquit:
509 611 768 647 Convertimini
786 614 827 644 ad
856 623 930 652 me,
958 619 992 646 et
1019 624 1081 656 ego

89 672 275 698 convertar
291 667 334 698 ad
354 677 432 706 vos,
460 665 494 697 id
513 670 583 705 est,
610 663 777 706 mitigabo
801 662 1018 696 calamitates
1043 676 1081 697 ac

89 728 236 759 poenas,
260 717 286 749 si
307 717 412 759 agetis
430 714 696 758 poenitentiam.
757 713 829 747 Nee
846 714 890 746 de
909 726 981 747 uno
1001 721 1080 748 tan-

89 777 162 801 tum
189 779 294 811 opere
321 767 498 811 loquitur,
534 767 592 798 sed
620 766 662 797 de
688 777 768 798 vera
790 765 1021 798 conversione
1046 773 1080 800 et

88 818 272 853 fructibus.
326 816 378 850 Ex
405 815 459 850 his
487 816 569 849 satis
591 815 740 858 intelligi
768 823 901 860 potest,
930 823 963 849 et
988 829 1078 861 quo-

87 870 193 902 modo
217 869 352 912 placeat
376 869 512 901 incoata
537 867 759 907 obedientia,
787 874 819 900 et
837 879 927 912 quae
951 865 1075 902 habeat

86 919 251 963 praemia.
321 917 524 952 Accendere
546 924 663 952 autem
689 917 846 950 studium
878 919 968 951 bene
993 931 1076 963 ope-

84 970 187 1003 randi
214 970 322 1002 multa
348 970 496 1010 debent,
528 969 733 1002 mandatum
757 967 844 1012 Dei,
872 970 955 1002 item
980 971 1074 1014 quod

83 1020 170 1055 fides
201 1020 418 1063 extinguitur
441 1021 565 1053 amissa
592 1019 820 1060 obedientia,
864 1020 949 1054 item
977 1022 1072 1064 quod

84 1072 327 1116 praesentibus
337 1079 369 1105 et
379 1072 530 1105 aeternis
549 1071 673 1114 poenis
691 1070 901 1114 puniuntur,
917 1077 950 1104 et
967 1072 1073 1104 amis-

82 1123 133 1156 sio
153 1123 255 1163 fidei,
283 1130 318 1156 et
341 1129 474 1156 caetera
495 1123 635 1155 delicta.
687 1121 774 1154 ltem
792 1133 892 1166 saepe
907 1122 1070 1156 caecitate

81 1180 113 1207 et
131 1173 280 1217 peccatis
296 1173 422 1207 delicta
439 1173 648 1217 puniuntur.
701 1171 841 1206 Rursus
860 1185 932 1206 non
956 1173 1071 1206 solum

79 1224 267 1268 promissio
292 1224 419 1257 invitet
442 1225 482 1256 ad
514 1224 747 1264 credendum,
777 1230 810 1256 et
836 1225 879 1256 ad
908 1223 1067 1257 retinen-

79 1276 160 1308 dam
177 1274 301 1315 fidem,
329 1276 388 1307 sed
407 1274 510 1307 etiam
537 1275 742 1307 mandatum
762 1272 840 1308 Dei.
894 1273 1069 1318 Praecipit

80 1325 174 1358 enim
199 1333 237 1359 ut
263 1326 446 1358 credamus
470 1325 554 1358 filio.
617 1323 747 1357 invitet
771 1325 813 1357 ad
840 1327 1069 1358 exercendam

79 1377 182 1409 fidem
202 1376 237 1408 in
257 1376 358 1408 bonis
374 1376 558 1418 operibus,
585 1376 679 1420 quod
700 1374 777 1407 sine
801 1375 974 1408 exercitiis
994 1388 1067 1408 non

77 1426 199 1459 crescit
210 1426 314 1468 fides,
340 1433 378 1459 ut
395 1426 549 1459 ostendit
564 1426 760 1458 similitudo
776 1426 818 1458 de
835 1425 979 1459 talento.
1021 1425 1066 1460 Et

76 1483 166 1510 recte
183 1476 273 1510 illud
291 1476 525 1519 Augustinus:
555 1475 706 1509 Dilectio
724 1482 879 1509 meretur
898 1489 1066 1518 angmen-

75 1536 148 1561 tum
165 1527 375 1567 dilectionis,
396 1539 468 1560 non
486 1527 579 1560 enim
596 1527 807 1572 loquiturde
822 1527 1066 1570 imputatione,

74 1579 133 1612 sed
151 1579 193 1611 de
209 1578 323 1612 donis.
362 1577 465 1611 Dona
482 1585 643 1611 crescunt
660 1590 744 1618 usu,
765 1586 796 1611 et
815 1586 993 1611 merentur
1010 1580 1064 1612 in-

74 1636 262 1662 crementa.
297 1629 423 1662 invitet
441 1636 474 1662 et
491 1629 696 1671 magnitudo
715 1629 975 1662 misericordiae
988 1630 1065 1670 Dei,

74 1681 170 1725 quod
186 1677 277 1713 banc
294 1681 475 1719 miseram,
498 1679 707 1719 mendicam,
726 1685 758 1712 et
776 1686 846 1712 tani
867 1680 962 1712 varie
980 1692 1064 1713 con-

74 1731 279 1765 taminatam
303 1730 561 1768 obedientiam,
592 1737 707 1763 tamen
734 1731 924 1773 approbat,
952 1737 983 1764 et
1005 1743 1065 1774 per

73 1794 147 1815 eam
165 1794 200 1814 se
218 1779 353 1815 honore
369 1781 459 1814 affici
478 1781 620 1815 iudicat.
659 1780 813 1814 lnvitent
829 1788 862 1814 et
879 1781 945 1813 alia
963 1793 1063 1825 prae—

73 1833 142 1866 mia
158 1833 350 1866 necessaria
369 1832 460 1866 vitae
479 1840 510 1866 et
526 1830 717 1872 Ecclesiae,
733 1838 766 1865 et
783 1843 846 1864 suo
866 1832 942 1864 loco
958 1845 1062 1874 expe-

72 1885 188 1923 tenda,
206 1896 294 1930 quae
310 1884 389 1918 fidei
407 1883 579 1917 exercitiis
591 1883 766 1926 proposita
778 1890 872 1920 sunt,
891 1891 925 1915 ut
939 1883 1062 1923 victus,

75 1946 152 1979 pax,
171 1936 256 1968 boni
272 1947 449 1968 successus
468 1934 504 1966 in
522 1934 780 1974 vocationibus,
807 1935 843 1965 in
861 1935 997 1973 studiis,
1025 1935 1060 1966 in

73 1986 329 2029 gubernatione
345 1984 521 2019 Ecclesiae
539 1991 572 2018 et
587 1983 837 2029 Reipublicae,
866 1985 1058 2018 liberorum

75 2036 202 2079 pietas,
234 2037 364 2077 virtus,
398 2044 431 2072 et
452 2037 610 2071 felicitas.
672 2035 769 2069 Haec
795 2044 875 2069 sunt
904 2037 1059 2079 ingentia

76 2087 250 2130 praemia,
293 2089 352 2120 sed
374 2094 469 2120 tanta
493 2094 542 2120 est
567 2087 693 2120 mundi
720 2087 883 2127 caecitas,
924 2094 961 2120 ut
989 2099 1061 2120 non

74 2137 188 2170 solum
207 2139 372 2170 mandato
390 2136 468 2180 Dei,
489 2145 522 2171 et
538 2138 716 2171 mentione
733 2146 956 2171 aeternarum
977 2151 1060 2183 poe-

73 2199 200 2221 narum
224 2200 262 2221 ac
285 2195 444 2221 aeternae
469 2188 590 2221 salutis
619 2189 744 2222 leviter
773 2189 963 2230 afficiatur,
1000 2191 1058 2222 sed

73 2238 176 2272 etiam
191 2250 263 2272 non
280 2239 364 2273 satis
381 2238 553 2282 intelligat
569 2246 739 2284 quantum
755 2252 842 2285 opus
865 2241 910 2273 sit
933 2253 1058 2285 corpo-

73 2289 207 2324 ralibus
240 2290 418 2323 beneficiis
437 2317 446 2331 ‚
489 2296 522 2323 et
552 2297 722 2335 quantum
747 2292 874 2324 reserat
897 2291 945 2324 eis
969 2298 1059 2325 recte

72 2340 137 2375 uti.
183 2338 338 2375 oremus
354 2341 462 2384 igitur
479 2339 593 2374 Deum
617 2346 761 2384 propter
778 2340 974 2376 Dominum
993 2355 1058 2376 no-

73 2396 185 2424 strum
208 2391 320 2425 lesum
337 2390 538 2433 Christum,
565 2393 625 2437 qui
642 2392 842 2435 interpellat
866 2405 930 2436 pro
946 2394 1059 2434 nobis,

73 2447 112 2474 ut
142 2453 206 2475 nos
230 2443 398 2477 exuscitet
420 2445 462 2477 ad
500 2456 617 2477 veram
646 2443 827 2487 pietatem,
864 2445 1000 2478 erudiat
1026 2452 1058 2479 et

73 2492 245 2534 gubernet
263 2506 326 2527 nos
348 2496 430 2528 dato
447 2494 585 2538 Spiritu
609 2501 742 2530 sancto.
795 2493 895 2528 Sicut
920 2495 1057 2538 pollici-

73 2549 128 2576 tus
148 2550 197 2577 est
213 2557 248 2577 se
265 2546 429 2579 daturum
449 2545 624 2589 Spiritum
642 2552 800 2578 sanctum
820 2546 1031 2589 petentibus.

173 2594 225 2629 De
240 2603 361 2640 quarta
378 2598 592 2641 quaestione.
644 2595 697 2630 De
713 2596 917 2629 discrimine
935 2609 1057 2641 pecca·

71 2650 200 2679 torum.
254 2645 343 2679 Nam
360 2659 437 2681 cum
456 2648 607 2682 dicimus
633 2648 801 2693 reliquias
826 2648 956 2693 peccati
982 2660 1057 2681 ma-

70 2707 153 2730 nere
172 2695 208 2729 in
227 2698 376 2738 renatis,
404 2705 436 2733 et
456 2699 560 2733 simul
585 2711 658 2733 esse
684 2698 809 2743 fidem,
844 2710 984 2733 necesse
1008 2707 1058 2734 est

1087 1101 1102 1724 ⁴

1096 2121 1107 2133 ,

1147 256 1193 289 lia
1211 258 1341 300 flagitia
1361 272 1439 293 cum
1458 262 1525 294 fide
1541 264 1684 298 existere
1703 279 1813 310 posse.
1867 268 1948 305 Dixi
1965 281 2080 307 autem
2099 278 2132 309 in

1145 307 1530 365 locis-communibus,
1574 315 1755 360 aliquanto
1786 321 1958 364 prolixius
1993 326 2037 358 de
2062 328 2134 359 dis-

1143 369 1292 391 crimine
1328 363 1458 403 peccati
1489 366 1648 398 mortalis
1673 375 1706 401 et
1731 371 1890 408 venialis.
1968 374 2049 410 Ideo
2075 375 2132 411 hic

1140 409 1263 451 paucis
1287 411 1486 444 admonebo
1511 414 1688 452 lectorem.
1741 419 1831 453 Cum
1859 424 1927 457 fide
1952 425 2129 462 iustificati

1140 470 1280 499 sumus,
1308 462 1406 505 sequi
1425 464 1526 496 ‹it-bet
1545 465 1580 497 in
1605 468 1736 501 renatis
1754 470 1891 506 iusticia
1915 475 2027 509 bonae
2044 491 2129 511 con-

1138 510 1317 544 scientiae.
1371 511 1476 545 Hunc
1501 517 1648 557 gradum
1673 527 1790 562 aperte
1817 529 1848 555 et
1873 535 1973 570 saepe
1997 531 2128 563 consti-

1138 561 1204 594 tuit
1229 562 1390 595 doctrina
1409 562 1559 607 Christi,
1593 575 1633 601 ut
1661 570 1692 602 1.
1714 569 1872 606 Timoth.
1893 576 1941 609 1.:
1979 577 2127 614 Summa

1136 612 1292 645 mandati
1311 620 1377 653 est,
1405 615 1547 649 dilectio
1572 629 1611 650 ex
1631 621 1735 652 corde
1754 634 1864 665 puro,
1894 633 1927 660 et
1944 631 2126 664 conscien-

1134 663 1181 696 tia
1201 663 1293 696 bona
1306 690 1314 704 ‚
1344 671 1376 697 et
1394 666 1459 698 fide
1478 679 1549 699 non
1568 668 1658 704 ficta.
1720 669 1767 706 Et
1785 685 1906 709 rursus
1924 680 2044 712 eodem
2068 694 2126 714 ca-

1134 713 1220 757 pite:
1264 713 1400 750 Milites
1426 717 1555 750 bonam
1581 720 1764 761 militiam,
1800 721 1932 760 habens
1961 728 2065 763 fidem
2092 740 2124 766 et

1135 765 1264 798 bonam
1285 767 1546 804 conscientiam.
1600 768 1645 804 Et
1669 773 1691 805 2
1713 773 1874 811 Corinth,
1898 779 1944 812 L:
1979 779 2123 815 Gloria-

1131 816 1180 849 tio
1198 823 1316 850 nostra
1338 815 1422 851 haec
1442 827 1511 860 est,
1539 821 1782 856 testimonium
1800 829 2034 864 conscientiae
2054 845 2121 865 no-

1130 873 1233 902 strae.
1286 867 1332 901 Et
1353 870 1382 901 1.
1404 869 1499 904 ioan.
1521 871 1573 906 3.:
1614 871 1651 906 Si
1679 886 1738 907 cor
1755 885 1914 912 nostrum
1936 893 2008 915 non
2037 896 2122 916 con-

1130 918 1273 952 demnat
1298 931 1381 958 nos,
1409 922 1572 954 fiduciam
1597 921 1768 959 habemus
1797 930 1837 961 ad
1858 928 1991 971 Deum,
2020 935 2121 969 docet

1130 969 1223 1001 enim
1244 982 1316 1025 non
1340 982 1439 1014 posse
1459 972 1623 1007 invocare
1642 974 1754 1009 Deum
1772 978 1872 1021 istos,
1903 983 1963 1027 qui
1989 981 2121 1020 habent

1128 1027 1348 1062 propositum
1368 1022 1524 1055 violandi
1542 1027 1704 1059 mandata
1714 1026 1779 1060 Dei
1798 1038 1917 1065 contra
1936 1036 2121 1069 conscien-

1126 1070 1224 1103 tiam.
1282 1070 1329 1105 Et
1345 1074 1379 1106 2.
1403 1072 1495 1106 Petri
1523 1075 1572 1108 3.:
1606 1075 1694 1110 Cum
1724 1081 1894 1115 modestia
1919 1091 1950 1117 et
1978 1086 2106 1120 timore

1126 1120 1378 1155 conscientiam
1398 1121 1566 1157 habentes
1584 1127 1725 1163 bonam.
1780 1129 1863 1165 ldeo
1888 1141 1921 1167 et
1946 1137 1985 1168 ad
2005 1116 2117 1171 Gala-³

1124 1177 1176 1204 tas
1192 1170 1226 1205 5.
1246 1173 1392 1205 dicitnr:
1421 1173 1610 1209 Manifesta
1627 1186 1709 1211 sunt
1729 1191 1833 1223 opera
1852 1183 1985 1224 cai-nis,
2013 1189 2117 1221 adnl—

1125 1222 1253 1256 terium
1272 1247 1282 1261 ‚
1326 1226 1490 1257 scortatio
1506 1251 1517 1269 ,
1567 1227 1807 1272 impudicitia,
1854 1234 2017 1270 idolatria
2053 1247 2116 1273 etc.

1123 1272 1196 1315 Qui
1220 1273 1303 1306 talia
1327 1274 1482 1319 faciunt,
1513 1288 1659 1319 regnum
1676 1278 1742 1313 Dei
1769 1294 1840 1316 non
1869 1288 2114 1329 possidebunt.

1124 1322 1208 1356 ldeo
1232 1324 1326 1356 enim
1359 1333 1459 1359 vocat
1490 1328 1694 1369 manifesta,
1737 1333 1818 1377 quia
1844 1336 1930 1370 facta
1959 1340 2113 1382 damnat,

1121 1386 1210 1417 quae
1255 1375 1403 1408 scientes
1445 1385 1565 1411 contra
1611 1382 1863 1418 conscientiam
1907 1389 2112 1427 admittunt.

1121 1424 1241 1466 Quare
1265 1433 1297 1458 et
1320 1425 1451 1460 Paulus
1476 1428 1581 1465 Rom.
1606 1431 1639 1466 8.
1679 1433 1846 1469 discernit
1876 1447 2028 1481 peccata:
2073 1443 2112 1477 Si

1119 1477 1313 1510 secundum
1332 1490 1471 1511 carnem
1491 1480 1666 1521 vixeritis,
1690 1486 1904 1522 moriemini.
1948 1490 1986 1524 Si
2004 1494 2112 1527 actio-

1120 1538 1181 1559 nes
1200 1528 1316 1584 carnis
1330 1530 1591 1585 niortificabitis
1610 1534 1755 1577 spiritu,
1781 1538 1915 1575 vivetis.
1966 1542 2056 1577 Sunt
2074 1545 2111 1578 in

1118 1585 1247 1611 sanctis
1272 1586 1426 1613 actiones
1450 1582 1586 1622 carnis,
1629 1585 1664 1617 id
1691 1593 1757 1626 est,
1792 1589 1909 1623 vitiosi
1947 1593 2109 1628 affectus:

1121 1626 1175 1660 his
1192 1640 1270 1660 cum
1290 1639 1487 1672 repugnant
1503 1633 1650 1675 spiritu,
1678 1636 1713 1669 id
1731 1645 1798 1678 est,
1828 1652 1898 1673 non
1918 1639 1956 1675 h‘x
1969 1646 2110 1686 pocrisi,

1118 1680 1177 1711 sed
1200 1691 1278 1711 cum
1307 1693 1388 1713 vero
1416 1682 1543 1715 timore
1560 1684 1625 1717 Dei
1655 1694 1687 1719 et
1713 1700 1792 1721 vera
1818 1691 1884 1723 fide
1903 1683 2110 1729 coercentur

1118 1730 1234 1762 vitiosi
1252 1730 1415 1771 affectus,
1443 1743 1589 1769 manent
1613 1739 1723 1772 sancti
1748 1740 1782 1773 in
1802 1743 1931 1784 gratia,
1954 1746 2108 1781 retinent

1117 1780 1290 1837 Spiritum
1316 1789 1475 1816 sanctum
1501 1792 1533 1818 et
1559 1787 1672 1821 fidem.
1748 1789 1870 1836 'Neque
1902 1792 1986 1828 baec
2019 1797 2106 1832 fiunt

1116 1843 1194 1864 sine
1220 1844 1345 1874 magno
1371 1836 1563 1868 certamine
1594 1838 1629 1869 in
1654 1840 1795 1874 animis.
1874 1843 1999 1879 Variae
2024 1857 2105 1883 sunt

1116 1883 1240 1915 mundi
1258 1883 1454 1925 illecebrae,
1471 1888 1667 1922 turbulenti
1687 1890 1837 1934 impetus
1852 1903 1930 1929 sunt
1951 1897 1984 1929 in
2001 1911 2105 1932 carne

1115 1941 1246 1968 nostra.
1303 1932 1350 1968 Et
1373 1936 1537 1971 diabolus
1561 1939 1716 1974 intentus
1748 1951 1795 1976 est
1827 1945 1859 1977 in
1894 1949 2103 1991 occasiones,

1115 1997 1176 2028 per
1194 1996 1279 2029 quas
1295 1985 1476 2029 impellere
1491 1989 1628 2023 animos
1647 1993 1767 2034 possit.
1821 1995 1902 2029 Ideo
1922 1999 2102 2039 vigilantia

1116 2036 1218 2068 nobis
1241 2049 1330 2080 opus
1355 2045 1423 2078 est,
1450 2046 1484 2072 et
1507 2040 1575 2073 fide
1592 2053 1631 2074 ac
1648 2042 1881 2083 invocatione.
1935 2048 2022 2081 Nam
2050 2053 2101 2084 xi-

1114 2087 1221 2120 ctoria
1248 2095 1298 2122 est
1320 2086 1471 2130 Christi,
1518 2091 1555 2124 in
1581 2093 1685 2126 nobis
1709 2095 1881 2130 vincentis
1909 2100 2100 2138 diabolum.

1114 2138 1182 2172 Sed
1209 2145 1325 2171 tamen
1349 2141 1512 2174 accedere
1536 2151 1654 2176 nostra
1688 2146 1873 2191 disciplina
1903 2151 2024 2192 debet,
2067 2160 2099 2187 et

1114 2190 1182 2222 fide
1204 2191 1392 2232 petendum
1419 2199 1469 2225 est
1495 2194 1687 2236 auxilium,
1715 2197 1801 2231 sicut
1820 2199 1943 2233 Petrus
1967 2202 2098 2248 inquit:

1117 2239 1284 2282 Vigilate,
1314 2241 1396 2286 quia
1419 2243 1582 2277 diabolus
1603 2252 1768 2291 tanquam
1792 2249 1846 2282 leo
1866 2252 2007 2293 rugiens
2031 2255 2099 2288 cir-

1113 2292 1240 2332 cumit,
1265 2304 1437 2338 quaerens
1454 2307 1557 2339 quem
1577 2297 1729 2330 devoret.
1766 2297 1813 2332 Et
1835 2302 1877 2333 de
1895 2303 2097 2348 disciplina:

1113 2341 1255 2383 Castigo
1290 2355 1418 2387 corpus
1444 2357 1579 2386 meum,
1614 2355 1645 2379 et
1672 2347 1709 2380 in
1735 2351 1937 2385 servitutem
1965 2356 2098 2398 redigo.

1113 2393 1239 2426 Timor
1262 2393 1327 2427 Dei
1355 2403 1525 2439 repugnet
1551 2398 1666 2440 pravis
1690 2401 1942 2443 cupiditatibus
1964 2413 1996 2439 et
2021 2407 2099 2440 ille-

1112 2445 1240 2477 cebris:
1283 2444 1388 2479 Fides
1415 2454 1505 2490 petat
1535 2448 1705 2481 auxilium
1740 2458 1772 2485 et
1800 2455 2097 2490 condonationem

1112 2495 1348 2537 infirmitatis,
1375 2497 1517 2541 colligat
1540 2507 1763 2541 argumenta,
1796 2516 1885 2548 quae
1908 2509 2099 2542 ostendunt

1111 2547 1391 2589 magnitudinem
1429 2555 1460 2581 et
1495 2560 1626 2592 poenas
1663 2553 1812 2594 peccati,
1846 2563 2030 2600 perpetuas
2066 2566 2099 2593 et

1113 2605 1323 2641 praesentes.
1391 2597 1438 2633 Ut
1468 2597 1593 2644 Ioseph
1619 2602 1812 2638 solicitatus
1838 2606 2010 2642 illecebris
2035 2611 2098 2642 do-

1111 2649 1249 2689 minae,
1277 2660 1350 2681 non
1374 2649 1451 2682 sine
1465 2651 1656 2685 certamine
1682 2655 1808 2688 restitit
1832 2664 1863 2690 et
1887 2658 1998 2692 furori
2020 2672 2099 2692 mn-

1116 2700 1232 2742 lietis,
1265 2706 1298 2733 et
1321 2700 1461 2733 insidiis
1486 2702 1634 2738 diaboli.
1706 2704 1806 2740 Vidit
1828 2709 2010 2743 diabolum
2033 2708 2099 2744 boc

1406 2749 1488 2787 54*
