2415 2942
248 95 320 132 595

251 190 284 216 et
309 180 400 214 haud
428 176 531 211 dubie
557 175 698 208 dotibus
726 171 875 214 ingenii,
903 169 1074 213 sapientia
1091 175 1122 202 et
1139 167 1237 201 omni

252 244 376 275 genere
395 231 564 261 virtutum
582 224 740 257 excelluit
760 223 924 255 omnibus
943 219 1146 252 hominibus
1164 219 1237 251 eius

253 282 385 316 aetatis.
458 277 530 310 Has
559 283 671 308 tantas
704 275 850 307 virtutes
875 279 905 305 et
938 270 1022 304 haec
1047 271 1139 304 dona
1172 269 1238 302 Dei

252 344 322 365 non
359 335 567 372 aspernatur
603 326 751 361 Paulus,
795 325 853 356 sed
893 329 993 363 negat
1038 333 1136 363 posse
1175 332 1237 363 op-

252 382 333 426 poni
370 381 440 413 irae
473 385 504 411 et
540 378 669 409 indicio
700 375 792 413 Dei,
838 381 871 407 et
903 373 1069 406 discernit
1102 373 1146 406 ab
1179 372 1239 404 illa

254 432 408 471 iusticia,
436 430 478 462 de
503 440 569 473 qna
597 427 826 459 concionatur
853 424 1103 465 Evangelinm,
1142 423 1239 455 vide-

254 485 333 516 licet
359 495 375 514 a
402 480 608 514 remissione
642 485 881 522 peccatorum,
921 486 1009 520 quae
1034 475 1137 508 datur
1161 485 1240 517 pro-

255 542 332 578 pter
349 530 543 566 Christum.

360 589 452 622 Haec
470 588 572 620 initio
591 585 759 618 monendi
778 591 856 617 sunt
875 583 1042 627 imperiti,
1067 589 1102 615 ut
1123 581 1244 620 sciant,

258 654 327 687 quo
349 642 518 685 pertineat
536 637 637 670 Pauli
656 636 815 669 doctrina
845 642 875 667 et
902 647 969 679 quo
995 634 1175 666 referenda
1203 631 1246 663 sit

259 692 342 726 hwc
375 703 485 729 nova,
533 695 565 722 et
602 688 690 720 mira
724 685 921 719 extenuatio
960 684 1116 716 insticiae
1153 682 1246 724 legis.

261 744 349 776 Nam
383 738 555 785 prophani
591 739 803 772 transferunt
830 737 871 768 ad
897 736 1102 767 exteriorem
1129 733 1248 771 vitam,

263 802 381 838 postea
410 793 615 831 interpretes
646 788 776 831 aliqui,
805 798 883 818 cnm
903 785 1079 817 somniant
1099 782 1247 816 Paulum

262 847 304 875 de
336 842 499 874 exteriori
532 841 600 872 xita
624 845 655 871 et
688 838 824 869 iusticia
856 836 972 880 loqui,
1017 840 1250 877 corrumpunt

262 895 361 927 Pauli
388 891 595 927 sententias,
631 896 662 921 et
697 894 823 930 putant
848 893 983 919 tantum
1012 883 1077 918 lioc
1106 885 1178 927 agi,
1213 891 1250 917 nt

262 946 476 986 abrogentur
513 939 729 973 ceremoniae
763 937 936 970 Mosaicae
976 937 1010 969 iu
1053 936 1123 969 vita
1158 942 1251 967 exte-

264 997 374 1033 riore,
403 993 481 1026 Non
503 992 658 1024 referunt
679 987 768 1021 lianc
786 988 981 1021 doctrinam
1008 988 1049 1019 ad
1074 986 1251 1019 remissio-

265 1057 345 1078 nem
366 1051 584 1087 peccatorum
607 1049 637 1073 et
658 1052 803 1083 agonem
823 1038 1066 1072 conscientiae,

369 1103 457 1137 Sunt
485 1108 598 1133 autem
626 1099 782 1144 quinque
807 1106 1025 1137 argumenta,
1095 1095 1254 1128 Primum

270 1157 314 1188 ab
335 1153 503 1197 exemplo.
553 1147 733 1183 Abraham
754 1149 960 1182 iustificatos
977 1154 1025 1180 est
1046 1158 1161 1179 coram
1180 1144 1254 1177 Deo

269 1206 394 1240 fiducia
418 1201 697 1240 misericordiae,
727 1212 800 1232 non
828 1206 970 1243 propter
992 1203 1068 1231 snas
1099 1197 1256 1235 virtutes,

268 1257 361 1299 Ergo
391 1262 422 1288 et
446 1266 511 1287 nos
538 1252 767 1286 iustificantur
790 1251 867 1282 fide.
920 1248 1181 1293 Consequentia
1207 1252 1256 1278 est

269 1307 472 1345 manifesta,
515 1304 596 1349 quia
624 1303 744 1334 eadem
773 1307 823 1333 est
852 1300 941 1332 ratio
968 1300 1151 1332 virtutum.
1219 1296 1256 1329 Si

272 1354 451 1392 Abrabam
464 1383 471 1395 ,
501 1366 578 1387 cum
595 1359 646 1386 tot
664 1351 868 1384 excellentes
885 1358 912 1383 et
932 1348 1088 1382 heroicas
1113 1348 1258 1380 virtutes

273 1407 436 1446 liaberet,
470 1417 541 1437 non
566 1404 631 1436 suit
657 1409 800 1446 propter
824 1413 879 1433 eas
904 1402 1014 1433 iustus
1040 1411 1154 1431 coram
1173 1397 1260 1437 Deo,

275 1465 408 1503 quanto
437 1457 555 1488 minus
590 1452 655 1487 hoc
690 1460 867 1496 praestant
901 1453 1046 1486 virtutes
1078 1449 1261 1482 inferiores

276 1511 314 1542 in
339 1509 427 1542 aliis.

380 1565 580 1599 Secundum
615 1574 655 1594 ex
698 1560 913 1593 delinitione.
972 1557 1175 1592 Iustificatio
1214 1563 1265 1589 est

279 1617 426 1661 gratuita
456 1613 640 1657 imputatio
665 1612 839 1654 iusticiae,
874 1609 967 1652 Ergo
994 1621 1066 1641 non
1096 1607 1265 1641 iustifica-

280 1680 361 1701 mur
406 1671 549 1710 propter
584 1670 739 1695 nostram
783 1661 988 1706 qualitatem
1021 1667 1080 1693 aut
1115 1658 1266 1701 dignita-

281 1727 351 1752 (em
377 1726 439 1751 ele.

385 1777 545 1810 Tertium
574 1786 613 1806 ex
637 1772 853 1806 defiuitione.
913 1768 1116 1803 lustificatio
1142 1774 1192 1801 est
1214 1778 1269 1800 re-

284 1829 404 1862 missio
433 1833 671 1870 peccatorum,
712 1821 805 1865 Ergo
834 1833 907 1854 non
932 1820 1103 1863 contingit
1129 1826 1271 1863 propter

285 1887 441 1913 nostram
474 1876 679 1918 dignitatem
698 1901 706 1914 ‚
740 1873 915 1918 siquidem
942 1883 1078 1916 semper
1100 1868 1271 1903 habemus

290 1942 377 1975 opus
396 1928 601 1962 remissione
620 1932 852 1969 peccatorum.

389 1987 563 2031 Quartum
592 1998 631 2017 ex
655 1984 780 2016 ordine
806 1993 988 2016 causarum
1014 1988 1047 2015 et
1075 1981 1273 2015 effectuum.

288 2036 470 2073 Abraham
504 2036 757 2080 pronunciatur
787 2034 898 2066 iustus
930 2040 1010 2066 ante
1038 2031 1274 2064 circumcisio-

290 2102 370 2123 nem
383 2117 392 2131 ,
416 2088 508 2129 Ergo
528 2099 599 2119 non
621 2093 668 2119 est
684 2086 793 2117 iustus
810 2090 952 2128 propter
969 2083 1057 2115 illud
1075 2094 1172 2126 opus.

394 2150 567 2192 Quintum
588 2159 628 2179 ex
649 2157 750 2178 causa
775 2143 1029 2186 promissionis.
1084 2141 1273 2174 promissio

292 2202 448 2245 pendens
466 2212 504 2232 ex
529 2197 732 2231 conditione
751 2195 836 2237 legis
860 2206 931 2226 non
957 2200 1006 2225 est
1032 2200 1133 2226 certa.
1188 2191 1276 2224 Pro-

291 2252 410 2285 missio
438 2250 566 2294 gratiae
595 2248 698 2281 debet
723 2258 794 2278 esse
822 2253 932 2284 certa,
966 2242 1059 2286 Ergo
1090 2243 1274 2287 promissio

293 2302 422 2344 gratiae
446 2313 518 2334 uon
542 2300 669 2343 pendet
694 2309 733 2330 ex
763 2296 966 2330 conditione
989 2295 1092 2337 legis,
1124 2295 1183 2327 sed
1210 2294 1277 2327 fide

294 2353 397 2395 gratis
414 2351 615 2396 accipienda
633 2355 693 2382 est.

594 2437 726 2466 Primum
749 2440 968 2474 argumentum.

396 2500 553 2533 Primum
580 2505 825 2541 argumentum
851 2498 894 2529 de
929 2495 1086 2539 exemplo
1113 2492 1276 2528 Abrahae

294 2552 481 2592 diligenter
516 2549 763 2581 inculcandum
791 2555 842 2582 est
866 2547 1003 2580 animis.
1080 2545 1156 2578 Etsi
1181 2546 1274 2577 enini

293 2604 421 2636 mirum
442 2602 477 2633 in
495 2601 637 2633 modum
654 2598 802 2631 offendit
822 2597 978 2637 ludaeos,
1005 2594 1102 2637 haec,
1120 2604 1156 2629 nt
1177 2596 1272 2628 vide-

290 2662 365 2694 tur,
394 2651 580 2685 immodica
605 2649 802 2683 extenuatio
828 2649 984 2683 iustitiae
1012 2648 1117 2691 legis,
1152 2655 1267 2681 tamen

821 85 944 119 Pch.
975 82 1088 118 MEL.
1119 78 1326 118 SCRtPTA
1355 75 1653 113 EXEGETICAA

2203 78 2277 114 596

1258 170 1265 181 ·
1292 165 1358 208 piis
1375 170 1408 197 et
1429 163 1566 207 pavidis
1584 161 1807 196 conscientiis
1822 164 1923 198 affert
1938 166 2134 199 uberimam
2153 176 2277 198 conso·

1289 216 1470 249 lationem.
1548 212 1600 246 Ac
1623 224 1762 257 semper
1784 215 2047 250 meminerimus
2076 215 2165 249 lianc
2192 227 2276 248 con-

1289 268 1427 300 cionem
1446 276 1518 298 non
1535 263 1711 308 pertinere
1727 275 1766 297 ac
1781 265 1988 299 exteriorem
2005 268 2110 301 vitam
2122 295 2130 307 ‚
2157 267 2216 300 sed
2234 266 2277 299 ad

1289 317 1531 351 remissionem
1553 321 1774 358 peccatorum
1793 315 1828 347 in
1848 328 1928 349 vera
1949 319 2176 360 poenitentia.

1392 375 1437 410 Et
1456 372 1513 408 hic
1532 374 1721 417 diligenter
1736 374 1988 418 amplificemus
2001 376 2146 410 virtutes
2162 375 2279 410 Abra-

1291 425 1367 460 hae.
1417 423 1540 471 Neque
1558 426 1652 458 enim
1672 425 1820 458 dubium
1838 433 1905 466 est,
1937 428 2023 471 quin
2042 427 2101 460 ille
2119 425 2278 461 heroicus

1293 479 1347 510 vir
1372 474 1535 510 habuerit
1558 476 1766 509 excellentes
1791 477 1958 517 virtutes,
2002 484 2035 511 et
2061 478 2219 511 moribus
2242 489 2280 510 ac

1295 527 1422 561 sanctis
1445 527 1610 571 operibus
1629 527 1731 570 longe
1756 526 1878 560 vicerit
1901 528 2040 560 multos.
2095 527 2140 562 Et
2163 535 2281 562 tamen

1296 579 1427 612 Paulus
1443 579 1548 612 audet
1566 575 1749 611 detrahere
1766 578 1815 611 eis
1833 576 1923 611 lianc
1947 579 2093 621 gloriam
2118 578 2283 613 iustifica-

1297 629 1412 662 tionis.
1473 628 1589 662 Habet
1614 628 1771 668 laudem,
1807 629 1942 673 inquit,
1983 631 2040 662 sed
2066 642 2138 662 non
2164 641 2282 663 coram

1298 680 1391 720 Deo,
1425 680 1459 712 id
1486 686 1554 719 est,
1596 680 1742 712 virtutes
1770 679 1856 718 illae⁴
1884 692 1955 712 non
1972 680 2130 724 'possunt
2151 679 2285 724 opponi

1298 731 1370 764 irae
1395 737 1427 763 et
1451 730 1583 764 iudicio
1606 729 1691 770 Dei,
1728 742 1798 762 non
1825 730 1978 764 liberant
2001 744 2018 764 a
2043 737 2182 774 peccato
2207 737 2240 764 et
2265 742 2284 763 a

1298 788 1421 814 morte.
1490 781 1568 814 Hoc
1593 781 1791 824 exemplum
1821 793 1981 823 magnam
2009 782 2285 815 consolationem

1299 832 1366 876 piis
1391 832 1512 864 adfert.
1565 831 1616 864 Ne
1642 832 1782 876 quidem
1799 830 1981 866 Abraham
2000 840 2144 879 propter
2168 831 2287 874 digni-

1300 889 1405 916 tatem
1424 881 1645 926 propriarum
1667 882 1836 915 virtutum
1853 883 2056 916 iustificatus
2075 891 2136 917 est.
2191 881 2287 925 Ergo

1300 945 1381 966 vere
1398 939 1590 965 statuamus
1617 933 1719 964 nobis
1745 933 1851 975 gratis
1881 933 2023 975 ignosci.
2079 933 2198 974 ltaque
2222 945 2286 980 po-

1303 985 1366 1016 sita
1393 983 1548 1025 negativa
1575 983 1764 1023 sententiA,
1792 984 1890 1016 addit
1914 997 1953 1016 ex
1983 983 2093 1018 Gene.
2116 981 2171 1019 15.
2195 983 2288 1016 nnti-

1303 1033 1436 1073 thesin,
1464 1046 1551 1078 quae
1571 1040 1617 1066 est
1635 1035 1843 1066 antecedens
1861 1035 2069 1077 argumenti.
2122 1031 2289 1068 Abrahae

1304 1085 1515 1128 imputatum
1533 1091 1583 1117 est
1600 1084 1641 1117 ad
1661 1084 1853 1122 iusticiam,
1883 1086 1975 1129 qnod
1996 1085 2166 1126 credidit,
2193 1084 2287 1127 Ergo

1306 1144 1337 1168 et
1357 1146 1420 1167 nos
1438 1135 1666 1167 iustificamur
1690 1135 1774 1174 fide,
1802 1146 1874 1167 non
1893 1142 2035 1179 propter
2052 1143 2169 1169 nostra
2186 1147 2293 1180 opera

1306 1193 1367 1220 aut
1389 1186 1512 1228 legem.

1409 1244 1476 1278 Sed
1497 1241 1563 1277 hoc
1585 1251 1830 1287 argumentum
1848 1245 2059 1278 cavillantur
2074 1244 2184 1290 aliqui
2202 1245 2294 1278 mul—

1307 1296 1500 1343 tispmodis.
1567 1295 1641 1327 Alii
1666 1295 1787 1328 dieunt
1824 1307 1896 1329 esse
1926 1293 2180 1340 synecdochen.
2247 1294 2296 1329 Et

1310 1347 1463 1385 credere,
1497 1346 1618 1378 dicunt
1642 1357 1713 1378 esse
1737 1358 1845 1388 οριιε,
1873 1353 1905 1379 et
1930 1346 2125 1388 significare
2149 1346 2293 1379 nniver—

1311 1397 1417 1429 salem
1444 1396 1680 1428 obedientiam
1699 1421 1707 1434 ,
1751 1394 1932 1429 Abraham
1964 1396 2133 1435 credidit,
2175 1396 2211 1429 id
2235 1403 2296 1436 est,

1312 1447 1469 1479 obedivit
1488 1446 1560 1479 Deo
1585 1447 1678 1479 iuxta
1703 1444 1965 1491 synecdochen,
2002 1447 2082 1491 quia
2108 1447 2210 1479 fidem
2235 1448 2295 1478 de—

1312 1498 1371 1531 bet
1395 1498 1493 1542 sequi
1521 1497 1743 1535 obedientia,
1782 1497 1864 1529 Ideo
1887 1498 1953 1530 fide
1981 1497 2080 1530 aiunt
2109 1496 2298 1539 significari

1314 1548 1550 1582 universalem
1573 1548 1822 1582 obedientiam.

1417 1608 1491 1640 Alii
1508 1607 1631 1639 dicunt
1650 1607 1737 1639 male
1757 1605 1958 1650 detorqueri
1975 1603 2042 1639 boc
2058 1605 2203 1650 dictum,
2219 1606 2301 1652 quia

1319 1658 1467 1693 Genesis
1497 1670 1569 1690 non
1603 1657 1705 1690 faciat
1737 1657 1786 1689 ibi
1821 1657 2034 1690 mentionem
2071 1657 2113 1690 de
2145 1654 2301 1699 Christo,

1320 1716 1380 1743 aut
1404 1709 1446 1742 de
1471 1706 1536 1741 liae
1568 1708 1634 1740 fide
1664 1708 1854 1751 accipiente
1876 1708 2116 1740 remissionem
2145 1715 2303 1751 peccato-

1319 1772 1412 1794 rum.
1465 1758 1537 1791 Has
1556 1759 1748 1791 calumnias
1774 1759 1914 1801 prodest
1942 1759 2133 1798 confutari,
2159 1765 2198 1792 ut
2223 1771 2303 1792 sen-

1321 1811 1429 1845 tentia
1447 1811 1633 1842 verborum
1655 1808 1801 1841 Genesis
1818 1809 1942 1842 melius
1960 1809 2189 1851 intellig-itur.

1425 1869 1583 1902 Primum
1609 1869 1716 1911 igitur
1742 1867 1806 1901 hoc
1832 1869 2091 1901 observandum
2117 1874 2184 1908 est,
2211 1867 2303 1901 Pan-

1324 1922 1398 1954 lum
1424 1918 1489 1953 hoc
1514 1920 1606 1952 (licto
1626 1918 1774 1952 Genesis
1798 1919 1995 1951 discernere
2020 1919 2191 1951 iusticiam
2219 1919 2303 1960 legis

1326 1979 1358 2005 et
1380 1971 1472 2003 fidei.
1526 1970 1644 2012 Quare
1669 1981 1806 2002 necesse
1831 1976 1879 2002 est
1902 1969 1968 2001 hoc
1997 1970 2129 2002 dictum
2155 1970 2304 2012 intelligi

1326 2021 1467 2066 proprie
1491 2022 1533 2053 de
1559 2020 1636 2052 fide.
1691 2019 1797 2057 item,
1824 2018 1954 2052 Paulus
1977 2020 2072 2052 addit
2098 2020 2306 2063 interpreta-

1325 2074 1478 2111 tionem,
1517 2072 1611 2115 quod
1637 2069 1703 2103 fide
1725 2070 1873 2113 gratuita
1895 2071 2080 2114 imputatio
2106 2070 2306 2114 accipiatur.

1327 2122 1421 2166 Ergo
1439 2121 1494 2155 liic
1514 2121 1652 2165 proprie
1673 2121 1837 2163 iutelligit
1856 2121 1957 2153 fidem
1975 2133 2150 2153 assensum
2170 2127 2202 2154 et
2218 2121 2306 2154 fidu-

1328 2175 1414 2207 ciam
1434 2199 1443 2212 ,
1484 2186 1551 2218 qua
1577 2173 1765 2215 accipimus
1793 2172 1997 2215 promissam
2022 2172 2308 2213 misericordiam,

1328 2226 1363 2258 id
1382 2231 1442 2264 est,
1470 2236 1536 2269 qua
1556 2223 1753 2261 statuimus,
1781 2223 1874 2267 quod
1896 2221 1989 2255 Deus
2007 2234 2086 2254 vere
2103 2221 2185 2255 velit
2203 2223 2307 2256 nobis

1328 2276 1505 2318 ignoscere
1531 2281 1563 2307 et
1592 2274 1770 2317 propicius
1803 2285 1894 2313 esse,
1940 2284 2002 2316 per
2031 2272 2308 2307 misericordiam

1328 2328 1455 2370 gratis,
1485 2326 1619 2358 etiamsi
1639 2325 1831 2357 sentiamus
1847 2334 1910 2356 nos
1930 2323 2095 2366 indignos
2111 2335 2194 2359 esse.

1430 2391 1493 2426 Est
1519 2404 1598 2434 ergo
1625 2391 1815 2430 sententia,
1842 2390 2008 2429 credidit,
2034 2390 2069 2423 id
2094 2398 2162 2430 est,
2190 2392 2310 2427 statuit

1328 2457 1362 2477 se
1380 2442 1508 2477 habere
1525 2443 1637 2475 Deum
1658 2442 1872 2486 propicium,
1900 2441 2059 2485 quamvis
2078 2442 2247 2476 sentiebat
2271 2455 2308 2476 se

1329 2496 1513 2537 indignum
1533 2505 1623 2533 esse,
1652 2500 1683 2525 et
1701 2491 1764 2525 hac
1780 2491 1904 2524 fiducia
1922 2492 2122 2534 expectabat
2138 2493 2309 2526 auxilium

1327 2555 1357 2580 et
1377 2546 1585 2589 promissum
1605 2555 1733 2581 semen,
1759 2549 1820 2574 etc.
1875 2541 1924 2575 Ita
1943 2542 2008 2575 fide
2026 2543 2228 2577 iustificatns
2248 2551 2309 2584 est,

1326 2598 1359 2629 id
1379 2603 1446 2637 est,
1472 2591 1601 2639 placuit
1620 2605 1679 2637 per
1694 2593 1967 2625 misericordiam
1986 2594 2109 2636 gratis,
2135 2606 2206 2627 non
2225 2606 2307 2637 pro-

1325 2655 1402 2692 pter
1418 2645 1596 2691 propriam
1613 2645 1827 2689 dignitatem.
1877 2642 1923 2679 Et
1939 2643 1974 2677 id
1991 2645 2057 2678 tide
2075 2645 2195 2679 statuit
2209 2645 2306 2679 iuxta
