2415 2942
296 116 367 150 791

298 208 401 235 tutes.
462 197 537 231 Hae
567 193 703 229 hostiae
735 198 816 227 sunt
847 199 1007 236 acceptae
1035 191 1110 225 Deo
1140 198 1283 235 propter

299 250 496 296 pontificem
516 245 715 283 Christum,
744 255 848 288 quem
867 244 987 276 audito
1006 242 1198 286 Evangelio
1224 254 1285 286 ap-

298 299 523 345 prehendunt
539 306 704 341 tanquam
723 295 961 328 mediatorem.

400 349 492 382 llinc
508 349 607 381 facile
626 346 775 388 intelligi
796 352 926 388 potest,
955 356 1062 388 quare
1086 341 1150 377 hac
1175 344 1283 387 figura

300 401 491 433 delectatus
517 399 579 439 sit,
606 397 875 443 ἱερουργοῦντα
900 393 942 429 τὸ
969 393 1201 442 εὐαγγέλιον,
1228 406 1283 427 sa-

298 451 550 484 sacrificantem
576 448 822 491 Evangelium.
884 446 1009 479 Yolnit
1037 447 1130 478 enim
1162 448 1283 478 admo-

300 513 396 539 nere,
414 512 503 546 quae
521 501 592 533 sint
611 511 710 531 verae
729 496 863 531 hostiae
881 496 1204 531 novi'l‘estamenti.
1238 493 1284 528 Et
1308 527 1310 531 ,

300 553 396 596 quod
415 551 532 590 addit,
562 549 605 584 Ut
627 550 759 582 oblatio
781 548 938 591 gentium
955 548 1015 580 fiat
1033 554 1189 590 accepta,
1219 546 1282 578 etsi

297 603 460 644 ambigue
486 602 618 634 dictum
643 601 800 639 videtur,
834 606 951 632 tamen
976 598 1168 631 sententiae
1193 597 1283 629 inter

299 665 333 685 se
350 659 431 685 sunt
451 652 584 692 affines,
600 658 637 684 ut
655 650 786 684 Gentes
805 649 943 682 oblatae
962 660 1023 692 per
1040 660 1106 688 me,
1134 645 1199 680 hoc
1220 654 1281 688 est,

302 710 526 746 praeparatae
552 710 717 745 tanquam
737 698 888 739 hostiae,
912 700 996 732 fiant
1022 705 1198 741 acceptae,
1225 704 1283 730 aut

297 752 364 786 hoe
383 755 499 792 modo,
519 760 557 785 ut
575 751 707 785 Gentes
725 752 791 782 iam
813 750 1015 789 offerentes,
1045 746 1111 780 hoc
1125 755 1185 788 est,
1209 759 1281 780 cre—

297 806 418 836 dentes
434 811 465 836 et
487 804 687 835 invocantes
709 800 838 840 Deum,
867 800 953 833 fiant
971 806 1142 842 acceptae.
1193 797 1281 830 Nam

300 863 333 888 et
365 855 458 897 ipsae
478 852 610 885 Gentes
636 857 880 895 praeparatae,
918 857 971 890 et,
1006 857 1044 883 ut
1079 851 1125 882 ita
1157 842 1283 888 dicam,

297 911 534 943 consecratae,
578 902 731 935 offerunt
758 913 838 934 suas
865 898 1009 933 hostias.
1080 899 1201 944 ltaque
1228 910 1282 931 res

297 955 416 988 eodem
444 953 544 988 redit.
608 952 702 986 Dicit
727 952 820 985 enim
846 952 883 984 in
909 961 1063 991 summa,
1090 962 1125 983 se
1151 950 1283 993 ubique

297 1016 457 1048 spargere
475 1003 707 1046 Evangelium
722 1031 730 1042 ,
758 1009 793 1035 ut
815 1001 949 1035 Gentes
973 1008 1161 1043 agnoscant
1178 998 1283 1032 Chri-

297 1063 408 1094 stum,
437 1062 469 1088 et
494 1056 578 1087 fiant
605 1054 755 1096 populus
773 1053 841 1085 Dei
866 1059 899 1086 et
923 1050 1076 1090 hostiae,
1115 1063 1153 1084 ac
1179 1050 1282 1083 invo-

297 1113 374 1139 cent
392 1113 424 1139 et
443 1105 618 1137 celebrent
637 1104 761 1137 Deum·

399 1156 502 1198 Quod
542 1168 622 1187 vero
660 1155 779 1187 addit:
816 1153 1038 1187 Sanctificata
1073 1151 1109 1183 in
1146 1150 1281 1194 Spiritu

296 1213 433 1247 sancto,
469 1207 595 1239 iterum
621 1206 719 1238 docet
744 1205 781 1236 in
805 1217 898 1237 novo
918 1203 1144 1236 Testamento
1169 1201 1282 1234 officia

297 1266 439 1292 externa
469 1269 540 1289 non
565 1267 636 1290 esse
663 1255 848 1294 sacrificia,
891 1266 955 1286 nec
981 1254 1118 1297 placere
1143 1251 1218 1285 Deo
1243 1263 1280 1283 ex

297 1320 402 1352 opere
423 1314 579 1350 operato.
631 1306 688 1339 Sic
705 1307 798 1337 enim
816 1306 949 1338 oblatio
969 1304 1138 1337 Gentium
1158 1309 1208 1336 est
1226 1314 1282 1334 ac-

297 1366 414 1401 cepta,
449 1359 583 1401 inquit,
627 1357 654 1388 si
681 1357 725 1388 sit
749 1356 960 1388 sanctificata
989 1354 1126 1397 Spiritu
1151 1360 1283 1392 sancto,

298 1411 331 1441 id
352 1415 414 1447 est,
442 1408 470 1441 si
490 1408 622 1440 Gentes
639 1407 785 1439 offerant
807 1406 1006 1449 spirituales
1025 1411 1150 1444 motus,
1177 1404 1282 1436 timo-

297 1472 370 1492 rem
392 1458 479 1501 Dei,
509 1468 540 1490 et
559 1458 719 1490 fiduciam
739 1456 999 1488 misericordiae
1018 1455 1092 1490 Dei.

401 1507 640 1541 Observemus
659 1514 773 1539 autem
793 1505 849 1538 hic
875 1504 1137 1538 honestissimas
1161 1505 1283 1537 laudes

297 1559 486 1592 ministerii
505 1559 619 1596 verbi,
649 1560 741 1602 quod
763 1557 923 1588 videlicet
941 1555 1125 1598 Evangelii
1143 1555 1282 1597 praedi-

302 1611 411 1649 catio,
439 1610 631 1648 enarratio,
667 1607 847 1647 tractatio,
881 1607 951 1639 sint
972 1605 1138 1639 sacrificia
1166 1616 1282 1637 ncces-

299 1662 388 1694 saria
416 1660 500 1692 novi
526 1658 755 1692 Testamenti.

300 1714 465 1744 docentes
490 1717 521 1743 et
545 1710 717 1742 discentes
733 1707 963 1751 Evangelium
988 1707 1080 1740 inter
1104 1711 1155 1738 tot
1173 1704 1283 1737 mole-

300 1763 400 1802 stias,
429 1761 490 1805 qui
512 1761 670 1804 utrisque
695 1759 941 1803 perpetiendae
962 1763 1055 1791 sunt.
1114 1754 1284 1788 Doctores

300 1813 412 1846 sciant
436 1811 530 1844 hunc
555 1811 687 1843 cultum
716 1810 781 1842 Dei
801 1808 1034 1841 necessarium
1053 1818 1146 1846 esse,
1174 1806 1285 1839 sciant

301 1875 381 1896 eum
401 1869 542 1906 propter
557 1860 704 1904 gloriam
721 1859 788 1893 Dei
804 1860 1050 1902 praestandum
1072 1869 1154 1897 csse,
1175 1857 1286 1889 sciant
1310 1880 1311 1886 ,

301 1925 381 1946 eum
401 1913 475 1946 Deo
499 1912 652 1955 placere,
678 1911 813 1943 etiamsi
836 1907 997 1942 homines
1021 1909 1079 1941 alii
1106 1908 1284 1950 negligen-

301 1973 355 1997 ter
379 1963 529 1995 audiunt
550 1961 802 2004 Evangelium‚
841 1960 901 1993 alii
931 1966 1182 1997 contemnunt,
1225 1958 1285 1990 alii

303 2015 406 2047 etiam
424 2020 693 2058 persequuntur.
720 2011 951 2044 Meminerint
968 2008 1052 2044 ethi
1070 2009 1130 2054 qui
1148 2009 1285 2041 discunt
1310 2027 1312 2055 ἦ

300 2064 553 2107 Evangelium,
579 2062 643 2096 hoc
659 2063 814 2095 studium
834 2062 992 2094 discendi
1008 2060 1191 2103 Evangelii
1212 2059 1285 2091 cnl-

304 2123 379 2148 tum
394 2114 460 2148 Dei
482 2126 571 2155 esse,
598 2125 700 2159 quem
726 2120 758 2145 et
778 2113 926 2157 requirit
942 2119 973 2145 et
995 2112 1165 2155 approbat
1179 2108 1284 2143 Dens.

302 2165 472 2199 Videmus
495 2166 588 2197 enim
611 2176 714 2208 quam
739 2175 855 2196 severe
882 2161 948 2196 hoc
972 2162 1161 2205 praecipiat
1182 2161 1286 2199 Deus,

301 2228 379 2249 cum
397 2216 445 2249 ait
469 2217 512 2249 de
537 2215 625 2248 filio:
662 2213 765 2246 Hunc
790 2214 918 2247 audite.
971 2212 1091 2255 Quare
1116 2209 1181 2244 hoc
1207 2211 1284 2244 offi-

302 2267 393 2300 cium
406 2294 413 2306 ‚
442 2264 536 2299 hunc
554 2266 685 2299 cultum
705 2264 778 2297 Deo
797 2271 969 2308 praestare
984 2274 1121 2296 necesse
1138 2269 1196 2297 est.

403 2316 558 2349 Proinde
588 2316 721 2348 etiamsi
756 2316 791 2347 in
823 2315 901 2347 aliis
933 2315 1066 2346 artibus
1095 2324 1284 2353 versamur,

305 2372 442 2406 tamen,
470 2368 557 2400 sicut
573 2367 759 2409 Agricolae
785 2367 836 2398 sui
863 2365 993 2398 laboris
1017 2364 1189 2408 primitias
1207 2362 1281 2396 Deo

303 2427 507 2450 consecrare
530 2418 566 2450 in
591 2417 665 2459 lege
690 2418 874 2455 iubentur,
900 2416 947 2448 ita
966 2427 1029 2447 nos
1049 2421 1179 2457 partem
1198 2426 1281 2458 ope-

305 2478 365 2499 rae
389 2479 428 2499 ac
450 2469 556 2500 studii
580 2479 820 2500 consecremus
844 2467 933 2501 Deo.
1010 2464 1054 2498 Et
1079 2476 1278 2510 quanquam

305 2529 432 2560 magno
457 2518 491 2549 in
518 2525 696 2551 contemtu
722 2525 825 2563 atque
849 2517 932 2550 odio
956 2523 1057 2555 sunt,
1100 2516 1158 2559 qui
1185 2522 1279 2558 post-

296 2580 398 2612 quam
429 2569 461 2600 izi
492 2569 600 2600 literis
628 2566 895 2601 hnmaniorilms
921 2575 952 2600 et
977 2567 1055 2599 aliis
1083 2566 1276 2609 disciplinis

296 2620 543 2651 communibus
572 2620 793 2651 mediocriter
825 2619 950 2652 versati
982 2624 1083 2657 sunt,
1125 2624 1215 2650 totos
1239 2629 1274 2650 se

296 2670 427 2702 ‹tc-dunt
448 2670 563 2703 studio
582 2682 756 2702 sacrarum
773 2670 970 2710 literarum,
996 2677 1111 2704 tamen
1134 2665 1170 2701 hi
1187 2679 1273 2712 quo-

889 105 1011 141 PHIL
1039 104 1154 142 MEL.
1182 102 1391 141 SCRIPTA
1419 101 1718 140 EXEGETICA.

823 1657 860 1690 Id
896 1656 1070 1689 consolari
1095 1656 1215 1694 debet,
1251 1662 1283 1687 et
1308 1666 1309 1669 ¹

2245 107 2318 143 792

1309 199 1313 209 ¹
1336 201 1403 234 que
1427 190 1653 223 consolentur
1675 201 1710 223 se
1735 187 1800 223 hac
1824 192 1976 234 ratione,
2003 194 2097 239 quod
2124 190 2192 226 hoc
2208 193 2318 227 studii

1336 251 1444 283 genus
1466 241 1511 274 sit
1541 240 1757 273 necessarius
1781 241 1896 275 cultus
1920 241 2003 284 Dei,
2045 251 2077 278 et
2099 246 2141 277 ad
2169 244 2315 287 gloriam

1336 290 1400 323 Dei
1421 291 1611 334 pertineat,
1647 291 1753 324 modo
1777 298 1814 325 ut
1843 293 1901 336 pie
1923 299 2103 328 tractetur.
2157 295 2263 337 Quod
2287 295 2316 327 si

1335 341 1620 381 considerabunt,
1647 341 1748 374 facile
1768 349 1992 376 contemnent
2010 344 2138 378 iudicia
2155 345 2316 383 istorum,

1335 392 1395 435 qui
1429 392 1523 425 velut
1553 392 1753 435 contagium
1786 393 1910 436 procul
1943 394 2082 436 fugiunt
2118 396 2315 429 doctrinam

1335 440 1596 483 Christianam,
1635 443 1689 475 vel
1716 451 1857 486 propter
1882 451 2095 477 contemtum
2127 445 2319 487 religionis,

1334 494 1388 525 vel
1414 493 1497 538 quia
1519 493 1608 526 aliae
1632 500 1722 526 artes
1749 495 1857 536 magis
1888 502 2116 539 quaestuosae
2144 502 2247 534 sunt,
2279 507 2318 528 ac

1307 540 1310 613 Ι
1334 549 1486 576 caeteros
1507 543 1657 578 irrident
1674 555 1815 585 omnes,
1839 545 1900 589 qui
1922 557 1996 578 non
2019 545 2197 580 abstinent
2221 558 2240 580 a
2264 556 2320 580 sa-

1307 618 1310 650 ι
1333 594 1401 626 cris
1418 593 1531 627 literis
1549 594 1707 628 omnino.

1307 656 1309 669 l

1332 673 1445 711 qunc
1472 682 1593 711 aulem
1617 675 1826 726 proficiscor·
1853 678 1892 711 in
1922 677 2146 720 Ierusalem,
2179 688 2217 714 αι
2243 691 2317 713 ser-

1692 741 1788 762 mam
1817 729 1966 763 sanclis.

1434 793 1524 829 Cum
1550 796 1594 829 de
1621 808 1685 830 suo
1709 797 1824 830 officio
1851 798 2002 840 diceret,
2029 798 2319 832 obiter'comme-

1333 846 1484 879 moravit
1508 857 1587 880 suas
1611 847 1929 890 peregrinationes,
1971 855 2004 882 et
2035 849 2162 883 adiecit
2185 861 2221 882 se
2243 847 2319 883 Ro-

1333 907 1425 928 mam
1451 895 1554 929 etiam
1580 897 1772 942 aliquando
1797 905 1984 932 venturum
2009 911 2103 939 esse,
2131 906 2317 944 postquam

1333 958 1372 978 ex
1390 946 1606 992 Ierosolyma
1622 948 1785 989 redierit,
1813 961 1883 993 quo
1909 961 2004 983 nunc
2023 950 2194 993 proficisci
2209 961 2244 983 se
2262 949 2317 983 di-

1334 997 1398 1035 cit,
1434 1003 1473 1030 ut
1494 1008 1534 1030 eo
1559 998 1741 1041 pecuniam
1768 999 1890 1033 afferat
1916 1000 2043 1043 passim
2069 1001 2249 1034 collectam
2273 1001 2318 1032 ad

1333 1048 1553 1081 adiuvandos
1589 1045 1807 1082 Christianos
1843 1050 1880 1082 in
1909 1049 2056 1091 Iudaea,
2087 1051 2216 1095 quibus
2245 1051 2319 1083 for-

1335 1104 1441 1131 tunae
1483 1110 1605 1131 omnes
1640 1107 1776 1143 ereptae
1815 1107 1916 1133 erant
1957 1108 2100 1144 propter
2133 1100 2320 1143 Evangelii

1334 1149 1596 1192 professionem.
1661 1147 1707 1182 Et
1736 1151 1801 1183 sub
1835 1149 1983 1184 Claudio
2021 1150 2186 1192 Caesare,
2221 1151 2319 1184 cuius

1307 1205 1310 1218 ’
1334 1200 1552 1242 temporibus
1568 1198 1652 1233 haec
1669 1199 1827 1244 Epistola
1845 1213 1862 1233 a
1879 1200 1990 1234 Paulo
2005 1202 2132 1246 scripta
2151 1209 2211 1243 est,
2226 1203 2318 1235 fame

1308 1265 1309 1269 ¹
1333 1250 1537 1292 gravissime
1556 1251 1756 1284 laboratum
1778 1257 1827 1284 est
1844 1252 1916 1285 fere
1932 1252 1969 1284 in
1987 1259 2061 1285 toto
2079 1253 2184 1293 orbe,
2207 1253 2318 1285 maxi-

1333 1312 1457 1345 meque
1485 1301 1521 1333 in
1552 1299 1712 1336 Oriente.
1775 1300 1856 1333 Tali
1881 1308 2037 1345 tempore
2060 1300 2254 1337 Christiani
2280 1303 2317 1335 in

1333 1351 1460 1383 Iudaea
1483 1353 1667 1394 praecipue
1685 1352 1890 1394 indigebant
1907 1352 2021 1385 aliena
2045 1365 2129 1396 ope,
2158 1353 2240 1397 quia
2264 1353 2317 1386 fa—

1333 1401 1522 1435 cultatibus
1538 1402 1609 1435 suis
1625 1401 1764 1445 spoliati
1784 1409 1892 1437 erant.

1434 1451 1611 1486 Discernit
1628 1458 1742 1485 autem
1763 1451 1893 1485 Paulus
1917 1453 1961 1485 ab
1985 1452 2064 1485 aliis
2085 1452 2317 1497 eleemosynis

1333 1498 1425 1534 hanc
1448 1503 1610 1536 collatam
1635 1503 1678 1535 ad
1697 1514 1780 1535 usus
1796 1503 1959 1543 illorum,
1987 1503 2047 1546 qui
2066 1503 2171 1546 primi
2188 1504 2316 1535 docue-

1334 1558 1417 1585 runt
1443 1551 1687 1595 Evangelium.
1756 1552 1845 1585 Nam
1869 1550 1952 1585 haec
1975 1559 2026 1585 est
2051 1553 2168 1585 verius
2187 1565 2318 1586 merces

1334 1602 1451 1636 debita
1476 1603 1690 1637 doctoribus.
1765 1601 1847 1634 ldeo
1871 1602 1933 1635 ait:
1976 1600 2161 1635 Debitores
2196 1615 2316 1636 eorum

1333 1659 1427 1686 sunt.
1480 1652 1518 1686 Si
1539 1654 1631 1685 enim
1653 1659 1773 1694 gentes
1796 1653 1965 1685 fruuntur
1987 1653 2229 1697 spiritualibus
2253 1655 2316 1687 bo-

1335 1702 1389 1733 nis
1414 1702 1581 1743 istorum,
1625 1703 1753 1736 debent
1777 1702 1826 1736 eis
1856 1703 2008 1736 vicissim
2045 1704 2198 1737 carnalia
2222 1705 2315 1738 bona

1308 1759 1310 1769 ⁴
1335 1753 1567 1796 suppeditare.
1622 1752 1798 1785 Admonet
1814 1753 1930 1798 itaque
1954 1765 2018 1787 nos
2041 1751 2108 1787 hoc
2132 1754 2208 1787 loco
2224 1754 2317 1790 Pau-

1334 1804 1398 1842 lus,
1416 1804 1499 1848 quid
1513 1802 1696 1846 Evangelii
1711 1804 1914 1837 doctoribus
1924 1805 2124 1844 debeamus,
2135 1817 2202 1850 qua
2220 1807 2262 1838 de
2273 1818 2309 1839 re

1336 1866 1436 1899 saepe
1453 1855 1682 1887 concionatur
1700 1854 1736 1886 in
1755 1854 1833 1886 aliis
1851 1852 2019 1897 Epistolis
2036 1855 2284 1898 copiosissime.

1437 1905 1526 1938 Cum
1547 1911 1663 1937 antem
1680 1904 1789 1937 ferrea
1809 1906 1978 1948 quaedam
2001 1911 2094 1937 aetas
2118 1917 2212 1938 nunc
2235 1917 2316 1948 aga-

1339 1964 1416 1996 tur,
1444 1956 1480 1988 in
1506 1967 1573 2000 qua
1600 1955 1838 1987 crudelissime
1862 1961 2057 1988 tractantur
2080 1953 2137 1996 hi,
2165 1956 2226 2000 qui
2250 1959 2315 1990 do-

1337 2013 1414 2040 cent
1439 2013 1471 2039 et
1495 2007 1693 2049 gubernant
1712 2003 1900 2043 Ecclesias‚
1929 2006 2013 2038 duxi
2040 2002 2098 2038 hic
2121 2007 2315 2040 admonen—

1337 2059 1399 2090 dos
1428 2069 1499 2090 esse
1522 2057 1684 2096 lectores,
1719 2062 1757 2088 ut
1785 2057 1871 2099 quid
1898 2057 2048 2089 debeant
2069 2057 2314 2099 gubernatori-

1337 2109 1402 2142 hus
1417 2107 1649 2140 Ecclesiarum
1667 2106 1899 2139 considerent.
1933 2106 2077 2140 Discant
2095 2107 2187 2147 item,
2211 2120 2316 2153 quarn

1337 2170 1457 2202 graves
1477 2169 1605 2201 poenas
1623 2159 1776 2190 minatus
1793 2157 1838 2190 sit
1853 2155 1949 2190 Deus
1973 2154 2048 2198 liis,
2075 2158 2135 2202 qui
2155 2161 2315 2193 sacerdo-

1337 2218 1386 2243 tes
1406 2216 1438 2242 et
1458 2209 1616 2242 doctores
1633 2205 1867 2241 Ecclesiarum
1891 2214 2139 2248 contemnunt,
2166 2221 2230 2243 nee
2253 2222 2315 2254 pro

1336 2261 1430 2293 virili
1453 2261 1585 2294 iuvant.
1639 2256 1800 2292 Christus
1826 2258 1919 2291 enim
1943 2270 2022 2292 cum
2047 2259 2178 2304 inquit:
2215 2258 2312 2304 Ope-

1335 2311 1466 2344 rarium
1486 2311 1645 2342 mercede
1665 2310 1810 2351 dignum
1829 2321 1918 2349 esse,
1946 2309 2096 2342 ostendit
2113 2310 2231 2343 deberi
2253 2322 2308 2345 sa-

1334 2362 1534 2395 cerdotibus
1559 2361 1764 2393 mercedem.
1817 2359 1935 2402 Quare
1962 2357 2027 2393 hoc
2053 2360 2206 2394 officium
2230 2373 2309 2395 cum

1333 2413 1376 2446 sit
1392 2413 1570 2452 debitum,
1598 2411 1704 2452 magis
1720 2411 1912 2455 requiritur
1935 2422 1953 2443 a
1973 2410 2092 2451 nobis,
2115 2423 2219 2455 quam
2236 2424 2311 2445 cae-

1331 2471 1423 2497 terae
1450 2464 1705 2507 eleemosynae,
1735 2473 1823 2506 quae
1847 2461 1952 2503 gratis
1979 2462 2120 2494 dantur.
2173 2461 2218 2495 Et
2238 2463 2308 2496 alio

1331 2516 1366 2547 in
1386 2516 1464 2548 loco
1490 2513 1588 2546 addit
1603 2511 1764 2546 Christus
1787 2512 2005 2554 magnificam
2022 2513 2305 2555 promissionem:

1330 2565 1499 2610 Quisquis
1516 2571 1634 2607 potum
1652 2563 1787 2595 dederit
1803 2563 1864 2595 uni
1884 2574 1923 2594 ex
1947 2562 2105 2594 minimis
2126 2563 2200 2596 istis
2222 2564 2306 2596 cali-

1328 2629 1399 2649 cem
1417 2628 1526 2660 aquae
1549 2614 1714 2656 frigidae,
1740 2620 1875 2646 tantum
1900 2613 1936 2645 in
1962 2613 2107 2646 nomine
2131 2614 2305 2658 discipuli,

1326 2668 1440 2700 Amen
1458 2667 1535 2700 dico
1549 2664 1660 2706 vobis,
1676 2676 1746 2697 non
1764 2665 1886 2708 perdet
1903 2665 2095 2697 mercedem
2112 2675 2226 2698 suam.
2259 2664 2297 2698 Si
