2415 2942
239 110 331 146 1251

242 204 289 232 cst
315 193 437 227 melior
455 185 675 225 obedientia,
709 183 804 216 iuxta
829 179 913 214 haec
937 182 1047 214 dicta:
1082 179 1224 213 Miseri-

246 247 399 283 cordiuu
426 241 504 273 x'olo
535 249 606 270 non
633 234 860 271 sacrificium,
895 239 927 265 et
951 231 1130 265 scientiam
1153 229 1226 263 Do-

249 298 355 334 mini,
383 304 454 325 non
474 289 685 322 holocausta.
740 283 840 316 item:
869 282 1011 316 Frustra
1031 282 1152 315 colunt
1175 292 1230 313 me

252 345 425 382 mandatis
451 340 647 374 bominum.
702 334 805 367 Item:
834 333 966 366 Melior
991 339 1041 366 est
1064 332 1232 365 obedieu-

252 401 298 433 tia
316 406 418 440 quam
438 391 598 423 victimae
619 386 819 420 stultorum.
872 382 966 426 Ergo
983 382 1147 427 perfectio
1169 380 1233 414 hoc

255 452 332 483 loco
350 443 565 484 intelligatur
581 440 622 471 de
643 448 748 480 opere
765 441 964 478 praecepto,
994 434 1143 471 scilicet,
1171 431 1233 465 Se-

255 508 360 545 quere
379 507 450 533 ine,
478 499 509 524 et
528 489 744 529 intelligatur
762 486 948 529 perfectum
971 497 1040 517 uon
1059 484 1236 526 gradil›us‚

259 552 316 584 sed
335 543 546 581 substantia,
575 546 611 573 ut
628 550 704 571 cum
720 537 849 570 dicitur
867 537 908 568 ad
928 533 1125 568 Abrabam:
1153 533 1238 566 Esto

260 600 449 645 perfectus,
478 592 629 630 scilicet,
657 589 811 622 retinens
830 587 931 618 fidem
951 594 983 619 et
1007 587 1135 617 bonam
1156 594 1239 616 con-

261 649 452 684 scientiam.
508 642 562 676 Ad
589 639 678 672 banc
702 639 870 681 pertinet,
903 637 1046 668 obedire
1070 645 1243 679 quemque

263 712 343 735 suae
370 693 556 730 vocationi.
608 690 722 732 David
749 695 892 721 vocatur
916 688 958 719 ad
987 697 1153 729 regnum,
1187 682 1243 716 bic

265 751 466 785 adolescens
508 749 651 775 vocatur
685 741 728 772 ad
771 737 1006 771 ministerium
1049 735 1245 777 Evangelii.

264 802 339 836 llae
359 794 663 840 interpretationes
687 789 846 822 vocabuli
872 787 1048 820 Perfectus
1074 786 1246 820 tenendae

268 858 368 889 suut,
419 849 459 880 ad
497 843 680 877 refutanda
714 839 836 874 deliria
871 836 1144 877 monachorum,
1187 835 1246 880 qui

269 914 372 947 opera
405 910 475 932 non
511 894 672 927 mandata
698 903 715 923 a
739 889 834 929 Deo,
876 887 1128 934 hypocriticam
1163 898 1250 931 pau-

270 958 436 998 pertatem
474 955 505 980 et
541 945 624 978 alias
667 940 867 987 hypocrises
908 940 1138 973 nominarunt
1166 938 1252 970 Per-

268 1004 463 1038 sectionem.

374 1051 510 1093 Duplex
537 1053 585 1080 est
611 1053 727 1079 autem
751 1043 900 1076 desertio
925 1042 1145 1075 facultatum:
1186 1039 1253 1071 alia

275 1103 464 1139 necessaria
492 1105 632 1143 propter
657 1094 910 1128 consessionem
941 1100 1000 1126 aut
1023 1092 1254 1125 vocatiouem.

279 1158 319 1190 ln
337 1155 395 1188 tali
414 1151 608 1185 desertione
627 1145 826 1179 obedientia
846 1151 895 1177 est
915 1155 1002 1187 opus
1020 1156 1037 1176 a
1055 1144 1130 1176 Deo
1156 1152 1255 1184 prae-

277 1213 434 1250 ceptum,
463 1201 612 1239 scilicet,
639 1198 809 1230 anteferre
837 1195 1087 1238 professionem
1113 1204 1172 1225 seu
1196 1204 1259 1223 vo-

281 1258 452 1292 catiouem
477 1253 565 1284 vitae
583 1257 614 1282 et
638 1247 870 1281 facultatibus.
924 1244 1006 1277 Ideo
1022 1252 1071 1277 est
1090 1254 1177 1287 opus
1196 1243 1259 1275 bo-

281 1320 366 1342 num
386 1314 413 1337 rt
432 1304 544 1336 cultus
565 1301 632 1334 Dei
652 1300 686 1331 in
705 1299 877 1331 credente.
931 1294 1011 1329 Alia
1037 1302 1086 1327 est
1109 1293 1259 1326 desertio

283 1372 353 1392 nou
374 1353 582 1390 necessaria,
610 1348 676 1382 hoc
692 1355 760 1387 est,
784 1359 871 1391 quae
889 1358 1002 1389 neque
1022 1351 1163 1388 propter
1178 1355 1260 1376 con-

284 1409 488 1444 fessionem,
526 1413 639 1446 neque
663 1405 804 1443 propter
827 1397 1043 1429 vocatiouem
1069 1396 1124 1433 fu,
1151 1393 1263 1437 qualis

285 1468 333 1493 est
367 1457 486 1493 rvnica
520 1452 669 1485 desertio
700 1448 925 1485 facultatum,
970 1455 1007 1480 ut
1040 1458 1118 1477 cum
1145 1444 1264 1477 Crates

287 1522 365 1544 suas
383 1499 613 1552 possessiones
636 1499 796 1544 reliquit,
826 1510 868 1529 ne
892 1497 1121 1540 impediretur
1145 1495 1180 1526 in
1205 1505 1264 1525 sua

732 1549 791 1594 qui
820 1555 935 1590 postea
961 1560 1031 1579 nou
1054 1553 1195 1578 vocatus
1224 1544 1265 1575 ad

287 1618 515 1657 quaecunque
544 1602 704 1636 convivia
735 1599 930 1632 accedebat.
988 1597 1083 1630 Haec
1120 1594 1268 1650 desertio

289 1674 360 1696 nou
389 1666 434 1692 est
464 1668 551 1699 opus
577 1656 728 1692 bonum,
759 1657 789 1683 et
815 1661 892 1682 cum
914 1649 1045 1682 accedit
1067 1652 1268 1690 superstitio

290 1720 348 1747 aut
373 1708 543 1753 captatio,
571 1710 746 1747 peccatum
775 1708 835 1734 est.

395 1761 435 1794 ln
468 1759 589 1791 eodem
620 1754 731 1797 capite
764 1751 901 1796 inquit:
938 1748 1062 1783 Curam
1092 1747 1166 1781 Deo
1200 1758 1273 1779 non

294 1823 342 1847 est
373 1810 524 1853 acceptio
551 1816 796 1850 personarum,
826 1814 928 1845 quam
956 1800 1116 1832 nominat
1141 1798 1274 1831 Graeca

287 1561 406 1598 cynica
442 1550 662 1600 philosophia
673 1578 681 1589 ,

295 1861 549 1906 compositione
576 1850 903 1901 προσωποληιῃίαν.
958 1849 1021 1883 Est
1039 1857 1154 1883 autem
1174 1860 1275 1881 voca·
1301 1843 1305 1854 ¹

297 1916 418 1950 bulum
438 1924 476 1943 ex
492 1909 651 1942 Hebraeo
670 1907 797 1938 sactum
811 1902 1079 1936 Deuteronomii
1100 1900 1173 1933 10.:
1205 1898 1277 1932 Do-

298 1967 415 1999 minus
434 1963 533 1995 Deus
559 1965 669 1990 vester
694 1966 878 2000 personam
906 1965 977 1984 non
1001 1952 1134 1994 accipit.
1187 1950 1278 1983 He·-

300 2017 414 2051 braice
440 2012 581 2050 faciem,
621 2006 688 2040 hoc
713 2014 783 2045 est,
825 2011 1000 2036 externam
1032 2002 1180 2046 speciem
1207 2012 1278 2033 nou

300 2066 448 2101 antefert
466 2072 596 2096 causae.
651 2057 831 2097 Significat
856 2054 948 2086 enim
968 2055 1010 2086 de
1028 2064 1127 2086 causa
1154 2063 1279 2095 aequa-

300 2120 380 2152 liter
401 2115 574 2149 iudicare,
607 2109 681 2142 sine
699 2114 856 2153 respectu
875 2105 1025 2137 aliorum
1049 2102 1280 2135 accidentium

302 2176 396 2202 extra
422 2175 571 2198 causam.
630 2159 736 2202 Quod
763 2157 870 2199 igitur
894 2155 1022 2188 Graeci
1047 2153 1275 2186 nominarunt

303 2216 519 2254 ποόσωπον,
547 2213 583 2244 in
608 2209 770 2243 Hebraeo
795 2213 845 2239 est
871 2206 992 2245 facies,
1022 2202 1086 2236 boc
1111 2211 1180 2243 est,
1207 2214 1284 2245 spe-

304 2251 382 2303 efes-
438 2266 547 2308 Saepe
566 2268 680 2295 autem
700 2257 859 2301 Apostoli
885 2262 1045 2299 repetunt
1066 2254 1130 2287 boc
1153 2254 1283 2286 dictum

305 2334 344 2354 ex
361 2312 656 2353 Deuteronomio,
682 2309 788 2344 Rom.
804 2306 1054 2341 2.eti11Acus
1071 2305 1181 2348 capite
1204 2303 1260 2338 10.

406 2368 585 2401 Teneatur
602 2362 710 2404 igitur
727 2358 924 2401 descriptio.
978 2356 1212 2389 Personarum
1230 2366 1286 2386 ac-

306 2420 418 2465 ceptio
439 2425 488 2450 est
508 2418 588 2447 darc
608 2410 806 2456 inaequalia
831 2408 1057 2452 aequalil›uS‚
1083 2413 1141 2439 aut
1161 2416 1287 2449 aequa-

310 2474 354 2505 lia
390 2467 644 2510 inaequalibus.
707 2460 835 2494 Graeci
865 2458 1070 2501 simpliciter
1102 2456 1287 2488 nominant

309 2519 593 2565 inaequalitatem
619 2521 651 2546 et
678 2511 921 2557 tyrannidem,
948 2509 1040 2540 iuxta
1059 2518 1215 2539 versum:

393 2578 453 2608 Dat
477 2573 593 2604 veniam
616 2569 730 2605 corvis,
758 2572 850 2598 vexat
872 2575 1000 2595 censura
1024 2564 1187 2594 columbas.

410 2630 520 2672 Saepe
554 2631 668 2657 autem
701 2621 869 2665 praecipit
905 2619 1000 2652 Deus
1037 2624 1073 2650 ut
1109 2617 1212 2649 iudex
1247 2615 1289 2648 sit

305 2681 477 2728 aequalis,
505 2683 544 2711 ut
562 2671 826 2709 Deuteronomii
845 2669 978 2715 primo,
1005 2675 1037 2702 et
1054 2668 1129 2701 vult
1147 2679 1182 2700 se
1201 2677 1290 2711 quo-

825 96 949 131 PlllL.
979 95 1093 130 MEL.
1121 92 1328 129 SCRIPTA
1355 89 1655 128 ExEGEthA.

2159 93 2175 126 1
2182 93 2254 128 232

1279 191 1346 224 que
1365 177 1504 222 agnosci
1520 177 1713 222 aequalem.
1767 175 1855 210 Item
1879 177 2037 212 irascitur
2057 186 2194 223 peccato
2219 178 2256 212 in

1281 230 1465 269 omnibus,
1492 235 1524 262 et
1540 239 1661 262 omnes
1679 227 1800 271 recipit
1819 229 2058 271 confugientes
2073 230 2114 263 ad
2134 229 2258 263 filium.

1282 280 1354 314 llas
1380 279 1516 322 regulas
1539 279 1615 312 vult
1640 289 1710 311 esse
1733 279 1956 314 firmissimas.

1385 329 1480 363 Haec
1499 330 1657 363 doctrina
1676 329 1773 362 utilis
1787 337 1836 363 est
1854 331 1894 362 ad
1919 329 2197 363 confirmandum
2215 331 2260 365 ti-

1288 393 1419 415 morem
1439 381 1513 419 Dei,
1531 388 1564 414 et
1581 381 1622 413 ad
1641 380 1915 413 confirmandam
1932 380 2052 421 fidem,
2067 392 2140 413 non
2161 381 2262 414 blan-

1288 433 1405 465 diatur
1422 431 1489 464 sibi
1506 430 1620 464 David
1639 431 1794 473 cogitans
1812 430 1922 464 Deum
1941 443 2011 463 non
2030 443 2101 464 csse
2117 431 2263 475 punitu-

1291 495 1369 516 rum
1394 482 1603 516 adulterium
1631 482 1756 525 ipsius,
1800 482 1879 526 quia
1915 482 2088 524 praeclare
2121 483 2267 515 meritus

1292 535 1346 568 sit.
1398 532 1469 566 Nec
1486 534 1670 576 desperent
1687 531 1806 564 Aaron
1820 559 1827 571 ,
1856 531 2050 570 Manasses,
2077 531 2267 565 Nabucho-

1294 586 1467 623 donosor,
1493 582 1635 623 Petrus,
1662 583 1750 615 latro
1769 584 1804 615 iu
1823 594 1940 621 cruce,
1967 583 2047 627 quia
2067 583 2174 616 multa
2194 595 2268 615 ma-

1295 647 1359 678 gui
1380 635 1504 667 delicta
1522 631 1668 672 habeut,
1696 634 1752 665 sed
1773 640 1912 666 teneant
1936 634 2108 675 regulam:
2146 632 2270 667 Gratia

1298 687 1462 718 exuberat
1481 696 1584 726 supra
1601 685 1787 724 delictum,
1816 692 1862 718 et:
1892 682 2019 716 Coram
2040 683 2113 717 Deo
2133 696 2205 717 non
2222 691 2273 718 est

1305 748 1531 780 personarum
1560 735 1727 778 acceptio.

1404 785 1488 819 Vult
1515 793 1630 819 autem
1655 784 1749 818 Deus
1774 785 1816 817 de
1840 783 1998 818 Essentia
2024 792 2056 818 et
2084 784 2275 820 Voluntate

1301 849 1360 870 sua
1388 836 1535 869 iudicari
1554 849 1593 869 ex
1610 837 1738 879 verbo,
1777 836 1812 868 in
1832 848 1899 880 quo
1918 847 1951 868 se
1970 836 2139 879 patefecit.
2194 837 2278 870 Tri-

1302 888 1440 921 buenda
1467 894 1515 920 est
1543 887 1649 929 igitur
1672 887 1700 918 ei
1726 888 1935 930 aequalitas,
1962 887 2050 920 sicut
2067 887 2166 920 toties
2185 888 2280 921 affir-

1304 946 1391 972 mat:
1420 937 1498 970 Non
1517 945 1563 971 est
1582 938 1617 970 in
1635 936 1707 969 Deo
1732 935 2034 982 προσωποληψία.

1408 988 1509 1021 Hanc
1532 988 1806 1021 consolationem
1829 995 2006 1020 teneamus
2023 995 2142 1021 contra
2168 995 2282 1022 tenta-

1307 1042 1437 1075 tionem
1463 1041 1504 1071 de
1522 1038 1804 1083 particularitate.
1858 1037 1955 1070 Duae
1971 1045 2052 1071 suut
2071 1039 2164 1071 enim
2184 1052 2283 1082 prae-

1309 1093 1429 1135 cipuae
1446 1090 1673 1129 tentationes,
1702 1089 1807 1122 altera
1827 1089 1870 1120 de
1889 1087 2085 1130 Dignitate‚
2112 1090 2220 1122 altera
2244 1092 2287 1124 de

1309 1141 1599 1177 particularitate.
1653 1139 1809 1172 Primum
1833 1140 1924 1172 enim
1943 1140 2157 1180 trepidamus
2173 1148 2205 1174 et
2222 1142 2289 1174 du-

1311 1195 1462 1227 bitamus
1484 1203 1548 1225 nos
1571 1191 1699 1234 recipi,
1729 1191 1809 1233 quia
1830 1201 1948 1222 sumus
1975 1190 2131 1232 indigui,
2160 1199 2193 1225 et
2215 1204 2290 1225 cer-

1312 1246 1429 1278 nimus
1446 1254 1605 1285 magnam
1627 1248 1845 1285 peccatorum
1863 1242 2002 1283 molem,
2020 1243 2186 1274 adversus
2203 1255 2290 1287 quae

1314 1297 1364 1329 ira
1386 1294 1448 1328 Dei
1469 1295 1505 1326 in
1525 1294 1598 1335 lege
1614 1292 1803 1326 certissime
1827 1291 2079 1332 denunciatur,
2116 1294 2210 1326 iuxta
2235 1294 2292 1326 di—

1316 1355 1424 1379 ctum:
1454 1347 1548 1380 Deus
1565 1344 1654 1385 ignis
1670 1354 1878 1375 consumens
1894 1349 1954 1377 est.
2006 1341 2186 1377 Adversus
2202 1341 2292 1377 hanc

1317 1396 1542 1429 tentationem
1561 1394 1770 1437 opponenda
1788 1400 1837 1426 est
1855 1392 2022 1436 particula
2037 1391 2178 1429 Gratis.
2208 1394 2294 1428 Item

1318 1446 1401 1480 haec
1418 1444 1604 1479 sententia:
1635 1442 1757 1476 Gratia
1777 1444 1941 1476 exuberat
1958 1457 2060 1489 snpra
2080 1451 2269 1488 peccatum,

1420 1496 1498 1530 Etsi
1515 1502 1629 1528 autem
1655 1494 1797 1526 difficile
1815 1501 1863 1526 est
1881 1494 2022 1529 eluctari
2043 1508 2082 1528 ex
2101 1494 2163 1528 bac
2183 1502 2294 1528 tenta-

1322 1549 1435 1587 tione,
1454 1554 1568 1579 tameu
1587 1546 1692 1578 altera
1707 1544 1854 1577 tentatio
1871 1545 1913 1576 de
1931 1546 2203 1587 particularitate
2220 1559 2298 1579 rur.

1323 1611 1379 1631 sus
1406 1597 1540 1630 duriter
1569 1595 1743 1628 excruciat
1774 1596 1950 1635 animum,
1982 1610 2078 1636 cnm,
2121 1597 2299 1639 videlicet,

1325 1650 1542 1692 disputamus
1574 1657 1617 1678 an
1640 1645 1748 1678 simus
1774 1646 1810 1677 in
1838 1656 1983 1680 numero
2017 1648 2226 1687 electorum,
2267 1656 2302 1683 et

1327 1698 1467 1744 plurimi
1499 1698 1534 1729 in
1560 1694 1624 1728 hac
1650 1696 1722 1739 ipsa
1750 1695 1970 1730 dubitatione
1995 1699 2083 1731 fiunt
2103 1698 2304 1741 languidio—

1326 1763 1390 1784 res.
1447 1748 1541 1790 Quid
1568 1747 1724 1786 laborm,
1757 1746 1875 1779 sinon
1892 1759 1925 1779 es
1943 1749 1978 1780 in
2005 1761 2150 1782 numero
2177 1751 2305 1784 electo-

1328 1814 1417 1834 rum,
1468 1798 1561 1832 Huic
1579 1797 1856 1830 consternationi
1882 1799 2098 1833 tristissimae
2122 1812 2308 1845 opponan-

1330 1861 1386 1886 tur
1410 1849 1658 1894 promissiones
1681 1848 1910 1889 universales,
1942 1858 1974 1884 et
1997 1852 2199 1884 mandatum
2225 1853 2307 1884 nni-

1332 1902 1462 1935 versale
1479 1908 1511 1934 et
1527 1912 1721 1940 summum,
1754 1905 1791 1931 ut
1812 1900 1994 1934 audiamus
2017 1902 2145 1939 filium,
2173 1910 2205 1936 et
2224 1900 2308 1936 haec

1332 1954 1421 1987 dicta
1438 1953 1481 1985 de
1499 1950 1706 1996 aequalitate
1724 1948 1806 1982 Dei:
1836 1949 1914 1983 Non
1941 1959 1989 1985 est
2016 1951 2308 2000 προσωποληψιά

1333 2006 1370 2037 in
1395 2004 1481 2037 Deo.

1436 2052 1592 2097 Utraque
1635 2050 1757 2084 concio
1801 2058 1850 2085 est
1891 2052 2110 2088 universalis.
2162 2052 2313 2089 Accusat

1335 2104 1430 2138 Deus
1452 2114 1574 2136 omnes
1600 2108 1742 2145 propter
1770 2109 1924 2144 peccata,
1965 2105 2039 2138 vult
2066 2117 2187 2139 omnes
2213 2117 2314 2149 agere

1338 2154 1587 2200 poenitentiam
1622 2159 1654 2186 et
1685 2153 1871 2196 confugere
1901 2155 1943 2187 ad
1969 2155 2093 2190 filium.
2147 2155 2217 2190 Nec
2247 2160 2313 2189 du-

1339 2208 1434 2240 bium
1459 2212 1509 2238 est
1533 2215 1654 2237 omnes
1681 2200 1840 2236 homines
1865 2201 1946 2238 huic
1969 2217 2105 2239 summo
2132 2214 2314 2252 praecepto

1339 2258 1465 2290 debere
1483 2254 1738 2288 obedientiam:
1769 2252 1899 2288 Audite
1917 2256 2040 2292 filium.
2088 2257 2130 2292 Et
2151 2259 2241 2291 filius
2259 2258 2316 2290 in-

1341 2307 1433 2352 quit:
1474 2305 1730 2339 poenitentiam
1766 2306 1856 2346 agite
1890 2313 1922 2339 et
1956 2308 2084 2340 credite
2110 2306 2317 2352 Evangelio.

1342 2358 1411 2391 Nec
1428 2357 1629 2399 fingendum
1654 2361 1722 2392 est,
1754 2355 1886 2396 filium,
1919 2369 1996 2390 cum
2024 2358 2156 2402 inquit:
2194 2358 2318 2392 Venite

1342 2410 1383 2442 ad
1403 2420 1456 2439 me
1481 2419 1618 2445 omnes,
1644 2406 1703 2450 qui
1730 2405 1896 2440 laboratis
1921 2415 1952 2441 et
1969 2410 2104 2442 onerati
2132 2410 2229 2451 estis,
2255 2421 2317 2452 ego

1344 2458 1492 2491 reficiam
1510 2469 1570 2490 vos
1589 2465 1671 2497 etc„
1688 2468 1761 2489 non
1779 2469 1850 2490 esse
1867 2469 2020 2491 veracem
2041 2460 2202 2501 legatum,
2254 2459 2320 2492 His

1344 2510 1446 2542 erecti
1474 2507 1791 2547 consolationibus,
1831 2519 2063 2551 repugnemus
2093 2511 2319 2550 dubitationi,

1345 2567 1377 2593 et
1403 2556 1595 2592 statuamus
1622 2558 1738 2591 Deum
1771 2558 1929 2601 aqualem
1961 2572 2050 2599 esse,
2088 2568 2117 2594 et
2150 2573 2228 2594 vere
2257 2572 2320 2594 nos

1346 2621 1484 2655 quoque
1509 2609 1614 2650 recipi
1639 2607 1875 2649 confugientes
1900 2610 1942 2642 ad
1966 2611 2094 2652 filium,
2122 2612 2211 2645 sicut
2237 2611 2320 2644 scri-

1348 2669 1443 2706 ptum
1466 2667 1529 2693 est:
1557 2657 1685 2693 Omnis
1701 2658 1760 2703 qui
1781 2659 1888 2693 crodit
1908 2660 1941 2692 in
1962 2674 2059 2704 euin,
2085 2675 2156 2696 non
2175 2663 2322 2696 consun-
