2415 2942
113 116 187 155 165

111 205 223 240 Vetus
253 212 501 241 testamentum
531 214 670 242 tantum
702 213 753 240 est
776 205 1008 239 ministerium
1035 206 1101 239 do-

110 257 242 292 ctrinae
260 257 364 301 legis,
390 265 424 292 et
441 258 477 291 in
499 258 561 291 illo
590 258 719 302 populo
747 257 891 301 politiae
906 255 1098 299 Mosaicae,

110 320 199 353 quae
223 306 375 343 habebat
399 309 649 353 promissiones
672 307 891 352 corporales,
925 317 989 338 nec
1013 318 1099 339 con-

111 359 274 393 cionatur
296 361 339 393 de
361 360 566 393 remissione
587 365 807 403 peccatorum
834 357 1005 400 gratuita,
1034 369 1098 389 nec

109 410 286 454 promittit
316 417 376 445 aut
404 412 515 444 adfert
539 410 711 454 Spiritum
732 414 909 447 sanctum,
949 414 1091 440 econtra

109 461 195 494 novi
215 462 412 495 testamenti
428 460 663 493 ministerium
688 459 788 492 affert
806 465 840 492 et
856 455 995 491 exhibet
1014 470 1095 501 pro-

109 511 313 544 missionem
341 513 384 544 de
408 511 613 544 remissione
635 517 876 554 peccatorum,
924 515 957 542 et
983 510 1096 541 dona-

110 562 207 596 tione
245 568 404 594 aeternae
432 561 587 595 insticiae
615 567 649 595 et
683 561 793 601 vitae,
836 571 925 605 quae
949 560 1096 592 offertur

108 612 274 645 omnibus
307 612 369 656 qui
399 612 564 651 credunt,
601 623 674 644 non
698 617 842 655 propter
867 611 999 653 legem,
1035 611 1094 643 sed

108 668 252 706 propter
268 661 380 695 filium
400 660 487 702 Dei,
515 668 547 695 et
565 673 626 705 per
644 660 710 695 hoc
726 661 960 695 ministerium
978 662 1095 701 datur,

106 719 139 746 et
157 712 276 745 efficax
291 720 341 746 est
357 711 510 756 Spiritus
533 720 672 747 sanctus
695 713 731 745 in
760 710 835 755 his,
864 712 924 757 qui
947 713 1094 746 credunt

105 761 323 806 Evangelio,
351 764 545 796 accendens
571 764 608 795 in
626 763 803 796 mentibus
821 775 948 795 novam
967 763 1093 801 lucem,

105 813 326 847 sanctificans
350 815 476 855 corda,
503 820 536 847 et
552 814 695 847 incoans
715 826 842 847 novam
861 820 893 847 et
913 819 1092 846 aeternam

104 864 291 899 iusticiam.
352 863 429 897 Hoc
469 865 703 898 ministerium
736 877 795 898 seu
830 862 914 897 llaec
941 864 1091 897 efficacia

103 914 259 959 Spiritus
274 915 383 948 sancti
400 927 471 948 non
497 916 610 960 potnit
636 916 796 959 cognosci
816 915 948 959 palam,
977 915 1094 959 prius-

103 977 210 1010 quam
236 966 459 999 resuscitatus
485 973 534 1000 est
551 964 723 1002 Christus.
784 965 861 999 Etsi
889 965 982 998 enim
1011 972 1092 998 ante

104 1016 217 1049 editae
243 1022 343 1050 erant
365 1017 618 1060 promissiones
643 1017 679 1050 in
696 1014 905 1060 Prophetis,
934 1023 965 1049 et
986 1014 1093 1049 Chri-

103 1073 177 1100 stus
209 1066 284 1110 ipse
314 1067 472 1102 incoarat
497 1068 695 1101 doctrinam
724 1066 932 1110 Evangelii,
974 1073 1090 1099 tamen

102 1118 262 1162 oportuit
277 1119 440 1151 accedere
456 1119 674 1152 manifestam
692 1118 955 1156 revelationem,
983 1118 1090 1150 misso

102 1168 239 1212 Spiritu
253 1175 393 1209 sancto,
419 1175 457 1202 ut
474 1176 604 1203 extaret
621 1169 861 1202 testimonium
874 1196 882 1210 ‚
909 1181 979 1213 quo
995 1167 1091 1201 Deus

102 1225 288 1252 testaretur
322 1217 416 1252 hunc
443 1218 609 1252 Messiam
636 1232 708 1252 esse
742 1220 853 1252 filium
883 1218 964 1260 Dei,
1001 1225 1033 1252 et
1055 1230 1089 1251 se

102 1269 211 1308 velle,
238 1276 277 1303 ut
293 1281 413 1303 omnes
432 1267 513 1303 huic
530 1270 725 1303 ministerio
742 1271 895 1309 credant,
924 1282 962 1302 ac
978 1269 1089 1302 sciant

102 1332 166 1364 per
190 1317 256 1353 hoc
281 1320 358 1353 dari
383 1319 555 1363 Spiritum
583 1328 740 1355 sanctum
757 1347 767 1362 ,
803 1327 836 1354 et
860 1320 988 1354 salvari
1014 1332 1088 1353 cre-

102 1371 243 1410 dentes,
270 1382 343 1403 non
362 1382 424 1413 per
440 1370 562 1414 legem,

202 1418 267 1454 Est
285 1432 366 1464 ergo
386 1421 556 1455 sententia
573 1419 679 1455 huius
697 1421 799 1454 dicti:
827 1421 998 1455 Nondum
1015 1428 1086 1455 erat

99 1470 253 1514 Spiritus
271 1478 428 1512 sanctus,
456 1472 491 1505 id
517 1479 586 1513 est,
613 1473 772 1506 nondum
796 1472 936 1505 coelesti
956 1484 993 1505 ac
1013 1484 1086 1505 ma—

97 1522 222 1556 nifesta
239 1523 470 1563 revelatione,
496 1534 556 1556 seu
575 1522 773 1557 ostensione
791 1522 944 1567 Spiritus
960 1523 1084 1562 sancti,

99 1574 360 1616 promulgatum
379 1580 452 1607 erat
468 1571 534 1607 hoc
549 1574 804 1615 ministerium,
831 1586 893 1618 per
909 1575 1004 1619 quod
1024 1575 1085 1606 da-

99 1629 158 1656 tur
180 1623 332 1667 Spiritus
365 1632 520 1665 sanctus,
560 1625 649 1658 sicut
681 1632 760 1668 post
788 1625 1082 1658 resurrectionem

100 1671 256 1714 Christi,
297 1675 480 1709 manifesta
511 1676 624 1718 specie
654 1687 726 1708 sese
755 1676 909 1709 ostendit
932 1674 1083 1719 Spiritus

100 1730 256 1765 sanctus,
283 1736 322 1756 ac
338 1732 479 1768 apparet
504 1725 629 1758 usitate
647 1725 801 1768 Spiritus
827 1726 937 1759 sancti
963 1727 1083 1770 appel-

99 1774 266 1808 lationem
292 1775 393 1807 initio
417 1775 454 1807 in
472 1773 626 1809 Ecclesia
652 1776 857 1819 simpliciter
881 1784 1082 1820 usurpatam

100 1836 172 1858 esse
189 1837 250 1868 pro
277 1825 460 1859 manifesta
483 1826 700 1866 ostensione,
728 1837 786 1859 seu
804 1828 1006 1860 testimonio
1026 1840 1083 1860 ex-

97 1874 202 1908 hibiti
219 1875 374 1920 Spiritus
390 1877 519 1917 sancti,
547 1877 635 1910 sicut
653 1877 755 1910 fiebat
778 1877 879 1910 initio
896 1877 1082 1917 Ecclesiae,

96 1926 158 1959 ubi
177 1927 328 1969 primum
353 1928 579 1969 spargebatur
601 1926 837 1970 Evangelium
864 1929 908 1960 ab
929 1926 1082 1970 Aposto—

95 1977 157 2016 lis,
184 1977 232 2010 sic
257 1977 293 2010 in
321 1976 416 2010 Actis
441 1978 638 2022 loquuntur
657 1979 800 2023 quidam
821 1979 1002 2022 discipuli:
1030 1978 1081 2013 Ne

96 2028 238 2073 quidem
258 2029 351 2073 quod
371 2028 413 2062 sit
432 2027 586 2073 Spiritus
602 2035 742 2063 sanctus
759 2030 972 2065 audivimus,

145 2108 271 2145 Multi
298 2109 413 2156 igilur
436 2108 479 2144 de
502 2109 603 2158 plebe
632 2111 697 2160 qui
720 2109 918 2146 audierant
941 2112 1081 2146 concio-

197 2173 295 2200 nem,
324 2166 385 2197 etc.

168 2228 394 2264 Renovatum
411 2237 587 2264 certamen
611 2238 644 2265 et
670 2231 904 2265 dissensiones
928 2232 1079 2266 iudicio-

93 2294 172 2316 rum
197 2282 240 2314 de
256 2278 417 2321 Christo,
454 2281 612 2315 indicant
637 2280 879 2317 vehementem
904 2283 1078 2316 et'mirifi-

92 2345 168 2366 cam
188 2333 391 2365 concionem
416 2332 540 2372 fuisse,
575 2345 663 2377 quae
688 2334 836 2367 moverit
859 2334 995 2367 animos
1015 2347 1078 2367 au-

92 2384 267 2418 dientium
280 2410 288 2423 ,
316 2390 355 2416 ut
380 2383 483 2427 longe
501 2383 603 2416 aliter
618 2383 789 2418 sentirent
807 2386 850 2418 de
868 2383 934 2417 hoe
956 2386 1076 2419 docto-

92 2447 149 2475 re,
183 2447 286 2479 quam
310 2435 352 2466 de
378 2435 473 2475 aliis,
510 2434 703 2468 audiebant
727 2447 807 2467 eum
832 2447 926 2468 novo
954 2442 987 2469 et
1011 2437 1076 2469 mi-

93 2487 204 2519 rando
225 2486 330 2518 modo
351 2485 554 2518 concionari
573 2486 616 2518 de
633 2486 737 2519 rebus
754 2486 932 2525 maximis,
961 2487 1003 2519 de
1020 2499 1078 2520 ae-

94 2536 203 2571 ternis
235 2536 412 2569 beneficiis
434 2536 601 2576 Messiae‚
638 2537 681 2569 de
708 2537 899 2570 donatione
922 2536 1076 2581 Spiritus

93 2587 214 2622 sancti.
267 2586 345 2619 Non
374 2587 468 2620 enim
487 2587 635 2621 dubium
659 2594 728 2627 est,
755 2587 842 2632 quin
861 2585 922 2620 has
936 2595 1077 2622 senten-

93 2639 178 2679 tias,
204 2650 292 2682 quae
310 2635 365 2670 hie
382 2638 587 2671 brevissime
602 2644 782 2675 notantur,
811 2638 949 2682 copiose
966 2639 1074 2672 inter-

91 2695 247 2734 pretatus
263 2689 318 2723 sit.
368 2688 443 2723 Hac
460 2689 641 2734 magnifica
666 2689 901 2734 promissione
917 2697 1077 2725 movetur

519 119 602 156 ΧῙΙ.
652 117 953 156 ENARRATIO
982 116 1033 154 IN
1054 116 1237 157 EVANG.
1266 115 1480 156 IOANNIS.
1532 117 1636 153 CAP.
1666 118 1746 154 VH.

2069 126 2138 161 166

1154 205 1328 250 populus,
1355 212 1393 239 ut
1420 216 1491 238 non
1518 205 1626 249 possit
1649 213 1873 240 contemnere
1898 205 1993 242 hunc
2017 210 2139 244 docto-

1153 268 1246 294 rem,
1274 257 1407 289 etiamsi
1425 257 1567 289 videbat
1585 268 1663 288 eum
1683 258 1717 290 in
1734 259 1816 292 odio
1834 270 1906 292 esse
1929 262 2022 303 apud
2042 260 2136 294 Pon-

1154 306 1262 338 tifices
1280 314 1312 339 et
1323 304 1551 348 Pharisaeos,
1578 308 1636 340 sed
1656 309 1791 342 diversa
1807 317 1888 343 sunt
1908 310 2048 353 iudicia,
2075 313 2136 345 alii

1152 357 1308 390 sentiunt
1328 368 1400 390 esse
1418 358 1559 401 quidem
1582 359 1806 393 excellentem
1834 362 2034 402 doctorem,
2064 376 2136 396 non

1151 406 1355 439 inferiorem
1383 405 1588 450 Prophetis,
1629 411 1686 441 sed
1712 422 1784 442 non
1807 413 2066 454 assentiuntur,
2097 421 2137 448 ut

1150 458 1292 490 credant
1311 468 1381 489 esse
1398 456 1578 498 Messiam‚
1603 458 1727 492 offensi
1744 458 1871 494 humili
1887 464 2012 506 specie,
2040 466 2136 509 quod

1149 514 1223 541 erat
1238 515 1336 541 ortus
1355 520 1427 541 non
1445 520 1484 540 ex
1501 508 1629 541 celebri
1654 510 1773 556 aliqua
1797 512 1927 546 familia
1951 521 2134 557 potentum

1148 565 1207 591 aut
1223 559 1420 599 nobilium,
1446 559 1505 591 sed
1529 571 1568 592 ex
1591 559 1720 602 ignotis
1743 563 1967 604 parentibus,
1994 566 2036 598 de
2063 578 2135 599 me-

1148 609 1205 642 dia
1223 610 1343 652 plebe,
1370 609 1477 654 idque
1495 609 1531 642 in
1553 611 1714 643 extremis
1733 612 1860 645 finibus
1883 615 1994 656 gentis
2013 616 2134 649 Iudai-

1149 671 1225 700 cae,
1254 661 1357 698 item,
1386 661 1480 705 quod
1503 667 1650 703 vagatur
1668 663 1793 705 passim
1817 675 1936 697 errans
1954 666 2028 698 sine
2045 674 2134 700 certa

1148 711 1247 751 sede,
1275 723 1338 744 nec
1366 717 1416 744 est
1440 711 1475 743 in
1498 711 1616 756 aliqua
1641 719 1737 755 parte
1761 714 2047 757 gubernationis,
2071 729 2135 751 nec

1146 759 1253 795 habet
1283 762 1400 795 studia
1430 769 1489 796 aut
1521 762 1789 805 suffragationes
1830 772 2032 808 potentum,
2074 769 2134 801 scd

1146 819 1282 856 spretus
1299 813 1343 845 ab
1361 810 1435 853 his,
1463 812 1523 857 qui
1548 820 1629 846 sunt
1648 814 1684 846 iu
1707 815 1983 858 gubernatione,
2019 819 2133 862 negli-

1146 863 1240 906 gitur
1263 864 1368 897 etiam
1385 875 1404 896 a
1420 864 1558 908 reliquo
1578 864 1723 908 populo.
1764 864 1838 898 Hac
1861 867 1973 901 forma
1998 869 2134 912 offensi,

1146 914 1306 947 resiliunt
1338 914 1442 948 etiam
1477 911 1530 955 hi,
1572 915 1634 960 qui
1665 916 1862 950 doctrinam
1894 930 1967 951 non
1999 920 2134 965 impro-

1146 965 1288 999 habant.

1248 1014 1344 1048 Haec
1363 1027 1500 1059 semper
1518 1022 1568 1049 est
1595 1016 1632 1048 in
1656 1018 1792 1050 mundo
1816 1018 1921 1052 facies
1943 1017 2132 1058 Ecclesiae.

1146 1065 1294 1099 Manent
1314 1067 1504 1099 certamina
1523 1073 1555 1100 et
1573 1067 1818 1109 dissensiones,
1847 1076 1880 1103 et
1897 1072 2051 1104 mundus
2067 1073 2131 1106 etsi

1144 1129 1216 1149 non
1235 1117 1372 1162 quaerit
1392 1117 1590 1157 veritatem,
1616 1125 1732 1150 tamen
1751 1119 1817 1151 sibi
1835 1119 2005 1154 iudicium
2026 1123 2132 1157 sumit

1144 1168 1187 1200 de
1218 1168 1396 1206 doctrina,
1438 1179 1502 1200 nec
1534 1174 1714 1207 movetur,
1758 1175 1796 1202 ut
1826 1172 1961 1209 credat,
1996 1173 2131 1206 etiamsi

1144 1218 1368 1250 convincitur
1392 1218 1587 1251 manifestis
1611 1219 1833 1254 testimoniis.
1888 1221 1997 1256 Multi
2024 1225 2129 1257 etiam

1143 1268 1246 1301 initio
1263 1269 1462 1312 approbant
1486 1269 1666 1302 doctrinae
1691 1271 1992 1313 emendationem,
2020 1281 2050 1308 et
2068 1287 2130 1319 ap-

1143 1319 1336 1363 plaudunt,
1364 1320 1422 1351 sed
1441 1327 1578 1363 postea,
1607 1320 1688 1365 quia
1713 1333 1786 1354 non
1812 1325 1998 1366 respondet
2022 1337 2129 1359 even-

1143 1376 1197 1403 tus
1216 1367 1382 1403 humanis
1402 1370 1562 1411 iudiciis,
1589 1377 1622 1404 et
1651 1373 1901 1415 expectationi,
1924 1375 2024 1408 facile
2044 1377 2128 1409 deti-

1142 1421 1260 1461 ciunt,
1289 1433 1366 1453 cum
1393 1421 1514 1455 vident
1538 1423 1724 1456 sententiis
1750 1424 1923 1465 aliorum,
1952 1426 2010 1471 qui
2029 1439 2128 1470 prae-

1131 1477 1232 1507 ,stant
1250 1472 1421 1513 sapientia
1439 1478 1471 1505 et
1495 1473 1699 1513 autoritate,
1727 1474 1888 1508 damnari
1915 1477 2126 1515 doctrinam.

1140 1520 1191 1556 Ita
1217 1521 1372 1556 Ecclesia
1400 1533 1535 1567 semper
1568 1530 1617 1557 est
1650 1525 1794 1568 exiguus
1826 1534 1942 1560 coetus
1968 1540 2127 1573 quorun-

1140 1574 1240 1614 dam,
1266 1574 1327 1619 qui
1353 1574 1507 1608 retinent
1524 1576 1754 1608 constantiam
1774 1576 1810 1609 in
1830 1578 2065 1621 confessione,
2093 1587 2126 1615 et

1140 1630 1281 1668 propter
1308 1637 1381 1657 eam
1408 1625 1511 1658 etiam
1541 1626 1606 1668 ipsi
1633 1626 1819 1660 incurrunt
1846 1627 1882 1660 in
1908 1636 2124 1664 contemtum

1138 1682 1170 1708 et
1193 1675 1272 1708 odia
1302 1675 1467 1709 aliorum.
1529 1675 1661 1709 Verum
1694 1678 1860 1710 adversus
1887 1677 1970 1713 haec
1995 1680 2124 1717 iudicia

1137 1732 1256 1759 tamen
1278 1724 1409 1759 Deus
1442 1726 1519 1760 vult
1549 1733 1664 1760 extare
1695 1729 1895 1763 testimonia
1933 1731 2124 1774 doctrinae,

1136 1789 1244 1822 quare
1263 1784 1401 1821 oportet
1424 1788 1495 1810 esse
1521 1778 1675 1822 aliquos»,
1709 1780 1768 1823 qui
1793 1780 1965 1815 retineant
1988 1784 2124 1816 confes-

1137 1827 1289 1869 sionem,
1312 1834 1449 1871 oportet
1464 1828 1604 1871 publice
1623 1840 1746 1862 sonare
1764 1828 1852 1864 hanc
1868 1844 2000 1873 vocem,
2027 1835 2123 1878 quod

1136 1875 1193 1911 bic
1210 1878 1253 1912 sit
1270 1876 1432 1912 Christus
1456 1879 1549 1912 filius
1568 1877 1655 1915 Dei.
1709 1880 1793 1914 Item
1809 1889 1945 1925 oportet
1964 1885 2123 1918 testimo-

1136 1929 1234 1961 nium
1253 1929 1330 1961 dari
1347 1929 1546 1970 doctrinae,
1583 1931 1687 1964 etiam
1715 1933 1758 1964 ab
1783 1933 1959 1978 aliquibus
1985 1946 2121 1977 eorum,

1136 1979 1197 2022 qui
1217 1987 1296 2012 sunt
1314 1980 1445 2013 addicti
1466 1977 1637 2016 hostibus,
1673 1981 1771 2016 Sicut
1790 1981 1846 2016 hic
1862 1985 2013 2018 ministri
2029 1998 2120 2029 pon-

1135 2029 1267 2063 tificum
1292 2031 1390 2062 missi
1421 2031 1462 2063 ad
1494 2029 1784 2074 prehendendum
1811 2032 2006 2076 Christum,
2049 2037 2119 2070 iam

1134 2082 1265 2114 audent
1284 2081 1427 2114 illorum
1447 2082 1586 2115 iudiciis
1602 2090 1633 2116 et
1652 2084 1831 2118 autoritati
1854 2097 1950 2118 suam
1976 2093 2118 2121 senten-

1135 2132 1218 2165 tiam
1250 2144 1447 2176 opponere,
1491 2145 1564 2166 non
1594 2134 1707 2167 solum
1742 2137 1977 2179 pronunciant
2003 2138 2118 2181 ipsum

1133 2183 1262 2216 iniuste
1296 2184 1412 2227 appeti
1439 2184 1481 2216 ad
1506 2196 1644 2224 necem,
1693 2187 1750 2219 sed
1781 2187 1917 2221 addunt
1941 2189 2117 2231 egregium

1132 2234 1391 2274 testimonium,
1433 2232 1528 2267 hunc
1558 2236 1735 2268 doctorem
1766 2238 1972 2271 antecellere
1999 2240 2116 2272 omni-

1133 2286 1217 2324 bus,
1258 2297 1321 2318 nec
1352 2296 1450 2329 posse
1480 2286 1554 2318 eius
1586 2287 1780 2318 doctrinam
1811 2286 2022 2331 reprehendi
2052 2297 2115 2325 etc.

1131 2335 1198 2369 Sed
1220 2347 1282 2368 nec
1298 2333 1424 2368 horum
1450 2336 1650 2369 testimonio
1677 2337 1817 2371 refutati
1835 2350 1872 2372 ac
1889 2341 2040 2375 convicti
2059 2352 2116 2374 as-

1131 2386 1332 2419 sentiuntur
1351 2384 1529 2419 Pharisaei
1549 2393 1578 2419 et
1598 2386 1793 2422 Pontifices.

1233 2437 1284 2470 Ac
1310 2450 1387 2470 cum
1408 2438 1444 2469 in
1467 2435 1531 2469 hoc
1557 2437 1668 2480 capite
1696 2438 1764 2472 sint
1790 2440 1885 2473 varia
1913 2442 2115 2484 certamina,

1131 2494 1163 2521 et
1181 2488 1436 2532 disputationes
1453 2488 1495 2520 de
1515 2485 1674 2527 Christo,
1700 2491 1887 2534 praecipue
1912 2493 1982 2525 duo
2006 2504 2112 2536 argu-

1130 2546 1245 2571 menta
1271 2539 1465 2581 agitantur,
1507 2550 1596 2582 quae
1624 2540 1773 2573 maxime
1797 2542 1949 2575 retinent
1977 2544 2113 2577 animos

1130 2590 1343 2630 obstinatos,
1379 2600 1423 2621 ne
1447 2589 1683 2623 assentiantur
1706 2592 1887 2625 doctrinae
1909 2593 1994 2630 eius.
2047 2592 2113 2627 Al-

1129 2647 1242 2673 terum
1266 2646 1315 2673 est
1336 2646 1488 2672 sumtum
1513 2640 1557 2672 ab
1581 2641 1768 2675 autoritate
1791 2644 1991 2676 ordinariae
2015 2651 2112 2688 pote-

1129 2690 1244 2733 statis,
1272 2691 1365 2736 quod
1384 2690 1503 2775 indll'p
1521 2692 1652 2735 populo
1677 2693 1870 2737 plurimum
1895 2694 2052 2737 valebat,
2078 2701 2112 2730 et
