2415 2942
253 105 348 142 1245

262 190 315 225 L'!
330 201 393 238 per
412 198 488 223 eum
509 188 635 220 cuncta
656 179 890 217 reconciliare
908 191 994 226 erga
1015 190 1050 213 se
1072 174 1248 226 pacifica·

422 243 469 272 lis
484 249 549 285 per
566 234 785 281 sanguinem
805 231 919 266 crucis
937 229 1013 264 cius
1031 234 1090 266 etc.

364 325 404 359 Iu
428 321 592 367 Ephesiis
619 317 819 353 dulcissime
846 316 994 356 dicitur,
1021 314 1179 358 redigere
1207 313 1249 347 ad

264 390 372 412 unum
396 381 497 418 capnt
523 372 640 405 omnia
662 371 697 402 in
716 369 812 402 coelo
831 367 918 401 etin
936 374 1039 402 terra,
1092 365 1252 399 Fuerunt

265 429 326 463 nni
360 426 462 469 capiti
496 423 570 457 Deo
599 421 815 460 conformes,
858 425 891 452 et
916 418 1102 451 adiunctae
1129 427 1252 450 omnes

265 477 451 513 rationales
474 481 672 513 creaturae,
699 477 779 504 ante
806 470 942 513 lapsum
966 468 1192 501 diabolorum
1218 473 1252 500 et

266 529 464 563 hominum.
518 525 641 558 Postea
669 521 839 565 cogitetur
858 531 962 565 quam
979 519 1089 553 tristis
1114 516 1250 551 avulsio

265 582 328 621 sit,
355 580 476 623 inqua
501 574 633 609 diaboli
651 571 817 606 horribili
840 572 958 604 surore
984 570 1021 602 in
1045 576 1116 603 tota
1140 575 1251 602 aeter-

266 632 373 665 nitate
401 629 600 662 irascuntur
623 624 720 664 Deo,
761 629 795 656 et
817 621 1041 655 contumeliis
1071 631 1149 653 eum
1175 618 1251 652 affi-

266 684 383 721 ciunt,
411 680 448 712 in
468 677 588 721 seipsis
605 682 638 709 et
664 675 699 707 in
724 684 849 717 genere
876 670 1032 704 humano
1059 676 1251 715 quantum-

266 744 403 777 cunque
428 736 592 774 possunt,
619 733 658 759 nt
682 725 873 758 ostendunt
891 719 1147 765 blasphemiae,
1176 731 1251 753 cae-

268 785 344 823 des,
373 781 538 814 libidines
558 786 590 812 et
608 777 674 810 alia
693 775 818 808 scelera
833 800 841 814 ,
869 774 911 805 ad
930 784 1018 818 quae
1035 771 1169 805 diaboli
1184 771 1252 803 im-

269 835 404 878 pellunt
430 831 575 864 miseros
600 825 780 866 homines,
815 831 952 858 tantum
976 830 1015 857 ut
1040 821 1252 856 contumelia

267 885 380 918 Deum
399 882 562 915 afficiant.
616 878 665 911 Ut
684 883 797 910 autem
813 886 934 908 rursus
950 886 1027 906 cum
1049 873 1160 917 capite
1176 871 1252 905 Deo

269 934 454 979 copuletur
475 941 582 974 genus
597 927 792 962 humanum
806 953 815 966 ,
847 925 1019 958 mediator
1043 924 1254 957 constitutus

271 993 338 1022 cst,
367 984 426 1029 qui
447 990 494 1015 est
514 987 616 1024 caput
633 978 829 1017 Ecclesiae,
857 976 1052 1018 adiungens
1068 986 1132 1007 nos
1149 972 1255 1017 capiti

272 1037 357 1071 Deo.
411 1033 468 1067 Sic
490 1033 525 1065 in
542 1031 638 1064 coelo
658 1036 689 1063 et
707 1029 744 1061 in
762 1035 851 1061 terra
870 1034 1011 1060 sanatur
1031 1026 1089 1058 illa
1108 1024 1256 1062 avulsio,

272 1088 361 1120 sicut
380 1091 494 1129 postca
516 1082 660 1115 dicitur:
690 1079 834 1113 Faciens
859 1089 977 1122 pacem
995 1077 1031 1109 in
1050 1076 1144 1109 coelo
1165 1081 1197 1108 et
1219 1075 1256 1106 in

273 1145 382 1176 terra,
410 1134 571 1167 videlicet
600 1133 692 1165 inter
709 1130 822 1164 Deum
843 1136 875 1162 et
901 1127 1101 1168 hominem3
1136 1132 1170 1159 et
1192 1125 1258 1158 ali-

273 1188 407 1233 quoties
439 1185 577 1229 repetit:
627 1182 694 1215 Per
729 1180 954 1222 sanguinem,
996 1190 1058 1222 per
1093 1183 1260 1216 mortem,

274 1251 335 1282 per
359 1248 485 1280 corpus
504 1233 658 1274 Christi,
686 1239 725 1266 ut
749 1232 899 1264 adducat
923 1237 955 1263 et
978 1230 1076 1262 sistat
1096 1239 1158 1260 vos
1180 1238 1261 1260 san-

274 1297 364 1327 ctos,
391 1287 588 1330 inculpatos
605 1291 638 1318 et
654 1295 726 1316 non
745 1281 959 1315 accusandos
977 1291 1092 1313 coram
1110 1291 1163 1311 eo.

376 1345 470 1379 Ilaec
491 1344 597 1376 verba
624 1347 848 1385 opponantur
867 1339 1047 1372 erroribus
1073 1335 1262 1381 papisticis‚

276 1400 335 1444 qui
361 1397 498 1438 fingunt
529 1392 690 1426 homines
719 1390 843 1423 mereri
873 1389 1115 1421 remissionem
1143 1398 1263 1430 pecca—

277 1457 393 1483 torum
412 1452 553 1489 propter
577 1443 819 1485 disciplinam,
847 1447 880 1473 et
898 1440 1007 1473 iustos
1031 1450 1102 1471 esse
1123 1436 1263 1482 propria

277 1497 483 1542 impletione
517 1495 613 1537 legis.
668 1492 799 1525 Paulus
829 1497 950 1523 contra
982 1489 1150 1527 affirmat,
1184 1499 1264 1519 san-

279 1551 384 1593 gnine
412 1554 444 1580 et
470 1553 582 1578 morte
608 1544 670 1576 filii
696 1542 780 1582 Dei,
809 1541 845 1574 id
865 1547 932 1580 est,
966 1538 1169 1572 obedientia
1192 1543 1265 1570 tota

243 1625 246 1628 -
278 1591 342 1633 nos
361 1596 595 1632 reconciliari.
650 1594 815 1627 Addatnr
831 1598 946 1624 autem
966 1597 998 1623 et
1025 1601 1065 1622 ex
1083 1589 1160 1621 aliis
1180 1587 1266 1620 locis

279 1649 449 1695 particula
484 1646 623 1686 Gratis,
660 1655 747 1689 quae
781 1653 939 1687 expresse
969 1640 1122 1674 excludit
1149 1644 1267 1673 nostra

280 1702 415 1735 merita.

383 1757 485 1792 Ordo
520 1763 634 1790 autem
669 1755 857 1787 verborum
884 1751 1057 1791 ostendit,
1095 1761 1183 1795 quae
1214 1759 1269 1781 res

280 1813 366 1845 fiant
390 1810 426 1842 in
451 1807 696 1841 iustificatione
728 1803 882 1837 hominis
907 1814 1023 1834 coram
1046 1800 1132 1834 Deo.
1187 1799 1270 1832 Ideo
1295 1780 1298 1820 l

282 1863 396 1896 Filius
414 1860 539 1893 missus
557 1867 624 1897 est,
650 1863 687 1890 ut
712 1854 777 1888 hoc
795 1854 996 1887 mirandum
1014 1853 1192 1885 decretum
1211 1861 1272 1894 pa-
1297 1850 1298 1855 ’

282 1913 438 1949 tesaciat‚
484 1909 577 1954 quod
606 1907 701 1941 Deus
729 1907 811 1939 velit
837 1905 948 1937 filium
980 1914 1052 1936 esse
1082 1901 1272 1940 victimam,
1296 1943 1299 1953 v

284 1972 314 1998 et
341 1968 482 2007 propter
508 1971 586 1992 eum
612 1958 766 1991 remittat
790 1962 949 2000 peccata,
984 1953 1144 1986 restituat
1170 1951 1271 1985 iusti·
1295 1960 1299 1990 t

287 2015 377 2048 ciam
401 2019 432 2045 et
457 2012 563 2043 vitam
588 2016 782 2046 aeternam,
819 2005 979 2039 exaudiat
1002 2011 1036 2037 et
1063 2003 1272 2036 mirabiliter

285 2071 380 2108 regat
406 2069 437 2096 et
460 2066 628 2105 protegat.
682 2057 727 2092 Et
752 2059 788 2090 in
806 2057 896 2090 veris
916 2055 1101 2088 doloribus
1119 2053 1271 2098 primum

287 2123 320 2149 et
338 2124 514 2147 summum
542 2117 717 2144 certamen
742 2115 811 2149 est,
837 2119 881 2140 an
904 2105 999 2139 Dens
1026 2105 1092 2138 tibi
1120 2104 1274 2137 remittat

287 2172 442 2211 peccata,
470 2170 565 2196 etan
590 2169 622 2195 te
639 2160 795 2203 recipiat.
848 2156 901 2191 De
926 2155 990 2190 hac
1014 2157 1104 2189 lucta
1124 2155 1272 2188 dicitur:

288 2214 468 2250 iustificati
489 2213 555 2245 fide
579 2222 697 2256 pacem
724 2208 903 2242 habemus.
964 2205 1125 2251 Cumque
1149 2216 1276 2249 appre-

290 2265 459 2300 henditur
480 2263 547 2297 fide
576 2261 759 2305 imputatio
785 2259 940 2293 iusticiae
965 2264 997 2290 et
1020 2256 1177 2290 remissio
1197 2267 1276 2300 pec—
1295 2278 1297 2282 ι

291 2324 445 2349 catorum
458 2341 467 2355 ,
491 2313 597 2346 simul
613 2313 650 2345 in
668 2310 732 2344 hac
749 2312 821 2354 ipsa
845 2308 1084 2343 consolatione
1102 2307 1194 2340 filius
1211 2305 1277 2340 Dei

292 2379 356 2412 per
381 2364 612 2407 Evangelium
637 2363 789 2395 ostendit
813 2359 1090 2393 misericordiam
1118 2365 1151 2391 et
1177 2369 1278 2401 prae-

294 2417 440 2451 sentiam
464 2415 596 2448 a‹·ter11i
622 2413 748 2457 patris,
775 2419 808 2445 et
831 2412 933 2444 datur
958 2409 1112 2452 Spiritus
1139 2415 1279 2441 sanctus

294 2481 311 2501 a
331 2467 432 2500 Patre
453 2472 484 2498 et
502 2464 610 2505 Filio,
638 2476 707 2509 quo
738 2475 796 2496 cor
815 2462 856 2495 ad
874 2460 1135 2495 assentiendum
1160 2457 1280 2492 Evan-

295 2518 386 2562 gelio
416 2512 584 2553 trahitur,
623 2514 851 2554 laetificatur,
887 2511 1132 2548 confirmatur,
1167 2508 1281 2542 vivifi-

296 2575 413 2607 catur,
440 2572 475 2600 et
493 2577 531 2598 ex
548 2565 731 2597 doloribus
755 2564 950 2596 inferorum
975 2562 1163 2599 liberatur,
1191 2560 1280 2593 sicut

295 2615 463 2652 Ezechias
491 2615 630 2660 inquit:
668 2614 726 2647 Tu
749 2614 869 2647 eruisti
896 2612 1051 2647 animam
1069 2623 1201 2652 meam,
1238 2621 1283 2643 ne

298 2669 448 2713 periret,
466 2665 644 2711 proiecisti
660 2671 737 2710 post
749 2671 880 2707 tergum
893 2671 993 2698 tuum
1011 2662 1129 2696 omnia
1147 2667 1284 2707 peccata

855 93 982 129 P111L.
1006 91 1126 128 MEL.
1153 89 1360 129 SCRIPTA
1388 91 1694 130 ExEGEthA.‘

1297 1833 1298 1846 ἶ
1321 1802 1490 1844 tationes,
1519 1807 1675 1833 errantes
1698 1800 1860 1833 flammae
1882 1807 1961 1834 etc.:

2185 94 2281 130 1244

1301 192 1388 215 mea.
1442 178 1662 214 Asseveratio
1690 179 1797 223 igitur
1820 181 1863 214 de
1887 180 2091 215 remissione
2123 186 2283 226 peccato-

1301 244 1379 266 rum
1398 238 1431 265 et
1447 231 1677 276 imputatione
1696 231 1851 265 iusticiae
1870 233 2035 266 recitatur
2049 230 2115 265 hoc
2132 232 2208 264 loco
2227 229 2283 264 his

1302 281 1436 316 verbis:
1465 281 1538 315 Vos
1563 282 1624 327 qut
1650 282 1753 315 eratis
1777 282 1930 321 inimici,
1965 282 2223 323 reconciliavit,
2250 287 2283 315 et

1303 333 1446 378 quidem
1477 333 1591 367 addit:
1633 331 1807 377 Corpore,
1849 340 1960 366 morte
1983 333 2097 366 carnis
2120 340 2204 374 etc„
2245 338 2284 366 ut

1302 383 1476 427 significet
1507 395 1573 416 nos
1606 390 1750 428 propter
1776 384 2016 417 obedientiam
2052 383 2117 417 filii
2149 383 2285 427 placere

1301 434 1395 473 Deo,
1430 441 1464 468 et
1486 441 1644 479 acceptos
1664 446 1755 473 esse,
1788 435 1877 468 sicut
1900 433 2053 469 Roman.
2077 431 2110 467 5.
2135 433 2285 467 dicitur:

1302 485 1451 528 Propter
1484 485 1591 519 unius
1625 485 1862 519 obedientiam
1899 485 1983 519 iusti
2024 484 2284 523 constituentur

1302 536 1418 570 multi.

1403 585 1476 620 Nec
1500 586 1728 620 abducendae
1749 593 1833 620 sunt
1856 592 1990 619 mentes
2015 585 2059 619 ab
2079 583 2144 618 hac
2162 595 2289 618 conso-

1303 637 1433 671 latione
1452 635 1675 671 Osiandricis
1697 637 2016 681 speculationibus,
2051 648 2139 680 quae
2159 635 2293 675 dicunt,

1303 686 1467 722 homines
1490 687 1597 722 iustos
1622 699 1694 721 esse
1719 699 1835 721 coram
1860 687 1935 721 Deo
1954 693 2096 731 propter
2115 686 2290 719 iusticiam

1305 738 1545 778 essentialem,
1583 744 1617 773 et
1636 749 1710 772 non
1732 750 1794 783 per
1819 738 2095 772 misericordiam
2118 737 2289 781 imputata

1305 797 1455 826 iusticia.

1502 869 1554 907 Ut
1578 868 1762 906 exhiberet
1787 884 1848 908 cos
1870 876 2018 907 sanctos
2043 875 2104 909 etc.

1393 938 1544 974 ‘Deinde
1569 947 1603 974 et
1628 940 1764 986 reliqua
1789 941 1895 974 verba
1924 941 2211 980 considerentur,
2247 939 2296 974 Ut

1308 991 1405 1025 sistat
1428 1002 1489 1024 vos
1514 997 1670 1032 sanctos,
1716 992 1913 1035 inculpatos
1929 1016 1938 1034 ,
1971 1003 2044 1024 non
2072 992 2297 1026 accusandos.

1309 1042 1405 1076 Haec
1428 1042 1536 1075 verba
1558 1041 1596 1075 in
1611 1039 1676 1074 bac
1696 1041 1766 1075 vita
1781 1042 1830 1075 sic
1848 1042 2091 1084 intelligantur
2105 1068 2112 1082 ‚
2140 1040 2298 1082 Sanctos,

1309 1094 1346 1126 id
1365 1099 1434 1134 est,
1461 1103 1649 1125 conversos
1665 1093 1708 1125 ad
1724 1091 1851 1126 Deum.
1902 1091 1991 1125 Nam
2010 1092 2174 1125 sanctitas
2189 1091 2298 1135 signi-

1310 1145 1390 1178 ficat
1411 1143 1523 1188 ipsam
1547 1143 1764 1176 ellectionem
1788 1141 1854 1177 Dei
1878 1143 1916 1175 in
1940 1143 2064 1181 nobis,
2099 1155 2165 1188 qua
2190 1140 2298 1175 bomo

1312 1202 1345 1228 et
1362 1195 1570 1228 iustificatur
1592 1193 1678 1234 fide,
1704 1200 1737 1226 et
1761 1194 1829 1226 iam
1855 1200 1903 1227 est
1922 1193 2141 1227 domicilium
2156 1192 2235 1227 Dei.

1415 1244 1574 1290 Sequens
1592 1244 1816 1285 vocabulum,
1831 1244 2053 1288 Inculpatos,
2080 1251 2129 1277 est
2146 1254 2301 1287 usurpa-

1313 1303 1387 1330 tum
1413 1308 1477 1341 pro
1500 1307 1561 1336 eo,
1596 1296 1691 1340 quod
1715 1295 1751 1328 in
1779 1294 1909 1331 Genesi
1934 1294 2080 1328 dicitur:
2123 1294 2301 1328 Perfectus

1314 1355 1397 1381 esto.
1461 1345 1509 1380 Et
1552 1346 1589 1378 in
1615 1345 1773 1386 Psalmo,
1812 1346 2075 1379 immaculatum
2094 1372 2102 1387 ,
2141 1344 2304 1379 videlicet

1314 1397 1547 1440 imputatione
1578 1403 1612 1430 et
1632 1396 1849 1434 incoatione,
1877 1403 1916 1430 ut
1941 1408 2018 1429 cum
2044 1396 2177 1441 inquit:
2202 1394 2302 1430 Sicut

1316 1448 1397 1481 estis
1423 1447 1549 1492 azymi.
1609 1445 1691 1480 Ideo
1717 1458 1797 1479 mox
1824 1457 1944 1479 rursus
1967 1447 2064 1480 addit
2090 1446 2302 1479 vocabulum

1317 1496 1552 1546 ἀνέγκλητοι,
1588 1498 1682 1542 quod
1709 1496 1880 1539 significat
1903 1496 1984 1530 Non
2008 1497 2240 1535 accusandos,
2268 1503 2303 1530 et

1316 1547 1374 1582 bic
1399 1549 1513 1581 addit:
1541 1546 1668 1580 Coram
1690 1546 1784 1588 Deo,
1812 1548 1905 1591 quod
1926 1559 2064 1580 necesse
2085 1554 2134 1580 est
2152 1546 2304 1589 intelligi

1292 1613 1294 1620 ⁴
1317 1601 1360 1632 de
1379 1598 1611 1642 imputatione
1636 1598 1673 1630 in
1699 1595 1764 1630 hac
1783 1597 1875 1638 vita,
1909 1598 1997 1631 sicut
2016 1597 2145 1630 Paulus
2170 1597 2304 1642 inquit:

1316 1649 1423 1683 Nulla
1448 1660 1544 1681 nunc
1568 1654 1618 1681 est
1643 1648 1890 1682 condemnatio
1915 1645 1990 1688 his,
2017 1648 2078 1692 qui
2102 1649 2139 1680 in
2166 1645 2306 1682 Christo

1320 1699 1398 1733 Iesu
1415 1699 1608 1734 ambulant.
1662 1697 1744 1732 Ideo
1768 1699 1829 1732 etsi
1853 1699 1889 1731 in
1907 1696 1972 1731 hac
1997 1699 2067 1732 vita
2093 1696 2240 1732 haerent
2266 1698 2305 1731 in

1294 1774 1297 1779 .
1320 1750 1423 1784 nobis
1440 1750 1570 1783 multae
1592 1760 1739 1792 magnae
1763 1750 1902 1788 sordes,
1936 1749 2173 1792 ignorantiae,
2200 1749 2307 1782 dubi-

2007 1807 2123 1834 tamen
2154 1800 2308 1844 imputa-

1322 1854 1418 1887 tione
1437 1851 1518 1884 iusti
1534 1862 1656 1885 sumus
1675 1857 1708 1884 et
1732 1848 1948 1898 ἀνέγκλητοι
1970 1858 2113 1895 propter
2136 1851 2308 1884 mediato-

1322 1915 1414 1944 rem,
1444 1909 1482 1936 ut
1497 1901 1649 1936 Roman.
1667 1900 1702 1937 5.
1730 1901 1874 1936 dicitur:
1903 1901 2083 1935 Iustificati
2100 1902 2168 1935 fide
2190 1913 2308 1945 pacem

1323 1952 1495 1987 habemus
1529 1955 1622 1996 apud
1656 1951 1790 1991 Deum,
1831 1964 1893 1996 per
1920 1950 2113 1985 Dominum
2148 1959 2309 1985 nostrum

1325 2004 1438 2038 lesum
1457 2002 1657 2044 Christum,
1692 2014 1753 2047 per
1769 2014 1872 2048 quem
1890 2009 1923 2037 et
1941 2014 2114 2036 accessum
2138 2000 2309 2036 habemus

1323 2056 1391 2089 fide
1408 2055 1444 2087 in
1463 2054 1609 2098 gratiam
1630 2052 1738 2094 hanc,
1770 2054 1807 2086 in
1827 2065 1895 2097 qua
1912 2061 2052 2088 stamus.
2106 2052 2201 2087 Haec
2224 2053 2309 2087 fides

1324 2112 1440 2140 autem
1460 2117 1497 2138 re
1513 2105 1586 2149 ipsa
1604 2104 1731 2138 nititur
1747 2104 1946 2138 obedientia
1964 2104 2181 2138 mediatoris.

1427 2155 1505 2189 Hoc
1522 2156 1628 2189 modo
1644 2155 1832 2199 diligenter
1850 2156 2003 2198 pondera
2022 2156 2209 2188 verborum
2229 2165 2310 2188 exa-

1325 2207 1508 2241 minentur
1524 2231 1534 2246 ,
1587 2218 1626 2240 ac
1652 2206 1689 2239 in
1713 2207 1785 2240 vita
1808 2213 1946 2240 aeterna
1971 2206 2038 2240 erit
2069 2212 2310 2239 consummata

1325 2258 1507 2296 sanctitas,
1558 2263 1591 2291 et
1622 2257 1752 2290 erimus
1783 2268 1926 2301 prorsus
1953 2256 2182 2291 immaculati.
2232 2254 2313 2290 Erit

1327 2309 1421 2342 enim
1448 2308 1547 2342 Deus
1573 2308 1693 2341 omnia
1721 2308 1758 2340 in
1789 2308 1956 2341 omnibus
1986 2307 2113 2347 beatis,
2150 2304 2217 2340 hoc
2246 2313 2312 2348 est,

1328 2371 1402 2393 non
1417 2359 1483 2392 erit
1501 2358 1552 2392 ibi
1569 2365 1748 2403 peccatum
1768 2358 1805 2391 in
1823 2358 1950 2392 sanctis
1968 2365 2006 2392 ut
2026 2358 2062 2390 in
2080 2355 2146 2391 hac
2161 2357 2242 2392 vita.

1331 2440 1522 2492 Siquidem
1543 2441 1770 2527 permanete}
1789 2442 1828 2476 in
1847 2439 1924 2486 fide
1946 2438 2110 2490 fundali
2132 2452 2176 2475 ac
2195 2439 2314 2475 stabi-

1770 2504 1805 2527 ες
1832 2497 1890 2527 elc.

1434 2560 1550 2596 Antea
1567 2567 1599 2595 et
1623 2561 1666 2593 de
1689 2572 1836 2605 persona
1862 2559 1925 2592 filii
1944 2557 2008 2592 Dei
2029 2565 2060 2592 et
2077 2559 2120 2592 de
2137 2557 2315 2592 beneficiis

1336 2612 1443 2654 dixit,
1470 2624 1565 2646 nunc
1580 2611 1679 2645 addit
1694 2611 1890 2645 doctrinam
1909 2611 1952 2643 de
1968 2610 2211 2654 appellatione,
2228 2621 2316 2654 quo·
2349 2631 2354 2634 -

1337 2664 1442 2698 modo
1467 2663 1528 2697 illa
1545 2662 1712 2696 beneficia
1728 2668 1870 2696 aeterna
1888 2661 2096 2705 accipiamus
2117 2667 2150 2694 et
2167 2659 2317 2694 retinea-
