2415 2942
129 74 226 110 1029
367 75 464 111 XIII.

124 158 303 193 Pharisaei
321 162 502 196 audientes
521 176 718 197 sermonem
737 163 853 205 hunc,
888 167 1104 199 scandaliza-

118 262 235 294 dalum
267 274 330 305 pro
357 262 551 307 pharisaica
580 266 786 302 offensione.

220 321 389 356 'l'enenda
409 332 456 357 est
475 333 589 358 autem
607 326 743 367 regula:
768 324 918 370 Oportet
932 325 1007 359 Deo
1026 339 1101 359 ma·-

119 372 170 414 gis
188 373 331 406 obedire
347 387 451 419 qnam
468 373 684 410 hominibus.
721 375 827 409 Item:
857 376 928 418 Qui
947 390 999 410 me
1017 390 1097 410 con-

119 423 227 456 fessus
246 425 352 458 suerit
375 438 492 458 coram
512 424 733 466 hominibus,
761 428 956 461 confitebor
979 434 1011 461 et
1037 439 1100 470 ego

120 485 199 506 eum
227 487 345 508 coram
372 483 469 520 patre
492 489 568 510 meo
597 477 746 510 coetusti.

120 531 169 557 est
187 538 265 558 vera
285 527 428 565 docere,
455 535 487 560 et
505 528 616 560 facere
635 529 795 561 mandata
815 541 832 561 a
852 529 936 569 Deo,
963 529 1099 562 etiamsi

119 576 270 610 fremant
305 584 337 611 et
371 578 652 618 tumultuentur,
705 585 738 612 et
772 581 914 613 turbent
953 580 1100 624 imperia

114 628 266 671 tyranni.

223 685 293 719 Nec
312 686 524 730 langueliant
542 687 650 719 animi
668 695 757 721 recte
771 690 945 728 docentes,
961 695 994 722 et
1010 695 1102 721 recta

121 737 284 770 facientes
302 738 495 770 offensione
514 735 728 781 pharisaica,
754 740 843 773 sicut
861 737 1022 773 Christus
1046 739 1102 771 in-

119 787 212 831 quit:
247 786 384 821 Omitte
411 801 485 828 eos,
518 789 611 821 coeci
646 798 746 830 sunt,
783 796 817 824 et
843 792 947 823 duces
980 802 1101 823 coeco-

119 850 210 872 rum.
271 838 370 871 Hinc
397 839 672 872 consolationem
697 843 865 874 adversus
892 839 1103 885 pharisaicas

119 889 331 922 offensiones
349 889 499 932 primum
520 897 636 923 tenere
656 903 794 924 necesse
817 899 875 926 est.
930 891 1001 925 Nec
1026 891 1101 924 fieri

119 941 261 984 quidem
294 947 423 983 potest,
463 941 548 984 quin
581 943 732 975 moderti
758 941 919 975 homines
950 942 1103 981 doleant,

118 1003 196 1023 cum
223 991 362 1033 vident,
391 992 515 1024 taxatis
540 992 739 1033 erroribus,
767 994 854 1026 oriri
879 993 1041 1031 dissidia,
1070 1000 1103 1025 et

117 1041 250 1074 turbari
269 1041 427 1085 imperia.
468 1042 535 1075 Sed
555 1050 668 1075 tamen
685 1044 839 1087 primum
860 1051 1101 1088 praeceptum:

118 1091 199 1124 “Non
230 1090 374 1124 habebis
401 1095 482 1125 ‹leos
509 1094 660 1134 alienos,
694 1096 844 1127 maxime
868 1094 1101 1127 necessarium

118 1151 188 1183 est,
229 1144 494 1176 anteferendum
529 1145 620 1176 xitae
653 1153 810 1186 nostrae,
854 1145 1103 1189 tranquillitati

117 1195 250 1238 patriae
287 1202 317 1227 et
347 1196 512 1226 omnibus
540 1196 642 1227 bonis
677 1197 932 1239 corporalibus.
1002 1194 1103 1227 Hanc

119 1246 395 1277 consolationem
415 1258 514 1288 Saepe
533 1247 658 1287 repetit
677 1246 866 1280 Dominus:
896 1247 1030 1290 Siquis
1047 1246 1101 1278 di-

118 1296 194 1338 ligit
221 1304 353 1338 patrem
378 1303 435 1328 ant
462 1303 606 1328 matrem
633 1297 710 1340 plus
736 1310 839 1341 quam
860 1309 934 1337 me,
962 1302 1102 1328 nonest

119 1359 175 1378 me
198 1348 335 1389 dignus.
390 1346 432 1379 Et
452 1346 617 1381 Deutero.
636 1347 683 1379 33
721 1348 754 1379 in
775 1347 1020 1380 benedictione
1038 1348 1102 1379 tri-

119 1398 384 1431 bnsLeviticae:
416 1396 486 1439 Qui
504 1398 630 1430 dixerit
649 1399 736 1440 patri
755 1410 817 1430 suo
836 1405 867 1431 et
887 1397 991 1430 matri
1010 1409 1103 1433 suae,

117 1449 234 1481 nescio
258 1459 335 1486 vos,
379 1446 412 1480 hi
443 1449 644 1481 custodiunt
669 1449 778 1490 legem
805 1457 920 1488 tuam,
956 1447 1104 1479 benedic

117 1499 271 1532 Domine
297 1499 363 1535 eis,
395 1506 534 1541 percute
558 1500 659 1531 dorsa
689 1499 913 1531 inimicorum
939 1497 1034 1537 eius,
1071 1505 1104 1530 et

118 1552 179 1594 qui
197 1554 345 1583 oderunt
365 1562 440 1586 eos,
468 1561 539 1580 non
558 1556 783 1590 consurgant.
838 1548 891 1581 lbi
913 1548 1030 1581 addita
1055 1555 1104 1580 est

121 1600 336 1639 consolatio,
367 1612 409 1631 ne
428 1598 641 1641 languebant
665 1599 714 1642 pii
741 1606 884 1643 propter
907 1597 1103 1643 pharisaica

120 1652 269 1688 iudicia,
298 1651 376 1682 odia
399 1657 429 1681 et
448 1650 640 1683 saevitiam.

225 1710 275 1743 Ac
295 1709 396 1741 nobis
413 1709 578 1741 omnihus
597 1707 662 1741 hoc
680 1715 837 1752 tempore
860 1708 964 1740 etiam
987 1718 1105 1739 neces-

121 1762 211 1796 saria
237 1768 285 1793 est
311 1759 393 1792 baec
419 1759 615 1792 admonitio
636 1761 678 1791 de
703 1758 906 1802 pharisaicis
925 1758 1106 1791 scandalis.

123 1813 214 1856 Quia
245 1811 341 1855 impii
367 1811 604 1842 vociferantur
637 1811 770 1842 turbari
806 1810 981 1852 publicam
1011 1816 1106 1841 tran-

122 1864 331 1908 quillitatem
357 1862 606 1905 propagatione
631 1867 769 1893 nostrae
793 1861 993 1897 doctrinae,
1021 1872 1106 1891 con-

123 1915 218 1956 iugio
237 1914 455 1945 sacerdotum
475 1919 507 1945 et
525 1909 797 1954 reprehensione
815 1911 972 1943 cultuum
985 1938 993 1948 ,
1022 1921 1108 1954 quos

123 1966 230 2009 impie
251 1964 454 1996 defendunt.
510 1961 631 2006 ltaque
648 1964 814 1995 adversus
832 1962 959 1993 iniusta
980 1961 1108 1993 iudicia

124 2017 248 2049 mnndi
281 2015 528 2047 confirmemus
562 2026 625 2045 nos
653 2014 824 2045 mandatis
852 2012 1000 2044 divinis:
1039 2011 1111 2043 Fu—

369 2066 419 2096 Ac
440 2064 623 2107 praecipue
641 2062 708 2097 hoc
726 2064 875 2096 fulmine
893 2074 1110 2095 moveamur:

128 2117 166 2151 Si
185 2117 262 2160 quis
282 2115 406 2147 dixerit
426 2112 676 2156 blasphemiam
694 2121 815 2147 contra
834 2114 1004 2158 Spiritum
1031 2125 1111 2145 san-

131 2175 237 2206 ctum,
257 2178 328 2198 non
347 2166 543 2197 remittetur
561 2165 602 2199 ei.
639 2163 869 2210 'Nequaquam
890 2165 996 2207 igitur
1011 2164 1111 2196 adiu-

128 2218 234 2251 vandi
254 2224 332 2250 sunt
351 2215 466 2249 hostes
482 2214 679 2258 Evangelii.

128 2068 196 2109 gite
216 2065 319 2098 idola.

231 2276 340 2310 Aliud
366 2274 569 2307 scandalum
594 2273 736 2318 proprie
760 2275 807 2307 sic
830 2275 982 2314 dictum,
1018 2274 1113 2318 quod

129 2328 334 2360 nominatur
348 2326 497 2363 Datum,
525 2327 567 2358 de
591 2338 660 2370 quo
688 2325 801 2369 inquit
822 2324 1013 2358 Dominus:
1046 2323 1115 2356 Vae

130 2380 263 2410 nnindo
287 2391 304 2410 a
329 2376 518 2417 scandalis,
553 2384 603 2409 est
627 2376 732 2419 impia
756 2376 934 2415 doctrina,
967 2387 1025 2408 seu
1050 2375 1116 2406 iin-

133 2428 229 2472 pium
249 2429 464 2472 exemplum,
501 2428 596 2472 quod
622 2427 684 2460 alii
707 2427 884 2459 imitantes
909 2427 998 2460 fiunt
1022 2427 1118 2459 dete-

130 2490 252 2514 τισι-εδ.

235 2545 363 2578 Plenae
379 2553 460 2580 sunt
476 2545 715 2589 exemplorum
733 2555 856 2577 omnes
871 2549 1013 2577 aetates:
1039 2543 1119 2588 quia

134 2608 270 2639 semper
288 2597 390 2629 multi
414 2597 514 2639 impii
539 2604 640 2637 sunt,
668 2596 728 2639 qui
754 2607 860 2642 prava
885 2596 1046 2637 dogmata
1066 2593 1121 2626 vel

136 2647 286 2691 gignunt
312 2648 365 2681 vel
391 2648 611 2681 confirmant.
679 2646 786 2680 Item:
823 2645 896 2688 Qui
921 2647 1007 2679 daut
1030 2645 1121 2678 mala

518 78 552 113 3.
579 76 878 115 ENARRATIO
905 78 1063 116 EPIST.
1092 79 1240 116 PAULI
1268 80 1334 116 AD
1359 81 1621 120 ROMANOS.

1128 407 1131 467 i

817 477 936 520 Quare
962 491 1100 511 necesse
1129 489 1131 497 ¹

1128 530 1130 546 A

1131 180 1132 184 ¹
1158 168 1312 203 consilia.

118 211 256 244 bantur.
292 211 376 245 Inde
393 226 522 247 nomen
543 224 732 259 usurpatur
752 215 985 259 pharisaicum
1003 229 1102 250 scan-
1130 211 1132 234 ⁷

1129 631 1132 639 ‚
1155 597 1337 641 quentium
1364 597 1544 632 scelerum.

1683 84 1789 123 CAP.
1822 88 1922 125 xlv.
2050 94 2147 127 1030

1380 168 1482 203 Item:
1519 169 1590 212 Qui
1623 172 1788 214 exemplis
1816 172 1961 209 trabunt
1987 176 2072 209 alios
2098 179 2141 211 ad

1156 219 1354 252 societatem
1373 221 1560 260 scelerum,
1587 229 1622 254 ut
1643 221 1794 256 Catilina
1812 237 1955 258 movens
1972 227 2142 261 iniustum

1160 269 1308 300 bellum:
1338 271 1391 302 vel
1418 272 1458 303 ad
1487 271 1737 314 imitationem,
1765 282 1802 308 ut
1820 276 1920 308 multi
1939 277 2142 317 libidinum,

1155 318 1440 358 helluationum‚
1486 322 1716 364 rapinarum,
1757 336 1944 359 usurarum
1985 330 2141 373 exempla

1155 369 1351 403 imitantur.

1257 443 1360 477 Talia
1385 445 1472 478 facta
1494 459 1572 479 cum
1600 460 1660 490 per
1681 459 1754 481 sese
1775 450 1844 484 sint
1861 448 2038 486 horrenda
2058 466 2139 497 pec-

1154 502 1248 535 cata,
1274 494 1364 528 finnt
1383 508 1422 528 eo
1439 498 1630 538 atrociora,
1648 499 1707 542 qni
1727 501 1843 542 plures
1860 513 1973 535 secum
1994 502 2140 539 trahunt

1156 553 1188 579 et
1211 558 1228 578 a
1255 546 1332 578 Deo
1359 547 1535 587 avellunt,
1575 556 1606 581 et
1638 557 1719 582 sunt
1751 551 1883 584 semina
1909 553 2059 586 aliorum
2085 566 2139 588 se-

1609 598 1707 632 Sicut
1736 601 1852 643 lapsus
1886 602 2033 636 Davidis
2069 607 2140 647 pri-

1157 660 1252 680 mum
1278 647 1403 690 polluit
1428 655 1578 680 sanctam
1608 657 1820 690 matronam,
1848 653 1975 686 deinde
1999 654 2141 698 impulit

1156 698 1255 730 illum
1274 699 1315 730 ad
1340 710 1441 740 prava
1461 699 1607 731 consilia
1626 701 1667 732 de
1685 701 1760 733 viro
1788 701 2048 743 interficiendo,
2078 719 2141 749 po-

1156 756 1224 781 stea
1249 756 1383 781 secutae
1409 756 1489 781 sunt
1512 761 1665 792 poenae,
1706 752 1740 783 in
1767 753 1895 795 quibus
1920 754 2080 787 Absolon
2109 764 2141 790 et

1156 811 1280 842 magna
1324 811 1404 843 pars
1455 800 1574 842 populi
1628 802 1874 844 multipliciter
1915 805 2141 841 offenderunt

1156 850 1283 884 Deum.
1328 849 1419 891 Quia
1438 850 1473 882 in
1493 851 1663 884 seditione
1681 860 1761 884 snnt
1777 853 2050 888 innumerabilia
2067 869 2142 889 sce-

1156 900 1225 932 lera
1240 927 1247 939 ‚
1276 908 1311 933 nt
1333 908 1455 933 notum
1476 908 1524 934 est
1543 902 1675 935 dictum
1695 900 1931 949 Thucydidis:
1961 905 2000 940 ἐν
2017 903 2142 942 στάσει

1156 948 1256 984 πάσα
1278 948 1358 985 ἰδία
1374 953 1491 985 κακοῦ
1508 950 1593 986 ἐστὶ.

1255 1026 1366 1070 Saepe
1390 1027 1495 1069 igitur
1521 1030 1564 1060 de
1587 1026 1652 1061 boc
1669 1040 1794 1071 genere
1813 1032 2057 1064 scandalorum
2080 1045 2139 1066 co-

1157 1078 1304 1120 gitemus
1330 1078 1563 1110 tristissimam
1590 1081 1794 1112 concionem
1816 1095 1821 1112 :
1866 1080 1937 1113 Vae
1963 1084 2096 1116 mundo
2123 1097 2141 1118 a

1157 1129 1347 1166 scandalis,
1378 1135 1410 1161 et
1427 1129 1575 1161 sciamus
1594 1142 1667 1162 eam
1682 1132 1863 1174 complecti
1884 1132 2039 1175 ingentes
2056 1146 2142 1167 con-

1156 1180 1312 1211 fusiones
1337 1179 1373 1210 in
1401 1186 1473 1212 toto
1494 1190 1619 1221 genere
1646 1179 1819 1221 humano,
1859 1183 1942 1215 falsa
1969 1185 2143 1226 dogmata,

1130 1252 1131 1255 =
1157 1231 1313 1272 exempla
1332 1229 1471 1273 publica
1491 1237 1520 1261 et
1541 1231 1672 1273 privata
1690 1232 1848 1265 nocentia
1868 1234 2045 1275 moribus,
2074 1236 2145 1267 ini-

1156 1281 1203 1312 tia
1228 1280 1357 1312 iniusta
1382 1280 1608 1313 dissidiorum
1632 1289 1663 1315 et
1688 1283 1881 1322 bellorum,
1912 1296 2015 1326 prava
2041 1287 2143 1318 soda-

1157 1331 1249 1364 litia:
1280 1330 1388 1362 simus
1406 1330 1727 1374 circumspectiores
1746 1333 1782 1364 in
1800 1334 1972 1373 docendo,
2002 1335 2038 1367 in
2058 1348 2143 1368 con-

1157 1381 1245 1413 siliis
1277 1380 1402 1411 dandis
1446 1386 1478 1412 et
1511 1380 1547 1412 in
1580 1384 1745 1415 omnibus
1777 1384 2003 1428 actionibus,
2048 1386 2143 1420 iuxta

1157 1431 1307 1463 dictum:
1344 1429 1494 1472 Vigilate
1523 1438 1555 1464 et
1578 1439 1695 1470 orate,
1728 1445 1771 1466 ne
1795 1433 1932 1468 intretis
1964 1436 2000 1467 in
2027 1444 2142 1470 tenta-

1157 1483 1301 1514 tionem.
1358 1479 1463 1512 Item:
1494 1479 1626 1514 Omnia
1652 1495 1739 1527 quae
1763 1484 1892 1525 facitis,
1923 1488 1965 1519 ad
1993 1487 2141 1530 gloriam

1157 1531 1222 1565 Dei
1241 1531 1361 1570 facite,
1390 1538 1421 1563 et
1439 1543 1482 1563 ne
1497 1531 1683 1565 offendatis
1699 1533 1903 1570 Ecclesiam.

1259 1603 1361 1637 Alius
1384 1605 1512 1646 gradus
1539 1613 1587 1639 est
1613 1608 1770 1640 scandali
1796 1609 1929 1642 vitandi
1948 1611 1985 1644 in
2004 1623 2068 1645 usu
2088 1625 2144 1646 re-

1159 1668 1236 1689 rum
1271 1655 1569 1696 indifferentium,
1608 1658 1663 1689 vel
1695 1660 1787 1701 apud
1815 1660 1974 1693 infirmos
2003 1663 2146 1701 dociles,

1161 1707 1214 1740 vel
1238 1707 1329 1750 apud
1359 1706 1552 1749 pertinaces
1574 1708 1793 1742 adversarios
1818 1708 2029 1755 hypocritas.
2082 1712 2147 1747 Est

1160 1765 1274 1790 antem
1300 1758 1392 1799 apud
1420 1756 1578 1790 infirmos
1596 1759 1728 1791 dociles
1749 1760 1797 1793 sic
1823 1763 1873 1794 uti
1902 1763 2082 1804 libertate,
2108 1772 2147 1798 nt

1162 1808 1276 1841 subita
1303 1807 1442 1840 novitas
1466 1809 1639 1841 deterreat
1667 1821 1724 1842 eos
1750 1823 1767 1842 a
1792 1812 1976 1845 doctrina:
2013 1812 2087 1847 Ant
2117 1815 2146 1847 si

1162 1859 1356 1893 invitentur
1373 1858 1532 1891 nondum
1551 1860 1771 1904 confirmati,
1800 1871 1915 1905 postea
1937 1864 2092 1897 incidant
2111 1866 2148 1898 in

1162 1909 1374 1954 periculosas
1399 1910 1656 1943 dubitationes:
1684 1918 1721 1944 ut
1741 1920 1859 1955 pastor
1881 1915 2060 1946 cuiusdam
2081 1914 2150 1948 Ec·-

1163 1960 1303 2000 clesiue,
1335 1959 1396 2003 qui
1431 1972 1510 1992 cum
1548 1973 1673 2003 magna
1710 1965 1936 1996 contentione
1972 1967 2149 2006 docuerat,

1163 2011 1322 2044 carnium
1346 2022 1447 2043 usum
1475 2023 1675 2044 concessum
1702 2024 1792 2053 esse,
1827 2022 1942 2058 postea
1966 2023 2148 2057 aegrotans

1164 2062 1264 2095 iussit
1285 2061 1353 2104 peti
1372 2062 1416 2094 ab
1434 2061 1611 2102 Ecclesia,
1639 2069 1677 2095 ut
1700 2064 1820 2096 saltem
1846 2073 1929 2098 tunc
1954 2066 1990 2098 in
2015 2067 2148 2099 ieiunio

1165 2112 1400 2152 abstinerent,
1428 2124 1472 2144 ne
1492 2112 1564 2156 ipse
1583 2120 1671 2146 esset
1691 2121 1794 2147 autor
1819 2123 1972 2149 mutatae
2000 2124 2153 2150 vetustae

1165 2162 1441 2197 consuetudinis,

1268 2237 1320 2271 De
1337 2236 1403 2271 hoc
1424 2237 1527 2270 tertio
1548 2249 1672 2280 genere
1689 2238 1819 2272 Paulus
1845 2238 1900 2273 hic
1928 2249 2047 2275 monet
2068 2255 2152 2286 pru-

1168 2292 1291 2323 denter
1313 2289 1542 2322 iudicandum
1575 2301 1666 2329 esse,
1707 2292 1885 2334 quomodo
1918 2295 2155 2327 moderandus

1170 2342 1214 2374 sit
1239 2352 1323 2373 usus
1346 2339 1539 2376 libertatis,
1576 2341 1618 2371 de
1644 2352 1710 2384 qua
1739 2353 1842 2387 supra
1869 2343 2000 2375 dictum
2027 2351 2096 2385 est,
2124 2352 2157 2378 et

1170 2392 1309 2433 regulae
1332 2397 1413 2424 sunt
1438 2391 1542 2422 duae:
1574 2389 1708 2422 Infirmi
1727 2392 1859 2424 dociles
1877 2406 1947 2425 non
1969 2396 2157 2428 turbentur

1171 2442 1287 2476 subita
1311 2441 1485 2480 novitate,
1519 2441 1607 2473 sicut
1641 2438 1697 2473 bic
1729 2442 1874 2475 dicitnr:
1912 2443 2095 2477 Infirmum
2122 2446 2158 2477 in

1172 2494 1240 2526 fide
1262 2492 1428 2526 assumite
1449 2497 1510 2524 etc.
1564 2490 1632 2524 Sed
1661 2498 1781 2524 contra
1808 2494 2026 2528 adversarios
2053 2496 2162 2538 perti-

1173 2555 1275 2577 naces
1308 2542 1474 2585 exemplis
1510 2541 1690 2574 doctrinae
1726 2543 1768 2575 de
1803 2543 1963 2578 libertate
1992 2547 2161 2579 utendum

1174 2602 1242 2635 est,
1282 2601 1322 2628 ut
1346 2591 1506 2636 Apostoli
1539 2591 1718 2627 violabant
1751 2595 1957 2628 traditiones
1989 2595 2162 2640 pharisai-

1175 2657 1230 2679 cas
1254 2651 1318 2680 etc.

1607 2690 1690 2726 65*
