2415 2942
90 112 163 148 965
334 112 436 148 XIII.

85 199 170 244 cipit
194 199 415 242 patientiam,
450 205 481 233 et
508 199 658 232 affirmat
690 210 724 231 se
749 197 852 230 nobis
879 197 1073 241 opitulatu-

86 263 162 283 rum
187 262 268 284 esse.

136 309 396 342 Praedictiones
418 307 485 342 bae
501 316 598 343 sunt:

184 362 219 395 2.
237 360 331 394 Tim.
351 363 403 395 3.:
433 358 569 393 Omnes
588 359 648 404 qui
677 359 731 402 pie
757 358 881 391 volunt
901 358 1017 392 vivere
1036 359 1072 392 in

84 408 224 446 Christo
245 411 522 454 persecutionem
543 412 733 455 patientur.

183 460 228 495 Et
256 462 384 495 Psalm.
410 462 470 495 33.
488 474 496 496 ε
546 461 681 495 'Multae
726 460 975 494 tribulationes
1019 460 1073 493 iu-

84 519 229 547 storum.

187 570 231 606 Et
256 571 420 605 leremiae
445 572 519 604 12:
556 570 645 604 Dedi
670 571 822 604 animam
847 583 959 605 meam
985 570 1073 605 dile-

85 631 174 658 ctam
199 624 234 655 in
253 634 376 655 manus
392 622 614 654 inimicorum
635 622 720 657 eius.

136 674 325 716 Praecepta
344 685 425 705 vero
445 674 486 705 de
508 673 675 715 patientio
697 671 779 705 haec
797 681 896 707 sunt:

190 722 318 758 Mauh.
340 723 413 757 16.:
443 723 480 757 Si
507 724 585 767 <piis
606 725 680 756 vult
700 736 754 756 me
774 725 894 769 sequi,
923 725 1072 768 abneget

86 777 258 821 seipsum,
288 782 319 807 et
336 775 435 807 tollat
453 787 589 807 crucem
609 786 724 815 snam,
748 782 780 808 et
799 782 965 820 sequatur
983 788 1047 810 me.

190 829 218 860 1.
246 825 339 858 Petri
369 825 518 858 ultimo:
561 824 809 859 Humiliamini
842 826 906 859 sub
938 827 1071 871 potenti

86 889 193 912 manu
214 875 291 909 Dei.

186 929 216 960 1.
234 924 393 960 Corinth.
415 927 491 961 10.:
520 926 570 959 Ne
589 928 828 961 murmuretis.

188 980 219 1013 1.
243 975 400 1011 Timoth.
426 978 489 1012 6.:
537 977 677 1012 Sectare
717 980 891 1012 iusticiam
937 979 1072 1023 patien-

83 1031 168 1064 tiam
191 1036 254 1063 etc.

188 1079 313 1112 Psalm.
331 1078 410 1112 37.:
440 1078 612 1112 Subditus
629 1087 701 1113 esto
722 1080 794 1114 Deo
808 1108 815 1119 ,
843 1087 873 1113 et
894 1093 955 1113 ora
982 1094 1072 1114 eum.

186 1129 289 1174 Apud
316 1128 474 1163 Esaiam:
505 1130 544 1162 ln
576 1131 716 1164 silentio
742 1139 776 1165 et
798 1144 858 1175 spe
887 1132 953 1166 erit
970 1133 1071 1165 sorti-

86 1183 171 1216 tudo
189 1190 313 1216 vestra.

135 1232 391 1265 Promissiones
408 1238 488 1263 sunt
507 1229 587 1264 bae:

188 1282 318 1317 Psalrn.
336 1282 416 1316 90..·
454 1281 543 1315 Cum
567 1283 640 1326 ipso
664 1295 741 1316 sum
766 1283 803 1316 in
829 1284 1071 1323 tribulatione,

87 1334 232 1378 eripiam
253 1345 330 1365 eum
349 1339 382 1365 et
399 1333 602 1375 glorificabo
622 1347 713 1368 eum.

187 1383 316 1417 Psalm.
335 1383 409 1418 49.:
440 1383 568 1417 lnvoca
595 1396 650 1417 me
675 1385 711 1417 in
739 1384 795 1417 die
820 1385 1061 1418 tribulationis

84 1444 116 1470 et
135 1435 280 1478 eripiam
299 1442 341 1469 te.

1065 1414 1072 1426 5

187 1493 289 1526 Talia
304 1493 414 1534 dicta,
442 1494 709 1537 praedictiones,
737 1501 917 1537 praecepta
937 1502 969 1528 et
989 1508 1071 1539 pro-

87 1546 269 1580 missiones
293 1544 363 1577 sint
387 1544 423 1576 in
446 1553 654 1588 conspectu,
684 1553 719 1578 ut
744 1545 826 1577 inde
850 1547 1010 1579 doctrina
1037 1554 1071 1579 et

87 1596 281 1630 consolatio
299 1595 335 1626 in
353 1596 532 1627 aerumnis
548 1602 722 1638 petantur,
750 1604 906 1640 utsupra
926 1598 967 1629 de
986 1598 1070 1630 locis

89 1646 370 1681 consolationum
395 1645 528 1677 dictum
553 1652 613 1680 est.

189 1703 258 1738 Sed
287 1703 430 1736 obiiciet
456 1704 601 1748 aliquis:
636 1702 724 1738 Cum
757 1704 836 1737 talis
868 1705 912 1738 sit
934 1712 1070 1746 natura,

88 1764 128 1790 ut
153 1767 292 1791 omnes,
327 1754 386 1798 qui
417 1754 573 1787 sentiunt
601 1755 793 1794 cruciatus,
836 1767 907 1787 non
937 1757 1069 1799 possint

87 1819 160 1840 non
179 1806 309 1842 dolere,
336 1812 368 1837 et
385 1805 579 1837 irascantur
595 1806 717 1844 causis,
744 1812 775 1837 et
795 1815 965 1849 quaerant
982 1807 1068 1839 libe-

90 1858 262 1899 rationes,
289 1856 349 1888 alii
367 1856 488 1894 aliter,
511 1857 594 1899 quid
621 1856 728 1898 igitur
746 1858 906 1888 nominas
926 1856 1067 1891 Patien-

87 1908 199 1943 tiam‘?
220 1916 314 1941 estne
332 1907 437 1939 inane
456 1906 611 1939 nomen?
656 1905 889 1950 Respondeo:

188 1963 438 2009 Philosopbica
458 1965 624 2008 patientia
643 1973 692 1998 est
717 1966 753 1998 in
778 1965 933 1998 adversis
958 1967 1067 2009 perfe-

92 2132 136 2153 ne
153 2119 281 2151 fractus
298 2118 419 2150 dolore
442 2118 546 2149 facias
570 2126 691 2151 contra
709 2119 863 2162 aliquam
889 2119 1068 2159 virtutem,

90 2178 129 2204 nt
157 2170 245 2202 Cato
278 2169 359 2201 facit
390 2175 511 2200 contra
544 2168 716 2201 iusticiam
749 2169 816 2201 sibi
849 2170 1068 2202 consciscens

88 2227 247 2255 mortem.
302 2218 428 2252 Medea
450 2219 538 2251 irata
563 2217 676 2251 Iasoni
701 2219 865 2252 interficit
890 2228 1006 2259 natos,
1035 2227 1069 2253 et

87 2271 190 2306 multi
209 2276 385 2315 quaerunt
400 2269 626 2302 liberationes
645 2269 777 2302 illicitis
793 2271 923 2310 modis,
951 2278 990 2304 nt
1008 2271 1067 2315 qui

90 2322 214 2365 Magos
232 2321 439 2358 consulunt,
465 2326 523 2353 aut
541 2320 601 2364 qui
618 2320 746 2353 iniusta
759 2321 900 2354 foedera
918 2322 1068 2355 faciunt:

487 112 519 148 3.
554 110 850 147 ENARRATIO
875 112 1029 147 EPIST.
1058 112 1204 147 PAULI
1233 112 1299 148 AD
1327 111 1589 150 ROMANOS.

1644 115 1749 150 CAP.
1778 115 1874 150 vltl.
2043 118 2115 153 966

1129 197 1192 231 Dei
1214 200 1249 232 in
1273 199 1448 238 cruciatu,
1478 207 1509 232 et
1535 212 1674 243 sperare
1697 202 1866 234 auxilium
1884 209 1915 235 et
1935 203 2113 237 liberatio-

1130 262 1228 287 nem,
1257 262 1294 282 ac
1317 250 1435 282 laetari
1458 251 1491 283 in
1508 250 1601 289 Deo,
1629 254 1708 296 quia
1727 253 1903 285 cernimus
1920 265 1973 286 res
1991 256 2112 293 bonaS,

1128 301 1259 333 scilicet
1284 301 1400 332 Deum
1436 302 1549 344 ipsum
1581 311 1796 346 praesentem
1822 304 1978 344 afflictis,
2011 306 2109 338 auxi-

1130 350 1215 382 linm
1236 363 1273 382 ac
1293 351 1548 387 liberationem,

1230 400 1330 433 'salis
1355 402 1521 444 patientia
1547 415 1618 436 non
1645 411 1692 437 est
1719 405 1823 436 inane
1849 417 1998 444 nomen,
2027 408 2109 451 quia

1128 451 1278 484 sentitur
1302 463 1380 483 vera
1402 453 1549 491 laetitia,
1580 467 1666 498 quae
1686 455 1795 488 vincit
1811 456 1960 490 dolores.
2010 457 2111 492 Sicut

1127 502 1234 544 igitur
1250 502 1363 534 David
1390 503 1426 534 in
1451 504 1521 536 suis
1547 505 1724 537 aerumnis
1748 507 1853 538 sentit
1877 519 1991 539 veram
2011 508 2110 541 laeti-

1127 554 1210 585 tiam
1233 553 1268 585 in
1287 553 1373 594 Deo,
1398 561 1435 586 ut
1454 566 1532 586 cum
1552 556 1665 599 inquit
1688 555 1811 591 Psalm.
1826 556 1920 590 114:
1949 557 2109 592 Circum-

1127 605 1301 637 dederunt
1319 616 1372 637 me
1391 605 1530 637 dolores
1551 607 1692 646 mortis,
1720 614 1752 640 et
1775 609 1953 648 angustiae
1978 609 2109 643 inferni

1127 654 1339 687 invenerunt
1366 667 1438 693 me,
1466 654 1510 688 Et
1536 669 1664 689 nomen
1689 657 1835 689 Domini
1856 658 2044 699 invocabo,
2073 659 2107 694 O

1126 704 1279 738 Domine
1303 706 1411 738 libera
1441 707 1594 739 animam
1622 720 1744 742 meam.
1803 707 1924 741 Postea
1952 711 2110 754 sequitur

1127 769 1192 789 vox
1217 757 1385 790 laetitiae:
1413 755 1627 791 Convertere
1651 759 1768 791 anima
1793 771 1867 792 mea
1895 760 1930 792 in
1955 764 2109 805 requiem

1127 815 1241 846 tuam,
1286 808 1367 852 quia
1402 807 1576 841 Dominus
1607 809 1737 853 eripuit
1767 810 1920 843 animam
1955 823 2066 844 meam
2091 825 2110 845 a

1127 865 1247 893 morte.
1277 857 1361 891 Item
1378 857 1593 894 Psalm.93.:
1624 860 1826 893 Secundum
1844 862 2109 895 multitudinem

1127 909 1290 942 dolorum
1310 921 1467 942 meorum
1486 910 1521 943 in
1539 913 1643 943 corde
1666 924 1744 944 meo
1764 912 2018 946 consolationes
2038 914 2110 946 lae-

1126 958 1348 993 tificaverunt
1374 961 1527 993 animam
1554 974 1676 994 meam.
1729 962 1887 1007 Cumque
1905 961 1987 996 baec
2006 964 2108 998 laeti·

1126 1010 1172 1044 tia
1199 1011 1311 1054 reipsa
1337 1012 1526 1054 sentiatur,
1551 1013 1700 1054 intelligi
1725 1020 1835 1056 potest
1860 1011 1950 1047 banc
1974 1016 2110 1058 patien-

1127 1061 1209 1094 tiam
1234 1075 1305 1095 non
1329 1074 1400 1095 esse
1427 1063 1530 1095 inane
1556 1076 1682 1096 nomen
1699 1092 1706 1103 ,
1737 1064 1805 1096 imo
1834 1067 1944 1108 reipsa
1971 1067 2109 1108 patien-

1126 1113 1208 1145 tiam
1227 1125 1298 1146 esse
1318 1111 1406 1145 banc
1426 1113 1614 1155 laetitiam,
1642 1123 1672 1148 et
1693 1123 1807 1148 tamen
1829 1116 1919 1149 lucta
1941 1123 1990 1149 est
2009 1117 2110 1150 dolo-

1126 1175 1204 1196 rum
1224 1171 1256 1197 et
1280 1164 1583 1204 consolationum,
1609 1172 1642 1198 et
1668 1166 1753 1197 alias
1778 1167 1904 1208 magis,
1932 1167 2016 1200 alias
2043 1162 2134 1200 fni-⁷s

1128 1226 1193 1247 nus
1210 1215 1359 1248 sentitur
1377 1215 1521 1247 laetitia:
1550 1216 1637 1248 sicut
1655 1217 1745 1248 lucta
1763 1217 1974 1250 describitur
1991 1218 2026 1250 in
2045 1216 2110 1252 boc

1126 1265 1202 1307 ipso
1219 1264 1342 1309 Capite
1361 1265 1395 1300 8.
1421 1266 1463 1297 ad
1481 1265 1604 1301 Rom.:
1638 1266 1791 1310 Spiritus
1809 1280 1909 1310 opem
1927 1269 1992 1301 fert
2011 1270 2111 1302 infir-

1126 1315 1240 1348 mitati
1273 1323 1423 1350 nostrae.
1498 1315 1544 1349 Et
1580 1318 1780 1360 saepissime
1816 1318 1853 1350 in
1889 1318 2036 1359 PalmiS,
2071 1328 2110 1354 ut

1126 1365 1255 1400 Psalm.
1276 1365 1352 1400 4l.:
1391 1365 1699 1408 Quemadmodum
1724 1368 1898 1401 desiderat
1923 1381 2044 1403 cervus
2067 1372 2111 1404 ad

1125 1417 1239 1450 fontes
1265 1428 1454 1461 aquarum,
1498 1418 1546 1450 sic
1571 1418 1747 1452 desiderat
1768 1419 1884 1452 anima
1909 1432 1985 1453 mea
2010 1423 2051 1454 ad
2077 1428 2111 1455 te

1125 1466 1238 1506 Deus,
1281 1466 1400 1509 Quare
1437 1468 1544 1501 tristis
1580 1480 1614 1501 es
1648 1469 1765 1503 anima
1803 1483 1895 1512 mea,
1937 1483 2036 1516 spera
2070 1474 2108 1506 in

1124 1516 1216 1558 Deo,
1246 1525 1309 1551 etc.

1225 1567 1271 1601 Et
1291 1566 1356 1601 hoc
1377 1569 1512 1602 illustre
1537 1570 1726 1604 discrimen
1745 1578 1794 1605 est
1816 1572 2003 1615 patientiae
2028 1571 2110 1617 phi-

1124 1617 1323 1662 losophicae
1341 1626 1373 1652 et
1393 1617 1628 1661 Christianae,
1644 1623 1737 1666 quod
1755 1620 1954 1657 Christiana
1971 1625 2108 1668 patien-

1124 1669 1172 1702 tia
1197 1670 1315 1714 aliquo
1334 1671 1438 1703 modo
1464 1671 1538 1704 vult
1563 1673 1798 1706 obedientiam
1819 1681 1963 1718 propter
1982 1673 2109 1717 Deum,

1124 1727 1152 1752 et
1175 1731 1311 1764 semper
1328 1727 1377 1754 est
1395 1722 1581 1755 coniuncta
1598 1735 1675 1756 cum
1695 1720 1761 1757 fide
1781 1731 1815 1758 et
1832 1736 1890 1768 spe
1907 1725 2030 1758 auxilii
2052 1727 2109 1759 di—

1125 1771 1218 1811 vini,
1248 1783 1335 1815 quae
1351 1779 1433 1805 sunt
1451 1784 1551 1805 causa
1570 1773 1732 1810 laetitiae.

1225 1821 1293 1856 Sed
1320 1823 1357 1855 in
1382 1822 1600 1864 Palamedis,
1635 1824 1808 1865 Socratis,
1842 1825 1985 1865 Dionis,
2012 1825 2107 1860 Pho-

1123 1872 1234 1905 cionis
1258 1874 1412 1916 patentia
1440 1886 1511 1907 non
1539 1882 1588 1908 est
1620 1887 1696 1919 spes
1726 1877 1848 1910 auxilii
1875 1877 2006 1918 divini,
2046 1880 2104 1911 sed

1123 1930 1172 1956 est
1190 1924 1446 1969 qualiscunque
1462 1932 1601 1958 externa
1621 1935 1779 1969 gestuum
1799 1928 2006 1968 moderatio,
2024 1929 2106 1973 quia

1093 1995 1097 2029 ι
1122 1974 1270 2007 interior
1294 1976 1397 2008 dolor
1425 1976 1542 2009 minor
1570 1984 1640 2018 est,
1679 1990 1758 2010 cum
1787 1979 2000 2012 conscientia
2033 1992 2105 2012 non

89 2018 226 2058 tendis,
261 2029 351 2060 qnae
383 2017 479 2049 iubet
510 2016 598 2049 ratio
628 2017 737 2056 ferre,
775 2024 953 2061 utcunque
978 2018 1066 2050 velle
1093 2045 1095 2050 .

89 2069 233 2103 obedire
257 2067 385 2100 rationi
403 2067 469 2105 sic,
497 2074 535 2099 ut
558 2075 717 2100 externos
734 2075 848 2110 gestus
866 2069 1068 2108 modereris,
1092 2052 1098 2104 l

1122 2032 1170 2058 est
1187 2025 1301 2058 saucia
1313 2053 1321 2065 ‚
1350 2026 1443 2059 iuxta
1459 2027 1609 2060 dictum:

1222 2074 1286 2110 Est
1303 2077 1436 2122 aliquid
1457 2078 1591 2121 magnis
1609 2079 1742 2112 crimen
1763 2081 1880 2114 abesse
1899 2080 2011 2115 matis.

1207 2158 1372 2208 Spiritus
1389 2159 1544 2195 adiuvat
1562 2160 1814 2207 infirmitatem
1831 2169 2009 2199 nostram.

1223 2228 1398 2272 Quintum
1415 2238 1659 2274 argumentum
1678 2234 1896 2266 sumtum'est
1913 2234 1955 2265 ab
1973 2235 2102 2268 auxilio

1121 2280 1256 2314 divino.
1308 2279 1397 2314 Cum
1418 2283 1511 2314 enim
1530 2283 1572 2315 de
1591 2284 1755 2326 patientia
1774 2292 1804 2316 et
1823 2295 1881 2327 spe
1901 2284 2044 2325 dixerit,
2071 2294 2103 2320 et

1122 2338 1257 2365 constet
1275 2343 1417 2375 magnas
1433 2331 1610 2366 Ecclesiae
1628 2346 1812 2366 aerumnas
1831 2346 1923 2374 esse,
1950 2342 1982 2368 et
2008 2337 2102 2369 diffi-

91 2381 124 2407 et
141 2374 220 2418 quia
238 2369 481 2415 philosophica
505 2371 671 2414 patientia
697 2383 797 2414 saepe
823 2383 894 2404 non
914 2373 1070 2406 ostendit
1095 2370 1097 2381 '
1124 2383 1260 2415 euimos
1294 2394 1421 2426 agones
1439 2410 1448 2423 ,
1486 2384 1587 2417 addit
1610 2392 1852 2426 argumentum
1884 2386 1926 2418 de
1959 2387 2103 2425 auxilio,

91 2423 354 2462 liberationem,
383 2422 461 2455 ideo
481 2422 518 2454 in
542 2422 683 2454 iniustis
701 2428 816 2454 manet
836 2422 984 2456 interior
1007 2425 1070 2456 do-
1096 2426 1099 2461 ’,
1150 2435 1218 2466 uod
1245 2434 1286 2466 ad
1322 2434 1581 2467 confirmandos
1613 2436 1688 2477 pios
1723 2435 2000 2468 efficacissimum
2037 2446 2101 2472 est·-

91 2475 168 2512 lor,
193 2480 226 2506 Εἰ
244 2473 290 2506 ita
312 2473 450 2513 CfssSCib
479 2479 517 2505 ut
542 2472 719 2516 extinguat
736 2470 933 2506 h0¹¹¹i¹²e¹¹¹³
962 2474 1012 2508 ibi
1034 2474 1072 2508 fit
1097 2510 1099 2519 ,
1123 2446 1323 2517 iistenditur
1340 2485 1433 2517 enim
1454 2496 1508 2518 res
1526 2486 1618 2517 bona
1639 2493 1670 2518 et
1687 2486 1826 2519 dolores
1844 2487 2019 2528 mitigans.

92 2523 259 2569 patientia
284 2524 388 2556 influe
412 2535 553 2558 nOmen·
1097 2524 1102 2585 l
1226 2533 1294 2567 Hic
1317 2537 1497 2569 sciendum
1525 2542 1592 2575 est,
1620 2537 1698 2568 ideo
1723 2537 1872 2570 exerceri
1898 2536 2101 2580 Ecclesiam,

195 2579 243 2614 At
276 2581 443 2624 patientia
478 2579 679 2615 Christiana
715 2588 765 2615 est
807 2582 895 2614 velle
929 2582 1073 2616 obedire
1099 2600 1101 2633 ᾗ
1124 2585 1218 2619 utin
1235 2585 1420 2619 doloribus
1444 2586 1635 2629 cogitemus
1658 2588 1701 2620 de
1725 2589 1836 2620 causis
1856 2588 2099 2630 afflictionum,

90 2631 168 2666 Deo
192 2632 228 2664 in
254 2629 326 2672 his,
347 2644 434 2676 quae
452 2632 549 2666 iubet
568 2634 676 2674 ferre,
703 2640 736 2666 et
752 2630 843 2666 nihil
859 2633 971 2666 facere
989 2646 1074 2667 con-
1099 2662 1102 2672 ,
1125 2642 1158 2670 et
1192 2637 1236 2669 de
1271 2637 1502 2679 promissione
1536 2637 1659 2670 auxilii
1700 2645 1733 2672 et
1771 2639 1990 2672 liberationis
2007 2664 2016 2677 ‚
2062 2648 2102 2673 ut

93 2690 146 2716 tra
171 2683 333 2716 {mandata
357 2681 442 2724 Dei,
484 2691 516 2717 et
540 2683 647 2718 simul
675 2695 817 2718 cernere
841 2685 1073 2729 praesentiam
1098 2694 1101 2723 ζ
1125 2685 1251 2721 Esaiae
1272 2687 1333 2723 28.
1369 2688 1521 2723 dicitur:
1577 2687 1727 2722 Vexatio
1773 2690 1832 2724 dat
1874 2689 2102 2727 intellectum.

1533 2737 1616 2774 61·
