2415 2942
283 116 356 152 975

391 199 470 232 tisse
487 201 602 230 autem
629 192 780 237 aliquam
799 188 973 222 visibilem
991 186 1180 220 Ecclesiam
1200 185 1267 219 Dei

288 251 511 286 manifestum
533 252 581 278 est
603 256 642 277 ex
662 242 781 275 multis
800 239 1020 273 testimoniis.
1065 237 1154 271 Cum
1174 237 1267 269 enim

291 301 403 345 iuquit
426 297 605 332 Christus:
647 293 713 327 Dic
738 290 933 330 Ecclesiae,
974 289 1116 322 deducit
1140 300 1203 320 nos
1227 288 1268 319 ad

290 351 463 385 sisibilem
491 354 640 381 coetum.
703 341 748 376 Et
774 341 932 374 Psalmns
956 340 1017 373 ait:
1062 338 1102 372 In
1130 349 1271 371 omnem
1298 352 1299 361 ι

292 412 419 437 terram
450 399 558 432 exibit
584 406 690 441 sonus
722 404 854 426 corum.
917 390 1002 424 Vutt
1031 389 1125 423 Dens
1158 387 1271 421 audiri

292 464 412 486 vocem
431 448 630 491 Evangelii,
658 445 731 477 vult
758 442 897 485 agnosci
923 442 1057 479 filium,
1085 441 1164 472 ideo
1184 451 1272 471 seui·
1299 441 1301 446 ’

294 516 355 549 per
375 502 526 546 aliquem
547 505 683 531 coelunt
709 495 792 527 alias
817 494 924 536 tnagis
952 493 1036 524 alias
1062 491 1180 523 minus
1206 490 1275 522 sre-

295 560 458 600 qnentem
477 549 630 591 colligit,
659 547 717 591 qui
745 545 899 587 conspici
923 550 955 576 et
981 542 1138 575 exaudiri
1169 539 1278 584 possit
1302 561 1303 586 ἶ

295 607 331 638 in
352 614 476 646 genere
495 597 675 637 humano,
703 597 786 629 etin
807 593 871 627 linc
891 601 989 626 coetu
1008 593 1179 626 retinetur
1197 591 1278 623 sun-
1302 590 1305 646 ι

297 658 521 690 damentum,
558 650 642 682 alias
660 647 768 689 magis
786 646 870 678 alias
895 645 1011 677 minus
1036 655 1182 686 purum,
1218 641 1276 672 sed

302 714 418 740 tamen
438 714 509 736 non
529 701 767 733 defenduntur
785 696 890 729 idola.
936 693 985 727 Ac
1006 705 1141 736 semper
1159 693 1195 724 in
1214 689 1280 724 boc

302 763 401 790 coetu
420 761 498 788 sunt
519 751 616 784 electi
635 749 762 793 aliqui,
787 748 820 779 id
842 752 909 782 est,
938 743 1104 777 haeredes
1122 749 1281 776 aeternae
1305 750 1307 762 ³

301 808 411 843 vitae,
439 803 572 837 etiamsi
603 800 706 833 simul
733 796 786 830 his
806 796 953 829 admixti
977 801 1058 827 sunt
1081 793 1185 827 multi
1209 803 1282 825 non

302 857 411 891 sancti
439 862 470 888 et
499 864 571 885 non
597 850 716 889 electi,
757 847 817 892 qni
844 854 961 880 tamen
992 847 1034 878 de
1058 844 1217 877 doctrina
1245 843 1282 875 in
1307 868 1310 892 l

301 916 440 942 externa
463 902 677 949 professione
698 912 715 932 a
733 898 861 932 sanctis
885 909 956 929 non
984 896 1217 934 dissentiunt,
1245 900 1284 926 ut
1308 899 1311 911 ·

301 962 401 992 docet
425 954 621 989 similitudo
649 952 690 983 de
708 960 851 992 sagena,
887 948 924 980 in
949 958 1016 992 qna
1041 953 1122 979 sunt
1145 945 1229 978 boni
1252 951 1285 977 et

301 1009 387 1042 mali
422 1006 544 1050 pisces.
608 1001 677 1035 Nec
713 999 907 1045 quaerendi
942 1005 1023 1031 sunt
1056 997 1156 1030 electi
1191 1002 1286 1028 extra

302 1066 439 1093 coetum
465 1062 666 1088 vocatorum
683 1079 691 1091 ,
731 1052 828 1084 iuxta
854 1049 1004 1082 dictum:
1048 1046 1147 1090 Quos
1174 1046 1288 1088 elegit,

303 1109 366 1143 lios
391 1115 423 1141 et
446 1105 594 1140 vocavit.
650 1102 752 1136 Item:
782 1099 878 1134 Oves
906 1111 1002 1132 meae
1027 1110 1146 1131 vocem
1173 1108 1286 1130 meam

303 1160 464 1194 andiunt.
517 1154 728 1198 Ubicunque
753 1159 868 1184 autem
889 1157 971 1183 sunt
993 1149 1065 1182 sive
1094 1149 1186 1181 inter
1211 1145 1287 1187 hos,
1314 1165 1315 1177 ι

304 1213 376 1244 sive
394 1208 500 1247 alibi,
527 1207 587 1251 qui
605 1208 829 1248 oppugnanat
848 1202 1142 1237 fundamentum,
1171 1199 1206 1232 id
1227 1206 1289 1235 est,
1315 1202 1317 1238 ξ

306 1260 472 1295 articulos
498 1257 600 1296 fidei,
635 1253 698 1288 hos
720 1266 790 1287 esse
815 1259 908 1285 extra
934 1250 1143 1289 Ecclesiam,
1177 1256 1208 1282 et
1234 1261 1289 1281 re-
1316 1263 1318 1269 ·

311 1314 416 1345 iectos
445 1316 479 1343 et
502 1309 686 1341 damnatos
716 1311 847 1337 certum
876 1309 946 1345 est,
987 1301 1081 1334 iuxta
1117 1301 1207 1334 dicta
1234 1298 1291 1332 Io-
1317 1304 1319 1324 ι’

307 1360 436 1396 hannis
455 1360 505 1394 3.:
535 1358 605 1400 Qui
629 1368 693 1389 con
715 1354 824 1387 credit
844 1354 880 1385 in
904 1353 1036 1391 filium,
1063 1363 1135 1384 non
1159 1349 1293 1384 videbit

308 1414 429 1450 vitam,
449 1411 507 1442 sed
525 1409 574 1441 ira
593 1406 656 1440 Dei
675 1405 830 1438 manebit
848 1415 952 1446 snper
967 1414 1058 1436 enm.
1110 1401 1153 1435 Et
1174 1402 1205 1434 1.
1222 1400 1293 1433 Co-

309 1460 417 1497 rinth.
442 1463 494 1496 5.;
524 1459 811 1492 Fundamentum
829 1454 924 1486 alind
952 1464 1083 1496 ponere
1109 1463 1212 1485 nemo
1232 1463 1294 1493 po-

309 1521 391 1552 test,
418 1517 554 1555 praeter
574 1510 606 1541 id
628 1508 720 1551 quud
747 1505 897 1548 positum
915 1511 985 1543 est,
1014 1503 1106 1546 quod
1133 1508 1182 1534 est
1200 1500 1295 1534 Iesus

311 1562 481 1598 Christus.
534 1559 621 1593 Cum
640 1558 746 1600 igitur
761 1557 806 1589 sit
829 1555 945 1598 aliqua
966 1565 1046 1585 vera
1066 1551 1218 1586 Ecclesia
1244 1551 1296 1583 vi-

313 1614 444 1652 sibilis,
472 1619 652 1645 teneamus
681 1606 770 1640 hanc
797 1604 1051 1639 definitionem.

412 1685 570 1722 Ecclesia
594 1682 742 1716 visibilis
770 1688 821 1715 est
843 1687 959 1713 coetus
985 1677 1133 1711 visibilis
1163 1676 1298 1720 ample-

316 1739 483 1774 ctentium
517 1735 751 1777 Evangelium
778 1732 853 1765 sine
883 1729 1106 1774 corruptelis,
1148 1735 1181 1761 et
1208 1734 1299 1760 recte

316 1790 490 1824 utentium
511 1784 763 1823 sacramentis,
797 1783 834 1815 in
852 1794 921 1827 quo
939 1787 1039 1814 coetu
1057 1780 1150 1812 filius
1167 1777 1230 1811 Dei
1251 1784 1300 1812 est

318 1841 438 1875 efficax
460 1850 522 1883 per
544 1835 780 1870 ministerium
802 1831 1007 1876 Evangelii,
1033 1837 1066 1864 et
1092 1830 1221 1863 multos
1246 1841 1300 1862 re-

320 1897 459 1935 generat
478 1891 558 1922 dato
576 1886 712 1930 Spiritu
727 1892 859 1919 sancto,
913 1883 1074 1926 Suntque
1090 1881 1126 1913 in
1144 1892 1184 1913 eo
1201 1887 1302 1913 coetu

320 1942 421 1976 multi
445 1951 516 1973 non
543 1937 669 1976 sancti,
695 1937 754 1969 sed
773 1943 890 1968 tamen
909 1934 952 1966 de
975 1932 1136 1966 doctrina
1154 1942 1303 1964 consen-

320 1995 454 2027 tientes.
482 1989 745 2023 Acmandatum
758 1984 1048 2023 estimmntabile,
1069 1982 1246 2026 pertinens
1259 1981 1301 2013 ad

322 2053 443 2076 omnes
468 2039 648 2078 homines,
677 2044 716 2070 ut
735 2036 864 2079 singuli
885 2035 969 2068 fiant
986 2035 1144 2066 membra
1162 2040 1193 2065 et
1211 2032 1304 2064 cives

322 2093 428 2127 liuius
445 2103 545 2124 verae
564 2088 759 2125 Ecclesiae,
787 2087 990 2129 ubicunqne
1010 2091 1091 2117 sunt
1111 2083 1147 2116 in
1172 2084 1304 2115 mundo

324 2145 416 2183 apud
439 2153 519 2175 suos
537 2147 596 2174 ant
621 2140 773 2177 alienos,
802 2137 849 2169 ita
877 2135 1055 2172 adiuncti,
1081 2134 1244 2167 videlicet
1268 2141 1305 2165 ut

325 2199 513 2238 agnoscant
539 2198 572 2224 et
596 2191 771 2223 fateantur
803 2198 881 2219 cnm
915 2192 1050 2218 coetum
1084 2196 1156 2217 esse
1187 2195 1304 2216 veram

326 2246 390 2278 Dei
409 2242 620 2277 Ecclesiam,
648 2247 680 2273 et
703 2237 827 2271 similis
847 2237 892 2270 sit
916 2235 1088 2268 consessio
1113 2235 1307 2277 doctrinae,

327 2304 359 2329 et
382 2294 506 2328 similis
531 2290 706 2325 invocatio
734 2288 824 2328 Dei,
865 2293 897 2320 et
921 2286 1048 2319 similis
1077 2297 1160 2318 usus
1184 2285 1306 2318 Sacra-

328 2352 546 2382 mentorum,
572 2348 606 2376 et
623 2341 786 2373 voluntas
811 2338 959 2371 iuvandi
981 2344 1013 2370 et
1036 2349 1107 2368 non
1137 2335 1307 2379 perdendi

331 2408 408 2429 enm
429 2402 579 2427 coctum.
631 2391 703 2425 Nec
720 2401 856 2423 necesse
877 2394 926 2421 est
949 2387 1218 2420 similitudinem
1238 2397 1310 2419 esse

330 2446 565 2479 humanarum
592 2440 841 2479 traditionum,
869 2451 933 2471 nec
957 2450 1093 2471 necesse
1117 2445 1167 2471 est.
1188 2448 1310 2470 omnes

332 2497 394 2531 uni
415 2494 557 2539 politico
584 2492 732 2536 imperio
765 2491 920 2524 inclusos
945 2499 1031 2523 esse.

433 2568 539 2611 Quod
557 2574 673 2601 antem
691 2573 850 2610 oporteat
875 2565 1035 2608 singulos
1060 2563 1135 2596 fieri
1155 2561 1311 2595 membra

333 2631 435 2653 verae
451 2618 647 2657 Ecclesiae,
673 2624 845 2651 testantur
862 2614 946 2650 hacc
972 2616 1081 2650 dicta:
1116 2611 1217 2656 Quos
1240 2613 1312 2646 ele-

333 2672 398 2713 git,
426 2668 491 2703 hos
510 2676 544 2703 et
559 2667 705 2702 vocavit.

871 102 996 137 PHlL.
1025 99 1141 136 MEL.
1171 98 1379 135 SCRIPTA
1405 68 1704 134 EXEGETICA.

2229 96 2303 131 976

1421 184 1546 219 Psalm.
1564 184 1644 218 26.:
1675 182 1793 218 Unum
1815 184 1899 227 petii
1915 196 1933 217 a
1951 184 2102 218 Domino
2117 209 2125 224 ,
2156 180 2222 216 boc
2247 194 2301 215 re-

1321 236 1479 281 quiram,
1508 243 1546 269 ut
1565 233 1758 268 inhabitem
1781 234 1818 266 in
1844 234 1949 267 domo
1968 234 2115 268 Domini
2135 233 2301 267 omnibus

1322 287 1446 320 diebus
1463 287 1554 320 vitae
1571 297 1678 324 meae,
1696 291 1735 318 ut
1752 284 1889 318 videam
1909 285 2123 319 voluntatem
2143 283 2302 324 Domini,

1323 345 1356 372 et
1381 338 1518 370 visitem
1539 337 1708 380 templum
1733 335 1817 368 eius.

1425 387 1553 423 Psalm.
1571 388 1648 421 83.2
1676 385 1774 420 Beati
1797 385 1859 431 qui
1879 383 2038 420 habitant
2064 385 2100 417 in
2122 386 2226 431 domo
2246 392 2305 419 tua

1326 438 1489 472 Domine.

1425 496 1551 530 Psalm.
1578 496 1655 531 91.:
1699 495 1851 529 Plantati
1879 496 1914 528 in
1940 497 2045 528 domo
2071 493 2236 535 Domini,
2270 493 2308 526 in

1327 548 1425 582 atriis
1442 549 1567 581 domus
1593 547 1658 582 Dei
1683 547 1793 580 nostri
1821 547 2009 581 florebunt.

1431 597 1555 632 Psalm.
1575 597 1650 634 35.:
1680 597 1820 631 Lavabo
1841 598 1934 630 inter
1957 598 2160 629 innocentes
2183 605 2310 628 manus

1329 660 1440 688 meas,
1467 656 1498 682 et
1516 649 1731 683 circundabo
1754 649 1862 682 altare
1881 655 1978 681 tunm
1999 646 2161 680 Domine.
2195 644 2309 678 Dilexi

1332 702 1496 732 decorum
1521 701 1646 733 domus
1665 707 1761 737 tuae,
1791 706 1823 732 et
1847 699 1961 732 locum
1988 695 2217 730 habitationis
2236 696 2311 739 glo-

1332 762 1403 783 riae
1425 757 1516 783 tuae.

1435 800 1562 833 Psalm.
1591 801 1690 835 tab:
1732 799 1870 843 Rogate
1901 811 1989 844 quae
2014 799 2055 831 ad
2079 808 2199 842 pacem
2231 803 2313 830 sunt

1335 851 1537 885 Ierusalem.
1593 849 1638 885 Et
1664 852 1811 884 felicitas
1837 850 2065 894 diligentibus
2090 855 2143 889 te,
2172 854 2315 892 propter

1335 905 1479 936 domum
1498 901 1645 934 Domini
1662 901 1727 935 Dei
1747 901 1877 941 nostri,
1906 900 2061 945 quaesivi
2078 899 2169 932 bona
2187 905 2256 932 tua.

1436 959 1591 994 Ebraeos
1610 960 1685 994 10.:
1714 959 1796 994 Non
1818 959 2056 1004 relinquentes
2073 956 2316 1001 congregatio-

1336 1022 1416 1044 nem
1439 1017 1606 1045 nostram.

1443 1062 1460 1094 1
1481 1058 1642 1094 Corinth.
1665 1063 1714 1096 1.:
1742 1058 1823 1093 Non
1840 1059 1909 1094 sint
1932 1059 2024 1093 inter
2040 1070 2102 1092 vos
2120 1055 2319 1098 schismata,

1313 1114 1398 1155 ,sed
1430 1111 1505 1145 sitis
1536 1111 1767 1155 coagmentati
1791 1111 1911 1144 eadem
1942 1110 2101 1144 doctrina
2135 1115 2168 1143 et
2197 1109 2318 1142 eadem

1314 1184 1316 1198 ι
1341 1164 1532 1197 voluntate.

1444 1210 1573 1247 Mattb.
1607 1214 1682 1247 12:
1725 1211 1798 1255 Qui
1839 1223 1913 1245 non
1948 1216 2135 1254 congregat
2175 1222 2323 1250 mecum,

1343 1265 1521 1310 dispergit.

1444 1322 1540 1356 Haec
1565 1328 1598 1355 et
1623 1321 1750 1355 similia
1769 1321 1860 1355 dicta
1885 1319 2108 1365 praecipiunt
2131 1320 2174 1354 de
2197 1330 2323 1354 conso-

1345 1373 1518 1413 ciatione,
1553 1380 1586 1406 et
1610 1372 1733 1405 iubent
1758 1371 1915 1414 singulos
1939 1371 2014 1404 fieri
2040 1371 2195 1404 membra
2223 1383 2324 1404 verae

1344 1423 1534 1463 Ecclesiae,
1562 1429 1595 1456 et
1613 1429 1731 1456 vetant
1755 1434 1828 1455 esse
1851 1422 1962 1454 socios
1987 1419 2140 1455 hostium
2163 1419 2324 1464 Evange-

1346 1475 1404 1514 lii,
1431 1486 1490 1507 seu
1508 1484 1667 1513 errones,
1695 1472 1756 1517 qni
1772 1473 1851 1505 ideo
1867 1472 2009 1515 fugiunt
2024 1471 2200 1504 Ecclesiae
2217 1472 2325 1505 socie-

1348 1532 1472 1565 tatem,
1498 1531 1537 1558 nt
1563 1523 1672 1565 magis
1689 1523 1805 1566 vagari
1830 1522 2061 1566 opinionibus
2083 1522 2229 1565 possint.

1452 1582 1499 1617 Ut
1520 1589 1636 1615 autem
1654 1581 1793 1624 agnosci
1812 1592 1891 1613 vera
1909 1579 2064 1613 Ecclesia
2089 1580 2214 1623 possit,
2242 1576 2328 1612 haec

1349 1635 1414 1669 tria
1436 1633 1622 1677 praecipua
1640 1632 1738 1675 signa
1756 1637 1898 1665 externa
1918 1631 1956 1663 in
1973 1642 2093 1664 sensus
2113 1630 2328 1664 incurrentia

1350 1684 1528 1731 proposita
1556 1683 1638 1717 sint.

1402 1735 1494 1769 Pura
1512 1746 1578 1767 vox
1596 1733 1775 1766 doctrinae
1794 1731 1990 1773 Evangelii.

1402 1785 1597 1829 Legitimos
1621 1795 1704 1817 usus
1727 1783 2047 1818 sacramentorum.

1453 1844 1499 1877 Et
1522 1843 1723 1877 coniunctio
1742 1840 1918 1875 Ecclesiae
1944 1853 2022 1874 cum
2038 1841 2255 1886 pastoribus,
2282 1842 2335 1875 vi-

1354 1896 1481 1929 delicet
1505 1894 1705 1927 obedientia
1733 1893 1769 1925 in
1795 1890 1868 1931 his,
1916 1904 2005 1937 qnae
2029 1893 2071 1925 ad
2095 1892 2334 1926 ministerium

1354 1948 1450 1981 iuxta
1472 1944 1703 1988 Evangelium
1733 1943 1926 1987 pertinent,
1961 1940 2028 1976 hoc
2046 1949 2116 1982 est,
2157 1955 2201 1976 ne
2223 1943 2335 1988 aliqui

1354 1998 1539 2040 seiungant
1553 2008 1589 2029 se
1605 2008 1622 2028 a
1640 1994 1820 2028 communi
1836 1994 2122 2036 congregatione,
2150 2001 2184 2027 et
2200 2001 2260 2028 aut
2274 2005 2334 2028 va·

1355 2056 1481 2091 gentur
1498 2047 1573 2079 sine
1592 2045 1804 2084 ministerio,
1834 2050 1895 2077 aut
1911 2044 2125 2077 fastidientes
2142 2042 2335 2078 Ecclesiam

1357 2106 1449 2132 recte
1479 2097 1724 2137 constitutam,
1772 2094 1959 2129 instituant.
1987 2095 2123 2139 privata
2154 2095 2338 2129 conventi—

1357 2150 1434 2184 cula
1451 2155 1516 2182 etc.

1458 2198 1554 2232 Haec
1578 2197 1731 2241 primum
1762 2197 1805 2229 de
1829 2193 1984 2230 Ecclesia
2015 2195 2147 2230 visibili
2172 2196 2253 2229 sciri
2277 2208 2339 2229 ne·-

1361 2261 1453 2284 cesse
1468 2256 1518 2283 cst
1530 2273 1539 2285 ,
1567 2248 1648 2293 qnia
1667 2248 1704 2280 in
1721 2245 1785 2280 hac
1801 2253 1937 2280 tantum
1955 2253 2037 2281 sunt
2053 2247 2171 2288 electi,
2195 2253 2339 2291 propter

1360 2313 1447 2345 qnos
1465 2308 1497 2333 et
1515 2297 1572 2333 hie
1590 2299 1740 2333 visibilis
1755 2304 1873 2331 coetus
1888 2309 1906 2331 a
1922 2296 1997 2331 Deo
2012 2298 2191 2342 colligitur
2207 2305 2241 2332 et
2255 2309 2340 2331 con-

1360 2358 1531 2385 servatur.

1463 2401 1531 2435 Hic
1550 2407 1664 2434 autem
1681 2399 1862 2444 quaeritur
1879 2399 1923 2431 de
1941 2409 2041 2431 causa
2058 2398 2252 2439 electionis,
2281 2399 2344 2433 ubi

1362 2453 1516 2498 primum
1534 2451 1715 2495 perspicua
1734 2449 1916 2493 responsio
1931 2455 1982 2482 est
1999 2450 2044 2481 de
2060 2449 2259 2483 reiectione.

1463 2510 1576 2545 Causa
1601 2508 1801 2542 reiectionis
1819 2514 1869 2540 est
1886 2507 2145 2550 perseverantia
2165 2507 2201 2541 in
2224 2518 2344 2552 pecca-

1363 2563 1428 2603 tis,
1462 2562 1557 2594 iuxta
1583 2558 1668 2593 baec
1688 2559 1798 2592 dicta:
1834 2557 1907 2600 Qui
1930 2569 2004 2590 non
2028 2559 2138 2591 credit
2161 2559 2198 2591 in
2223 2559 2344 2598 filium,

1365 2614 1434 2646 iam
1452 2611 1624 2644 iudicatus
1640 2616 1702 2645 est.
1731 2609 1836 2643 Item:
1865 2607 1937 2650 Qui
1954 2620 2027 2640 non
2043 2609 2154 2642 credit
2169 2609 2207 2641 in
2223 2609 2344 2648 filium,

1367 2675 1440 2697 non
1466 2662 1599 2695 videbit
1630 2661 1756 2699 vitam,
1805 2659 1866 2692 sed
1889 2659 1943 2692 ira
1965 2657 2032 2692 Dei
2058 2660 2214 2694 manebit
2240 2670 2342 2703 super
