2415 2942
306 109 374 143 139

306 202 354 228 est
374 194 458 226 illud
478 202 582 236 opus,
610 190 702 235 qnod
731 187 851 231 recipit
881 184 1059 227 homiues,

893 103 1012 137 PHIL.
1042 101 1155 139 MEL.
1183 101 1393 138 SCRIPTA
1418 100 1718 139 EXEGETICA.¹

1095 194 1127 220 et
1149 188 1207 220 dat
1232 187 1281 220 eis
1305 189 1309 207 ’
1333 188 1493 222 monium
1516 189 1775 222 observandum
1799 189 1841 222 de
1860 189 1980 224 divina
2007 197 2130 224 natura
2148 189 2184 223 in
2203 186 2311 223 Chri-

1306 215 1308 236 ⁴

2241 103 2314 139 140

310 248 414 277 ritant
434 251 617 275 avit-inane.
660 239 750 271 llaec
774 247 821 270 cst
838 238 982 281 simplex
1000 238 1169 270 sententia
1186 238 1282 272 dicti.
1306 238 1309 278 1
1334 246 1404 279 510,
1438 240 1532 283 quod
1559 240 1620 272 etsi
1646 239 1829 272 obscurius
1859 247 1926 278 est,
1965 248 2080 275 tamen
2106 240 2311 274 adiunctum

308 294 481 328 Exercitia
505 291 586 333 legis
611 302 682 321 non
712 295 794 321 sunt
829 285 894 320 hoc
925 300 1035 330 opus,
1071 301 1139 331 qno
1173 289 1282 321 salvat

306 347 412 383 Deus,
439 344 496 375 sed
516 347 596 373 sunt
612 339 796 381 disciplina
816 345 846 371 et
865 339 1003 381 politica
1022 339 1168 379 iusticia,
1194 351 1281 383 qnae

307 394 440 427 etiamsi
458 393 491 423 in
509 389 571 423 liae
587 389 760 432 corporali
778 389 847 422 vita
868 390 1056 421 necessaria
1075 397 1143 429 est,
1166 396 1281 421 tamen

307 456 378 477 nou
395 449 546 475 meretur
562 440 800 473 remissionem
819 446 1035 482 peccatorum
1049 466 1057 479 ,
1082 447 1119 472 ut
1139 446 1282 479 constat,

305 495 397 528 etad
417 492 545 525 G.1l.3.
565 491 709 523 dicitnr:
747 488 818 531 Qui
843 502 882 522 ex
907 490 1072 533 operibus
1090 490 1173 531 legis
1189 496 1281 530 sunt,

305 546 369 577 sul»
387 542 632 576 maledictione
660 547 758 579 sunt,
781 540 815 572 id
835 547 906 579 est,
934 540 992 584 qui
1020 540 1232 572 arbitrantur
1248 552 1282 572 se

306 595 371 637 legi
392 594 596 630 satisfacere,
623 598 655 624 ct
673 588 735 623 hac
753 590 936 633 disciplina
956 603 1070 622 coram
1084 589 1157 622 Deo
1174 591 1282 622 iustos

303 658 395 685 esse,
424 656 486 676 nec
511 648 640 675 norunt
663 649 803 684 propter
822 640 984 673 Messinm
1007 641 1130 672 donari
1158 652 1282 672 recon-

305 696 538 732 ciliationem,
567 690 602 725 hi
625 702 765 734 prorsus
787 697 921 730 errant,
950 696 980 722 et
1001 697 1154 733 pereunt.
1210 689 1282 722 lam

304 744 390 779 haec
415 744 575 777 doctrina
600 753 709 774 novas
734 741 945 773 offensiones
972 747 1004 773 et
1024 753 1153 773 novun}
1172 747 1283 772 certa-

305 809 385 830 men
403 796 535 829 excitat.

509 873 621 923 Quod
643 874 756 919 igilur
776 873 880 921 facis
904 871 1079 917 signum?

406 944 520 975 Venio
538 943 643 985 igitur
669 942 710 973 ad
738 941 902 984 quintum
926 940 1062 979 locum,
1089 939 1125 971 in
1148 951 1217 983 qno
1233 945 1283 972 est

304 998 390 1029 dura
419 993 609 1027 altercatio.
671 988 808 1024 Oss‘ensi
839 990 975 1027 ludaei,
1011 991 1102 1034 quod
1122 988 1282 1022 Christus

305 1048 352 1080 ait
372 1058 405 1078 se
424 1056 494 1077 esse
514 1042 698 1078 Messiam,
735 1047 764 1072 et
787 1041 937 1084 postulat
961 1041 1027 1072 sibi
1053 1040 1165 1079 credi,
1194 1039 1282 1072 inci-

304 1098 406 1142 piunt
425 1097 467 1127 de
487 1093 671 1126 collatione
689 1090 781 1124 Most
806 1099 837 1124 et
860 1090 1007 1123 Messiae
1031 1090 1223 1133 disputare,
1251 1097 1283 1122 et

306 1150 454 1181 redeunt
472 1145 512 1176 ad
537 1155 637 1176 5111101
664 1142 895 1174 inveteratum
915 1142 1074 1173 morbum
1104 1148 1207 1184 atque
1229 1151 1284 1172 er-

305 1210 420 1231 rorem
439 1197 481 1227 de
500 1206 606 1237 regno
626 1193 816 1225 mundano.
876 1189 923 1224 Et
951 1191 1000 1223 sic
1034 1197 1283 1232 argumentan-

305 1256 381 1288 tur,
405 1244 562 1281 Christus
586 1244 651 1276 erit
679 1242 790 1274 maior
804 1241 920 1281 Mose,
949 1240 1066 1274 Moses
1083 1241 1199 1273 eduxit
1221 1253 1282 1283 po-

306 1300 427 1343 pulum
452 1309 491 1328 ex
516 1295 692 1339 Aegypto,
734 1292 862 1324 delevit
888 1289 1020 1331 hostes,
1055 1291 1149 1334 pavit
1172 1303 1283 1334 popu-

307 1351 380 1383 lum
409 1349 444 1380 in
472 1348 626 1384 deserto,
659 1343 810 1386 denique
837 1353 889 1374 res
917 1349 1028 1374 tantas
1055 1342 1175 1383 gessit,
1202 1353 1283 1383 ergo

307 1412 386 1433 cnm
406 1397 568 1430 Messiam
595 1395 726 1427 maiora
750 1400 783 1426 et
804 1392 1009 1435 gloriosiora
1036 1403 1154 1434 gerere
1177 1403 1284 1435 opor-

306 1457 394 1487 teat,
423 1456 455 1481 et
471 1455 508 1480 tu
530 1444 618 1478 nihil
637 1455 751 1487 geraS,
779 1445 837 1475 sed
867 1443 1043 1487 relinquas
1071 1454 1135 1474 nos
1158 1442 1195 1473 in
1212 1453 1282 1474 ser-

306 1502 416 1533 vitute
441 1506 474 1531 et
498 1496 665 1535 miseriis,
700 1506 772 1527 1100
797 1500 846 1526 est
867 1494 1134 1526 existimandum
1158 1499 1190 1525 te
1213 1503 1284 1525 esse

307 1550 483 1584 Blessiam.
536 1547 738 1590 Speciosum
757 1551 999 1586 argumentum
1026 1550 1114 1582 erat,
1139 1549 1170 1576 et
1189 1544 1284 1587 qnod

305 1600 463 1635 fascinati
486 1597 709 1642 parsuasione
729 1596 770 1627 de
794 1605 901 1635 regno
926 1595 1124 1631 mundano,
1152 1605 1285 1637 nequa-

307 1663 410 1697 quam
430 1655 574 1693 possunt
592 1647 772 1690 explicare.
825 1644 969 1678 Resutat
993 1651 1108 1677 autem
1125 1641 1285 1676 Christus

306 1707 550 1744 argumentum
568 1709 700 1730 eorum.
755 1695 900 1727 Messias
916 1694 1047 1727 maiora
1066 1700 1175 1737 geret,
1204 1693 1284 1737 quia

307 1752 406 1787 dabit
421 1757 558 1784 aeterna
580 1749 689 1781 bona:
731 1745 836 1778 Panis
863 1744 926 1778 Dei
951 1752 1021 1784 est,
1048 1745 1169 1789 quide
1187 1744 1283 1776 coelo

307 1801 506 1840 descendit,
533 1806 565 1833 et
582 1799 689 1831 vitam
706 1797 764 1829 dat
780 1796 924 1829 mundo,
976 1794 1122 1829 Refutat
1145 1801 1177 1827 et
1199 1795 1285 1827 alte-

307 1866 382 1887 ram
415 1858 560 1896 partem.
621 1846 738 1880 Moses
760 1846 856 1879 dedit
875 1845 1028 1886 Manna,
1066 1845 1136 1877 imo
1160 1844 1285 1888 inquit,

307 1905 426 1939 Moses
449 1913 520 1934 non
545 1899 660 1937 dedit,
697 1898 754 1930 sed
780 1903 877 1939 pater
900 1907 1014 1935 meus,
1043 1895 1142 1940 quasi
1175 1895 1284 1927 dicat:

306 1954 426 1989 Moses
442 1957 577 1984 tantum
595 1948 754 1980 minister
778 1953 845 1985 est,
877 1943 991 1978 nihilo
1015 1946 1124 1988 magis
1148 1951 1285 1988 poterat

307 2007 391 2039 dare
415 2014 475 2036 sua
494 1999 648 2045 potentia
671 1999 794 2036 vitam,
823 2009 926 2041 quam
951 1997 1039 2029 alius
1056 1996 1203 2041 quilibet
1220 1993 1285 2028 ho-

307 2068 365 2089 mo
383 2052 608 2087 miserrimus.
662 2048 826 2081 Discerni
842 2048 921 2080 volo
936 2046 1061 2079 Mosen
1084 2046 1284 2079 ministrum

308 2118 327 2140 a
347 2104 476 2139 Messia
502 2101 647 2134 domino
666 2106 696 2132 et
712 2105 832 2131 autore
853 2098 959 2137 vitae,
989 2095 1045 2130 hic
1069 2104 1170 2130 autor
1193 2097 1284 2129 vitae

309 2157 353 2189 de
369 2154 466 2189 coelo
486 2151 682 2190 descendit,
710 2148 799 2181 filins
824 2154 871 2180 est
895 2147 1025 2180 aeterni
1052 2147 1177 2189 patris,
1205 2159 1284 2180 curn

311 2219 352 2239 eo
377 2215 542 2248 operans,
585 2208 623 2234 ut
648 2212 750 2243 snpra
776 2198 879 2230 dixit:
918 2197 1017 2239 Quae
1042 2198 1100 2230 ille
1120 2197 1219 2237 facit,
1252 2203 1286 2230 et

308 2257 401 2290 filius
422 2254 583 2287 similiter
599 2251 691 2285 facit.
744 2248 811 2282 Hic
829 2248 922 2281 filius
944 2248 1036 2281 tollit
1060 2255 1226 2288 1110110111,
1253 2254 1286 2280 01

310 2307 424 2340 reddit
445 2304 550 2336 vitam
568 2309 754 2334 aeternam.

411 2354 608 2395 Diligenter
623 2359 736 2384 antem
754 2350 959 2382 observetur
976 2345 1033 2380 hic
1050 2348 1145 2380 locus
1161 2348 1285 2379 adver-

310 2419 367 2442 sus
385 2417 462 2444 005,
490 2404 608 2448 quide
626 2400 765 2434 Christo
791 2407 926 2433 tantum
952 2399 1086 2440 fingunt
1110 2410 1188 2430 eum
1214 2409 1284 2430 esse

311 2460 510 2492 doctorem,
539 2460 577 2485 ut
592 2453 734 2484 fuerunt
750 2450 881 2489 Moses,
908 2449 961 2480 vel
980 2447 1200 2493 Phocylides‚
1229 2448 1284 2480 vel

308 2509 391 2547 alii,
425 2505 485 2551 qni
513 2508 690 2546 praecepta
718 2512 855 2533 morum
883 2499 1120 2537 tradiderunt,
1162 2504 1194 2530 et
1224 2498 1284 2541 qni

308 2556 540 2599 Evangelium
560 2553 596 2585 in
616 2553 725 2593 legem
751 2551 1012 2583 transformant.
1071 2547 1139 2580 Hic
1164 2548 1285 2591 perni-

308 2610 423 2643 ciosus
439 2616 536 2639 error
551 2614 649 2646 saepe
668 2608 800 2635 taxatus
817 2608 868 2633 est
893 2612 1014 2643 supra,
1042 2605 1074 2632 et
1096 2598 1284 2631 discrimen

1333 290 1474 322 cacteris
1504 290 1540 322 fit
1573 290 1711 322 clarius.
1772 288 1838 322 llic
1861 290 1920 334 qui
1944 291 1986 324 de
2010 291 2106 324 coelo
2130 289 2311 323 descendit

1335 347 1384 372 est
1412 340 1531 383 panis,
1565 341 1651 372 dans
1675 340 1799 381 vitam,
1834 340 1981 374 affirmat
2005 352 2040 373 se
2065 342 2107 373 de
2129 340 2224 373 coelo
2248 340 2311 373 de-

1334 390 1526 430 scendisse,
1553 402 1615 422 nec
1642 397 1777 423 tantum
1802 390 2024 423 circumferre
2040 387 2230 423 humanam
2248 401 2312 423 na·-

1335 447 1459 475 tnram.
1518 438 1700 472 Caeterum
1732 437 1798 472 hoc
1823 440 2044 484 perspicuum
2069 446 2136 480 est,
2170 438 2228 473 hic
2251 451 2313 484 pa-

1335 502 1414 522 nem
1437 487 1671 532 metaphorice
1694 491 1761 522 dici
1787 502 1860 522 rem
1882 491 2065 523 vivificam.
2119 489 2242 523 Sumta
2261 495 2313 523 est

1335 541 1432 572 euitn'
1453 541 1585 572 occasio
1607 552 1625 572 a
1649 541 1762 572 verbis
1786 539 2012 578 Indaeorum,
2040 540 2099 585 qui
2118 541 2313 573 citaverunt

1335 587 1520 622 historiam
1543 591 1585 621 de
1604 589 1756 628 Manna,
1785 598 1816 623 et
1841 598 1955 634 postea
1974 589 2134 625 Christus
2150 590 2313 633 pluribus

1336 640 1451 672 verbis
1485 646 1617 681 repetet
1650 641 1794 672 eandem
1825 641 2050 678 sententiani,
2084 647 2118 674 et
2149 640 2241 673 dicet
2263 640 2312 673 sie

1336 690 1502 722 vivificari
1537 687 1696 721 homines
1727 702 1787 733 per
1815 691 1949 733 ipsum,
1986 703 2063 723 cum
2094 691 2243 723 credunt
2275 690 2313 722 in

1336 751 1425 772 eum.
1480 739 1727 783 Interpellatur
1753 747 1866 772 antem
1883 738 2045 773 Christus
2066 740 2190 772 ironiis
2212 739 2314 773 audi-

1335 797 1468 822 torum:
1506 789 1558 822 Da
1584 790 1704 827 nobis,
1741 790 1926 834 inquiunt,
1957 791 2072 823 cibum
2096 789 2216 828 illurn,
2243 801 2314 834 qno

1336 846 1489 882 gustato,
1519 847 1634 883 postea
1659 840 1785 873 victuri
1809 852 1929 873 sumus
1950 841 2025 873 sine
2041 841 2149 881 fame,
2173 840 2249 874 sine
2265 840 2314 873 cl—

1336 892 1380 923 110
1393 917 1402 931 ,
1429 897 1461 923 01
1478 891 1552 922 sine
1570 897 1698 925 sumtu.

1394 994 1511 1030 Omne
1534 995 1636 1045 quod
1655 995 1719 1030 dat
1741 994 1838 1031 mihi
1857 1003 1962 1044 pater
1983 996 2038 1031 ad
2057 1009 2111 1032 me
2135 998 2258 1034 veniet.

1439 1073 1505 1106 Hic
1545 1073 1703 1117 sequitur
1735 1080 1850 1107 sextus
1881 1075 1993 1114 locus,
2038 1076 2080 1107 de
2113 1075 2315 1109 discrimine

1339 1123 1519 1165 Evangelii
1544 1130 1577 1156 et
1603 1122 1774 1155 humanae
1799 1124 1986 1167 sapientiae
2009 1131 2042 1157 et
2058 1123 2249 1164 Ecclesiae,
2275 1137 2314 1159 ac

1338 1175 1456 1218 populi
1482 1174 1577 1215 legis.
1630 1171 1674 1206 Et
1698 1174 1847 1216 primum
1868 1173 1976 1206 tristis
1993 1175 2189 1218 obiurgatio
2205 1175 2315 1209 inter-

1338 1225 1480 1268 ponitur
1496 1226 1538 1256 de
1555 1224 1741 1256 reiectione
1758 1223 1889 1267 populi.
1943 1223 2024 1256 Dixi
2043 1225 2159 1262 vobis,
2182 1225 2314 1270 inquit:

1342 1275 1409 1307 Vos
1443 1287 1496 1307 me
1528 1275 1663 1306 visuros
1689 1285 1778 1311 esse,
1814 1281 1845 1306 et
1869 1281 1984 1306 tamen
2014 1286 2086 1309 non
2109 1276 2314 1310 credituros.

1337 1324 1430 1357 Haec
1461 1337 1527 1356 vox
1558 1318 1685 1356 alludit
1711 1325 1751 1356 ad
1778 1322 2032 1366 Prophetarum
2061 1325 2315 1367 praedictiones

1337 1377 1379 1407 de
1411 1375 1596 1407 reiectione
1631 1374 1762 1416 populi.
1815 1373 1904 1407 Sunt
1929 1374 2022 1406 enim
2050 1381 2152 1407 notae
2175 1383 2315 1409 senten—

1337 1427 1420 1458 tiae:
1457 1424 1494 1457 Si
1522 1425 1625 1457 fuerit
1653 1424 1824 1467 popquS‚
1856 1430 1894 1456 ut
1919 1436 2022 1456 arena
2047 1425 2172 1465 maris,
2199 1433 2316 1458 tamen

1338 1475 1506 1519 reliquiae
1529 1481 1664 1507 tantum
1682 1474 1795 1506 salvae
1814 1481 1926 1507 erunt.
1979 1473 2051 1507 Nos
2070 1486 2152 1508 vero
2167 1476 2316 1509 sciamus

1338 1526 1540 1559 concionem
1566 1522 1655 1557 hanc
1681 1536 1753 1556 non
1777 1525 1889 1557 solum
1913 1525 2041 1557 minari
2067 1524 2222 1566 ludaeis,
2255 1526 2314 1559 sed

1338 1577 1440 1609 etiam
1465 1575 1610 1620 reliquis
1635 1575 1814 1617 gentibus,
1843 1587 1882 1607 ex
1906 1581 1979 1608 toto
2004 1587 2127 1616 genere
2148 1574 2316 1617 humano,

1339 1627 1458 1668 exigua
1489 1638 1566 1669 pars
1590 1625 1804 1664 servabitur,
1835 1637 1940 1668 quare
1967 1623 2167 1668 prophanae
2192 1626 2315 1669 imagi-

1339 1678 1496 1709 nationes
1528 1676 1754 1717 corrigendae
1784 1682 1885 1714 snnt,
1921 1687 2008 1718 qnae
2034 1675 2171 1718 fingunt
2194 1675 2316 1709 Eccle-

1338 1728 1421 1758 siam
1445 1737 1516 1759 esse
1541 1726 1708 1757 maiorem
1737 1725 2001 1758 multitudinem
2021 1732 2051 1757 et
2072 1726 2316 1768 potentiorem.

1338 1777 1494 1819 Populus
1518 1776 1602 1818 legis
1625 1782 1698 1807 erat
1716 1775 1876 1807 universa
1894 1776 2083 1809 multitudo
2103 1776 2316 1817 circumcisa,

1338 1834 1369 1859 et
1392 1827 1577 1859 coniuncta
1597 1827 1633 1857 in
1651 1825 1771 1868 politia
1789 1824 1962 1865 Mosaica‚
1987 1826 2046 1858 sed
2066 1838 2145 1859 vera
2161 1825 2316 1860 Ecclesia

1338 1884 1387 1910 est
1422 1877 1511 1909 alius
1551 1883 1685 1912 coetus.
1725 1875 1856 1907 scilicet
1883 1875 2010 1908 electus
2047 1887 2086 1908 ex
2113 1875 2249 1910 Iudaeis
2282 1883 2315 1910 et

1337 1927 1509 1970 gentibus,
1533 1926 1592 1970 qui
1613 1923 1764 1959 trahitur
1781 1937 1798 1957 a
1816 1931 1923 1969 patre,
1949 1931 1987 1959 ut
2003 1925 2119 1960 veniat
2134 1927 2176 1959 ad
2193 1927 2316 1968 filium,
2364 1964 2370 1973 .

1338 1985 1370 2011 et
1388 1978 1424 2009 in
1443 1989 1520 2009 eum
1538 1977 1665 2010 credat.

1347 2073 1353 2079 s
1440 2035 1534 2069 Haec
1561 2041 1677 2078 postea
1702 2033 1804 2066 latius
1829 2033 2070 2075 declarantur,
2104 2035 2208 2070 citato
2238 2037 2313 2070 loco

1337 2086 1456 2121 Esaiae
1471 2085 1548 2120 54.:
1585 2084 1685 2118 Dabo
1717 2084 1898 2116 universos
1925 2084 2015 2116 filios
2044 2091 2122 2118 tuos
2151 2087 2271 2120 doctos
2295 2100 2314 2121 a

1338 2137 1492 2171 domino.
1548 2135 1641 2168 Haec
1661 2141 1710 2167 est
1727 2134 1843 2166 brevis
1860 2141 1891 2167 et
1909 2136 2167 2178 compendiaria
2183 2138 2315 2171 descri-

1339 2188 1411 2232 ptio
1436 2186 1625 2219 Ecclesiae.
1659 2186 1717 2218 sed
1749 2192 1865 2218 tamen
1891 2196 2062 2218 summam
2086 2187 2136 2219 rei
2161 2188 2315 2231 comple-

1339 2245 1450 2276 ctens,
1486 2236 1670 2276 videlicet,
1705 2236 1798 2280 quod
1825 2234 1977 2268 Ecclesia
1999 2235 2044 2268 sit
2069 2244 2205 2276 coetus,
2242 2250 2315 2272 non

1338 2289 1499 2330 alligatus
1527 2288 1568 2319 ad
1595 2286 1753 2330 politiam
1782 2285 1892 2325 Mosi,
1925 2285 1983 2318 sed
2007 2286 2049 2318 ad
2073 2283 2316 2331 Evangelium,

1338 2346 1370 2372 et
1396 2332 1475 2371 ver'e
1498 2338 1643 2370 credens
1663 2334 1822 2374 Christo,
1856 2334 1930 2368 Deo
1954 2336 2100 2370 docente
2125 2340 2228 2372 corda
2252 2351 2316 2387 per

1336 2387 1579 2431 Evangelinm.

1440 2447 1550 2480 Porro
1576 2458 1614 2478 ex
1639 2443 1694 2477 his
1719 2444 1900 2477 sententiis
1917 2451 2126 2479 extruuntur
2141 2448 2265 2491 longae
2283 2457 2315 2484 et

1338 2498 1518 2531 intricatae
1535 2495 1790 2539 disputationes
1806 2495 1849 2527 de
1866 2496 2202 2540 praedestinatione,
2228 2512 2314 2544 quas

1337 2549 1528 2580 admiscere
1547 2544 1637 2578 nihil
1655 2556 1742 2589 opus
1758 2551 1824 2586 est,
1852 2552 1884 2578 et
1896 2543 2055 2579 Christus
2073 2545 2131 2581 hic
2146 2550 2315 2592 praecidit

1338 2598 1430 2640 ipse,
1457 2607 1535 2630 curn
1562 2597 1625 2629 ait:
1654 2595 1862 2629 Venientem
1885 2596 1928 2628 ad
1947 2608 2001 2629 me
2018 2609 2089 2630 non
2108 2599 2243 2632 eiiciam
2260 2601 2314 2634 so-

308 2670 444 2704 semper
461 2656 499 2689 in
517 2658 702 2698 conspectu
720 2663 791 2686 esse
809 2651 875 2695 piis
895 2651 1007 2686 debet.
1058 2646 1123 2683 Est
1140 2656 1171 2682 et
1189 2648 1284 2683 testi-
1336 2659 1402 2685 ras,
1455 2647 1527 2681 Nos
1544 2654 1722 2681 teneamus
1739 2645 2004 2691 promissionem
2018 2645 2204 2692 Evangelii
2219 2647 2314 2687 haud
