2415 2942
56 126 131 168 605
232 130 342 170 ixtn.

56 217 257 253 ricordiam.
311 215 395 249 Ideo
420 210 548 248 deinde
571 214 710 258 placent
725 224 849 257 opera,
877 211 958 256 quia
979 222 1036 244 su-

56 281 134 303 mus
152 268 234 307 filii,
262 267 349 300 sicut
366 266 498 299 Paulus
516 266 647 310 inquit:
683 264 756 298 Iam
775 275 848 296 non
868 263 948 295 estis
971 263 1036 294 sub
1060 259 1063 291 ἓ

56 321 148 363 lege,
190 319 249 351 sed
281 319 345 351 sub
376 318 495 359 gratia.
568 315 780 360 Quanquam
813 314 920 356 igitur
952 312 1035 346 talia

55 383 160 415 opera
182 370 294 413 reipsa
319 382 392 402 nou
415 376 496 401 sunt
516 367 674 410 impletio
692 367 796 409 legis,
822 371 939 398 tamen
957 375 1034 396 cum

54 423 214 466 placeant
239 427 380 464 propter
405 417 605 455 Christum,
641 423 724 450 sunt
747 417 841 449 velut
865 415 1035 459 quaedam

54 472 214 516 impletio
233 472 329 514 legis.
384 469 465 503 Ideo
485 468 610 511 legales
628 466 895 512 promissiones,
922 465 957 498 id
977 471 1038 504 est,

55 523 308 568 promissiones
330 521 468 554 additae
492 519 620 552 talibus
643 518 829 562 operibus,
855 517 926 549 iam
950 516 1038 549 fiunt

56 581 151 608 ratae
169 581 203 607 et
221 574 322 606 utiles
338 570 583 605 reconciliatis.

159 632 256 665 Haec
274 639 325 665 est
349 631 446 664 utilis
472 629 631 663 doctrina
658 629 702 661 de
727 627 932 661 discrimine
957 638 1037 670 pro-

53 681 262 716 missionum
289 690 322 716 et
344 682 386 714 de
405 693 468 713 usu
493 680 657 723 legalium
676 679 968 723 promissionum,
1000 684 1040 710 ut

55 733 204 767 sciamus
231 732 406 778 quomodo
433 732 502 764 sint
532 738 643 768 ratae,
680 737 712 763 et
735 730 909 762 discamus
935 729 1036 761 etiarn

56 785 94 817 iu
110 783 164 818 his
181 785 283 817 fidem
302 794 457 816 exercere
470 809 479 823 ‚
506 782 586 827 quia
613 781 862 824 promissiones
878 788 959 813 sunt
978 781 1039 812 ad-

56 835 148 869 ditae
172 835 352 879 operibus,
387 833 571 876 praecipue
604 839 747 876 propter
771 830 862 865 hanc
886 843 1037 868 causam,

56 896 95 919 ut
114 888 160 919 ita
179 896 381 929 operemur,
408 891 443 916 ut
464 884 568 916 simul
590 883 674 915 fides
699 890 809 926 petat,
835 891 867 916 et
884 889 1038 925 expectet

54 936 160 969 stDeo
179 935 344 968 beneficia
364 935 557 977 spiritualia
581 942 616 967 et
638 934 854 978 corporalia,
880 944 1036 967 necessa-

54 988 105 1020 ria
122 986 274 1030 Reipub.
293 993 327 1019 et
347 986 461 1019 nobis.

379 1091 554 1121 Declaratio
577 1091 712 1121 minoris.

155 1161 279 1195 Minor
297 1161 490 1207 syllogismi
508 1169 576 1202 est,
608 1161 799 1195 promissio
823 1161 954 1204 gratiae
978 1161 1037 1192 de-

54 1215 114 1247 het
138 1225 209 1245 esse
234 1220 327 1245 certa
352 1219 386 1245 et
410 1219 497 1245 rata.
551 1212 710 1246 Primum
735 1213 829 1245 enim
849 1212 933 1256 quid
953 1211 1038 1243 fuis-

55 1271 104 1297 set
123 1276 211 1307 opus
231 1264 332 1296 edere
350 1263 618 1305 promissionem
637 1271 669 1297 et
687 1264 841 1297 revelare
860 1261 1037 1295 remissio-

55 1327 153 1353 nem,
172 1314 201 1346 si
216 1314 312 1346 nulla
331 1321 427 1346 esset.
464 1312 565 1347 Esset
583 1322 698 1348 autem
721 1315 817 1347 nulla
831 1340 838 1354 ‚
860 1314 887 1346 si
908 1314 1037 1356 pende-

55 1373 108 1399 ret
126 1377 163 1397 ex
187 1364 389 1396 conditione
407 1365 502 1407 legis,
523 1365 603 1409 quia
622 1365 689 1406 legi
706 1377 888 1409 nunquam
906 1364 1036 1396 satistit.

53 1417 128 1449 Imo
148 1415 226 1447 ideo
243 1414 395 1446 revelata
415 1422 465 1447 est
489 1415 727 1448 reconciliatio
740 1442 748 1456 ‚
776 1416 858 1459 quia
873 1415 946 1456 lege
964 1426 1034 1445 non

52 1473 252 1510 poteramus
277 1465 454 1508 consequi.
515 1463 561 1498 Et
587 1467 632 1498 ob
657 1463 723 1498 hoc
747 1467 860 1509 ipsum
884 1466 1037 1498 detracta

52 1523 102 1551 est
119 1516 203 1559 legis
220 1516 388 1549 conditio,
443 1515 624 1557 Secundo,
653 1515 836 1550 Dubitntio
857 1517 892 1548 in
911 1517 1036 1548 animis

50 1567 143 1611 parit
159 1567 456 1610 desperationem,
488 1568 576 1600 sicut
594 1579 696 1611 supra
715 1569 846 1601 dictum
863 1575 929 1600 est:
966 1566 1037 1600 Lex

52 1618 156 1652 efficit
175 1617 273 1651 iram.
326 1616 407 1649 Ideo
425 1629 562 1650 necesse
580 1626 628 1650 est
647 1619 748 1652 nobis
768 1619 1036 1662 promissionem

394 131 430 164 2.
461 125 823 163 COMMENTARII
851 126 902 161 IN
928 124 1084 160 EPIST.
1111 122 1261 160 PAULI
1287 124 1354 160 AD
1382 122 1642 160 ROMANOS.
1699 123 1802 160 CAP.
1831 125 1892 160 lv.

2009 126 2081 160 606

1091 211 1283 250 mendacii,
1307 218 1408 254 negat
1426 210 1538 244 Deum
1558 223 1716 245 veracem
1733 224 1817 254 esse,
1841 219 1906 249 etc.
1959 211 2079 255 Quare

1090 269 1123 295 et
1152 263 1420 306 promissionem
1451 270 1482 296 et
1514 265 1719 296 mandatum
1745 265 1788 297 de
1815 265 1883 297 fide
1909 264 2078 297 dehemus

1089 324 1267 356 opponere
1285 314 1520 353 dubitationi,
1549 322 1581 347 et
1605 315 1756 357 discere,
1784 317 1879 361 quod
1901 314 2076 349 dubitatio

1061 358 1063 368 ¹
1089 364 1131 395 sit
1147 375 1322 395 summum
1340 371 1530 407 peccatum,

1190 411 1396 446 Scholastici
1415 415 1492 446 ideo
1512 415 1689 457 imaginati
1709 423 1801 456 sunt,
1820 417 2077 450 dubitationem

1090 475 1162 496 non
1181 476 1254 496 esse
1270 472 1446 507 peccatum
1460 491 1468 503 ,
1495 465 1574 509 qnia
1595 467 1759 499 viderunt
1775 479 1850 499 eam
1867 468 2077 501 naturaliter

1091 513 1233 548 haerere
1251 515 1286 547 in
1307 515 1444 549 animis,
1484 515 1565 548 ltein
1585 529 1727 559 prorsus
1744 530 1816 550 non
1833 518 2079 551 discernebant

1092 567 1200 609 legem
1220 566 1263 598 ab
1281 564 1492 607 Evangelio,
1521 579 1593 599 non
1611 568 1924 602 consideraverunt
1943 569 2077 614 requiri

1091 618 1193 649 fidem
1209 644 1218 658 ‚
1259 623 1317 649 aut
1344 617 1428 661 quid
1458 618 1502 651 sit
1534 618 1616 650 fides
1632 645 1640 658 ,
1680 619 1760 663 quia
1793 620 2078 662 imaginabantur

1091 668 1194 701 fidem
1211 679 1282 701 esse
1301 668 1466 701 noticiam
1485 668 1581 710 legis.
1636 668 1755 713 Itaque
1774 667 1838 702 hac
1857 671 2016 704 doctrina
2033 672 2076 703 de

1091 720 1333 759 dubitatione,
1360 719 1413 751 vel
1432 721 1526 763 quod
1551 720 1676 753 iubent
1701 721 1881 761 dubitare,
1908 721 2076 764 simplici-

1091 778 1143 803 ter
1165 771 1308 804 abolent
1335 777 1446 803 totum
1470 769 1720 814 Evangelium,
1750 772 2018 815 promissionem
2045 781 2079 806 et

1093 819 1297 855 mandatum
1323 822 1365 854 de
1391 821 1468 856 fide.
1544 820 1662 864 Quire
1694 823 1911 865 repudianda
1944 831 1993 857 est
2016 823 2076 856 illa

1063 886 1065 906 ς
1093 873 1197 917 impia
1216 872 1438 915 imaginatio,
1466 884 1555 917 quae
1572 873 1670 907 iubet
1688 874 1862 910 dubitare.

1222 972 1300 1021 Qui
1324 978 1466 1020 praeter
1489 986 1585 1020 spem
1611 974 1678 1008 sub
1701 987 1762 1022 spe
1787 973 1954 1010 credidit.

1195 1043 1364 1087 Sequitur
1401 1043 1624 1085 amplificatio
1638 1068 1645 1080 ‚
1688 1056 1776 1088 quae
1812 1045 1963 1078 illustrat
1996 1045 2079 1078 fidei

1095 1101 1310 1131 naturanret
1333 1095 1551 1127 exercitium.
1605 1097 1656 1127 Ac
1679 1107 1815 1138 semper
1838 1095 1927 1128 illud
1953 1103 2079 1129 tenen-

1093 1147 1175 1178 dum
1196 1153 1263 1185 est,
1292 1147 1383 1190 quod
1404 1157 1507 1188 supra
1527 1146 1657 1177 dictum
1683 1153 1751 1185 est,
1781 1145 1904 1178 Fidem
1923 1146 2078 1189 primum

1092 1196 1274 1240 complecti
1293 1196 1467 1234 fiduciam,
1488 1207 1575 1240 quae
1590 1197 1708 1229 statuit
1729 1197 1830 1229 nobis
1849 1197 1980 1230 remitti
2000 1210 2080 1241 pec-

1092 1256 1176 1287 cata,
1205 1255 1236 1280 et
1256 1247 1365 1280 Deum
1384 1246 1485 1278 nobis
1505 1246 1702 1290 propicium
1721 1259 1792 1280 esse
1810 1255 1954 1291 propter
1970 1246 2079 1281 Chri-

1091 1306 1195 1332 stum.
1251 1297 1372 1330 Postea
1398 1294 1488 1328 hanc
1505 1298 1614 1339 ipsam
1634 1298 1735 1330 fidem
1755 1299 1884 1331 versari
1899 1300 1989 1332 circa
2009 1299 2077 1333 alia

1090 1356 1193 1392 atque
1220 1349 1288 1380 alia
1322 1347 1457 1380 obiecta
1488 1348 1685 1388 exteriora,
1728 1348 1773 1383 Ut
1806 1350 1890 1382 fides
1913 1348 2080 1383 Abrahae

1092 1400 1243 1443 primum
1263 1399 1422 1431 intuetur
1443 1398 1480 1430 in
1501 1396 1564 1431 liae
1588 1399 1661 1442 ipsa
1679 1400 1934 1444 promissione,
1958 1412 2078 1434 semen

1092 1450 1318 1494 promissum,
1352 1456 1495 1493 propter
1520 1451 1613 1495 quod
1635 1449 1731 1484 Deus
1754 1452 2002 1486 benedicturus
2029 1461 2080 1487 est

1090 1502 1209 1544 generi
1226 1499 1394 1534 humano.
1427 1499 1566 1534 Deinde
1585 1502 1694 1536 exerit
1709 1513 1754 1544 se,
1771 1509 1803 1537 et
1822 1510 1974 1547 expectat
1993 1515 2078 1549 pro-

1090 1553 1231 1586 missam
1255 1553 1507 1596 posteritatem.

1191 1609 1296 1643 Fides
1324 1609 1418 1642 Mosi
1443 1611 1595 1653 primum
1621 1608 1856 1655 apprehendit
1880 1613 2079 1648 misericor-

19 1683 21 1692 2
52 1680 125 1701 “se
148 1675 286 1711 nolam,
324 1675 453 1700 certam
479 1676 511 1701 et
532 1675 660 1709 ratam,
688 1678 726 1704 ut
749 1676 950 1714 opponatur
972 1670 1038 1701 du-
1062 1660 1066 1715 Ι
1092 1662 1209 1702 diam,
1254 1668 1370 1704 postea
1404 1667 1559 1704 expectat
1591 1661 1835 1696 liberationem
1864 1667 1987 1709 populi
2014 1674 2079 1701 etc.

52 1719 236 1760 bitationi,
263 1726 296 1752 et
314 1719 359 1751 sit
375 1719 493 1751 efficax
512 1720 715 1753 consolatio.

154 1785 232 1819 Hoc
256 1786 332 1819 loco
363 1799 501 1819 necesse
527 1795 576 1820 est
598 1785 808 1831 reprehendi
834 1788 1037 1832 opinionem

53 1838 252 1881 vulgarem,
282 1850 370 1882 quae
395 1839 514 1878 docet,
544 1837 648 1880 Quod
676 1840 888 1872 conscientia
917 1841 1039 1872 debeat
1064 1851 1066 1860 ¹

55 1889 217 1922 dubitare
238 1890 280 1922 de
300 1889 505 1921 remissione
524 1897 764 1933 peccatorum,
792 1898 841 1930 et,
870 1891 928 1923 An
944 1890 1038 1923 Deus

55 1941 100 1974 sit
126 1940 228 1973 nobis
254 1940 447 1984 propicius,
478 1947 508 1972 et
537 1942 629 1985 quod
657 1939 740 1974 haec
766 1942 1037 1985 dubitatiosinou

55 1992 98 2025 sit
138 1998 328 2033 peccatum.
391 1989 520 2023 Hieret
565 1992 707 2036 quidem
751 1993 960 2026 naturaliter
1002 1993 1037 2024 in

54 2042 213 2074 omnium
238 2041 364 2073 animis
391 2042 577 2075 dubitatio.

57 2098 126 2131 est,
152 2098 189 2123 ut
212 2092 322 2123 securi
347 2092 453 2124 animi
473 2094 575 2125 etiam
604 2094 690 2127 iram
710 2094 775 2127 Dei
802 2102 1040 2133 contemnant,

57 2149 88 2174 et
108 2142 149 2173 de
168 2141 299 2174 iudicio
318 2142 498 2181 dubitent,
527 2151 559 2177 et
583 2145 727 2185 deiude,
754 2159 832 2179 cum
857 2146 1038 2178 couscien—

56 2193 103 2226 tia
127 2192 368 2235 perturbatur,
406 2203 571 2235 perpetuo
597 2203 733 2229 accusat
757 2205 789 2231 et
815 2199 1037 2230 condemnat.

55 2243 224 2277 Fatemur
246 2242 521 2285 igitur'baerere
547 2246 803 2280 dubitationem
829 2249 865 2281 in
891 2249 1036 2281 animis:

55 2295 113 2327 sed
138 2294 288 2326 dicimus
312 2295 567 2328 dubitationem
585 2297 680 2329 illam
699 2305 875 2341 peccatum
895 2312 977 2339 esse,
1006 2307 1037 2332 et

56 2345 322 2388 repugnandum
344 2357 415 2378 esse
440 2347 666 2383 dubitationi.
720 2347 801 2381 Ideo
826 2351 918 2382 enim
937 2362 1035 2383 reve-

59 2397 125 2428 lata
149 2403 198 2429 est
224 2396 428 2439 promissio,
457 2405 495 2430 ut
518 2399 669 2441 corrigat
695 2399 972 2441 dubitationem,
999 2408 1037 2434 ut

1063 1720 1066 1779 ³

1063 1878 1066 1932 i

641 2043 729 2076 Nam
753 2050 784 2077 et
808 2044 917 2086 caligo
943 2050 1038 2076 tanta
1063 2048 1066 2090 1

1063 2091 1066 2154 l

1095 1712 1142 1746 lta
1173 1712 1310 1745 variant
1340 1723 1477 1755 semper
1501 1712 1636 1745 obiecta
1663 1715 1858 1756 exteriora,
1900 1724 1932 1750 et
1961 1724 2079 1751 tamen

1064 1790 1066 1798 .
1092 1776 1202 1797 uuum
1241 1775 1428 1796 commune
1459 1763 1636 1796 obiectum
1670 1772 1719 1798 est
1750 1765 1830 1798 fidei
1871 1768 2076 1813 principale,

1091 1815 1221 1848 scilicet
1248 1814 1487 1847 misericordia
1518 1815 1688 1858 promissa
1716 1824 1860 1862 propter
1885 1817 2079 1860 Christum,

1091 1864 1211 1908 Quare
1235 1866 1480 1910 unusquisque
1504 1866 1607 1898 etiam
1634 1867 1801 1901 exuscitet
1823 1868 1926 1903 fidem
1950 1871 1986 1903 in
2013 1883 2076 1905 suo

1090 1917 1266 1961 periculO,
1294 1917 1330 1949 in
1350 1928 1410 1949 sua
1429 1916 1629 1950 afflictione,

1193 1976 1275 2009 Dixi
1293 1983 1410 2009 autem
1428 1976 1598 2010 illustrari
1618 1975 1673 2010 hic
1689 1985 1849 2013 naturam
1872 1981 1965 2021 fidei,
1994 1983 2077 2027 quia

1093 2028 1244 2071 primum
1276 2028 1487 2061 describitur
1520 2029 1708 2065 obiectum.
1775 2029 1875 2064 Fidei
1901 2033 2078 2067 obiectum

1093 2078 1274 2123 proprium
1295 2086 1342 2111 est
1368 2080 1533 2117 verbum,
1562 2082 1655 2125 quod
1684 2091 1814 2125 pugnat
1832 2095 1908 2116 cum
1936 2091 2078 2118 externa

1089 2131 1221 2173 specie,
1248 2130 1293 2164 [t
1312 2128 1477 2163 Abrabae
1495 2132 1714 2174 promittitur
1731 2145 1849 2166 semen
1875 2142 1908 2168 et
1927 2137 2078 2178 posteri-

1088 2189 1157 2222 tas,
1185 2182 1240 2214 cui
1267 2181 1351 2215 velit
1367 2180 1460 2214 Deus
1482 2183 1699 2218 benedicere,
1753 2183 1898 2219 Interim
1923 2187 2078 2221 coniunx

1089 2240 1161 2265 erat
1177 2232 1324 2270 sterilis,
1353 2232 1426 2276 ipse
1444 2240 1493 2265 est
1512 2233 1668 2269 effoetus.

1191 2291 1420 2336 Evangelium
1442 2295 1618 2337 promittit
1645 2306 1760 2338 pacem
1785 2303 1818 2330 et
1846 2297 1964 2335 vitam.
2018 2299 2080 2334 In-

1090 2344 1189 2378 terim
1210 2356 1410 2376 exercemur
1426 2345 1524 2376 omni
1548 2356 1674 2387 genere
1697 2346 1950 2389 afflictionum,
1980 2357 2014 2384 et
2038 2353 2076 2385 in

1072 2401 1202 2428 ⁴morte
1226 2395 1294 2428 vita
1320 2407 1391 2428 nou
1417 2395 1642 2437 conspicitur.
1698 2395 1781 2430 Ideo
1800 2399 1886 2433 dicit
1909 2398 1967 2434 hic
1982 2399 2078 2436 Pau—

57 2453 185 2479 certam
210 2453 243 2479 et
269 2446 405 2479 firmam
436 2449 709 2483 consolationem
743 2448 933 2483 babeamus
953 2479 962 2492 ,
1006 2459 1038 2484 et
1089 2447 1158 2479 lus:
1176 2443 1355 2479 Abraham
1375 2447 1659 2493 credidstSDfflffi
1677 2459 1772 2490 spem
1788 2449 1824 2482 ῐῐ]
1839 2462 1948 2494 Spem·
1977 2451 2076 2487 Con—

58 2503 150 2529 certo
165 2503 355 2530 statuamus
372 2499 471 2531 nobis
488 2501 639 2540 remitti,
669 2508 701 2534 et
721 2513 784 2534 nos
802 2502 978 2542 exaudiri,
1005 2511 1036 2536 et

57 2545 308 2590 Evangeliom,
342 2549 430 2583 sicut
460 2553 624 2594 proponit
659 2553 946 2595 promissionem,
989 2554 1034 2586 ita

58 2610 215 2641 expresse
237 2600 385 2642 requirit
408 2601 510 2633 fidem
529 2628 536 2641 ‚
571 2610 608 2636 ut
637 2603 690 2636 illi
714 2604 780 2646 ipsi
810 2603 1035 2647 promissioni

57 2650 256 2688 credamus,
300 2657 337 2682 ut
359 2652 453 2686 Ioan.
478 2652 512 2688 3.
547 2652 651 2686 Fides
677 2661 793 2687 autem
820 2662 870 2688 est
895 2662 1034 2688 contra-

55 2699 108 2734 ria
140 2700 365 2737 dubitationi.
424 2701 531 2745 Item,
563 2705 737 2740 dubitatio
760 2715 896 2742 accusat
920 2705 1034 2741 Deum

1088 2504 1139 2531 tra
1154 2509 1268 2541 spem,
1296 2498 1329 2529 id
1351 2505 1416 2537 est,
1445 2497 1481 2529 in
1503 2498 1668 2538 verbnm,
1695 2499 1732 2531 in
1749 2502 1844 2544 quod
1861 2505 2074 2546 sperandum

1088 2556 1171 2581 erat.
1225 2548 1272 2581 ltn
1291 2549 1374 2580 fides
1395 2548 1553 2581 intuetur
1572 2549 1739 2590 verbum,
1767 2558 1800 2585 et
1825 2563 1861 2585 se
1875 2554 1983 2588 verbo
2000 2567 2077 2590 sus-

1086 2606 1212 2639 tentat,
1241 2599 1377 2632 etiamsi
1394 2607 1535 2632 externa
1553 2600 1683 2642 species
1701 2610 1882 2646 repugnat.

1190 2658 1355 2691 lsraelitis
1373 2656 1592 2700 promittitur
1608 2658 1782 2696 liberatio.
1837 2661 1982 2697 Interim
1999 2677 2076 2698 cre-

1058 2733 1062 2742 .
1085 2710 1150 2744 scit
1167 2709 1340 2744 acerbitas
1358 2708 1556 2751 servitutis,
1583 2717 1617 2744 et
1634 2719 1831 2755 sequuntur
1844 2714 1937 2748 aliae
1962 2717 2076 2749 maio-
