2415 2942
279 124 323 157 31

282 217 338 242 tur
363 206 467 248 igitur
491 205 688 237 universam
714 200 924 237 Ecclesiam,
949 199 996 230 sic
1015 198 1147 233 Adam,
1176 195 1262 235 Noe,

283 255 481 292 Abraham,
518 253 634 287 Moses
658 259 689 284 et
715 250 838 294 reliqui
865 247 964 280 electi
990 258 1110 279 omnes
1136 246 1259 279 salvati

282 316 381 346 sunt,
408 304 608 339 haurientes
625 314 663 333 ex
681 299 743 333 hoc
761 300 873 337 sonte,
903 298 936 330 id
954 305 1020 335 cst,
1049 309 1088 330 ex
1105 294 1171 330 hoc
1187 308 1260 329 me-

282 359 370 394 rito.
405 365 437 389 et
471 368 507 387 ex
534 351 685 397 potentia
712 350 803 388 eius,
839 349 873 381 id
902 355 970 388 est,
1004 354 1147 391 propter
1171 345 1261 380 hanc

284 409 457 442 victimam
480 401 655 436 consecuti
675 407 755 433 sunt
773 399 1112 437 reconciliationem,
1139 406 1169 431 et
1189 399 1261 441 ipse

282 459 347 491 fuit
371 458 408 491 iu
429 455 476 487 eis
495 453 631 491 efficax,
658 451 753 484 dedit
771 451 820 483 eis
838 450 1009 493 Spiritum
1027 455 1186 482 sanctum
1207 449 1262 480 in-

280 514 437 540 coantem
454 515 581 537 novam
600 503 724 541 lucem,
750 509 782 535 et
800 501 905 534 vitam
923 507 1097 533 aeternam
1116 500 1152 531 in
1167 499 1262 543 ipsis.

383 555 483 589 Hanc
507 554 615 595 ipsam
640 564 712 585 esse
738 552 943 585 sententiam
970 556 1141 584 testantur
1156 550 1261 581 verba

280 606 475 652 sequentia:
512 604 670 636 Gratiam
697 615 760 646 pro
786 602 915 645 gratia,
950 602 983 633 id
1011 607 1078 640 est,
1106 600 1262 633 reconci—

281 659 460 691 liationem
485 654 593 688 nostri
617 667 678 698 pro
697 665 814 686 amore
831 664 908 695 erga
926 652 1049 684 filium.
1103 650 1201 683 Sicut
1219 651 1261 682 ad

280 707 409 752 Ephes.
433 710 464 741 1.
492 706 639 748 sriptum
664 712 729 737 est:
758 702 872 745 Elegit
891 713 952 734 nos
972 703 1007 733 in
1030 702 1114 743 ipso.
1160 700 1261 733 ltem:

280 759 411 793 Dilexit
435 770 498 790 nos
522 758 557 788 iu
580 756 722 793 dilecto,
751 755 785 786 id
812 760 878 793 est,
906 759 1048 796 propter
1071 751 1181 783 filium
1206 751 1263 783 di-

282 812 419 844 lectum.
475 808 542 841 Sed
568 804 649 839 haec
667 817 737 838 non
755 805 907 845 legamus
925 810 957 835 et
972 802 1156 835 audiamus
1172 801 1263 834 otio-

281 863 327 894 sis
343 861 488 898 animis,
522 858 580 890 sed
599 857 737 889 accedat
753 855 836 887 sides
852 866 910 887 seu
928 852 1072 891 fiducia,
1101 864 1188 896 quae
1206 863 1264 884 su-

283 918 407 946 stentet
434 921 496 942 nos
522 909 556 939 in
583 907 674 939 veris
700 905 907 949 pavoribus,
936 904 1075 936 intuens
1097 903 1134 934 in
1152 903 1261 935 fllium

282 962 365 999 Dei,
402 968 434 994 et
466 972 504 992 ex
533 959 605 991 eius
631 956 871 1000 plenitudine,
907 954 1032 986 merito
1055 960 1086 986 ct
1111 953 1264 997 potentia
1289 964 1291 975 ¹

282 1012 458 1045 hauriens.
512 1007 557 1041 Et
589 1019 667 1040 cum
702 1014 891 1040 statuemus
925 1006 968 1038 ab
1002 1010 1143 1037 aeterno
1169 1010 1265 1048 patre

280 1075 359 1095 vere
391 1061 509 1102 diligi,
546 1065 736 1092 statuamus
767 1064 800 1090 et
828 1068 891 1089 nos
914 1062 1055 1099 propter
1081 1067 1160 1087 eum
1185 1066 1266 1086 vere

281 1114 400 1156 diligi.
436 1109 562 1156 recipi,
598 1108 775 1146 exaudiri,
809 1114 840 1138 et
865 1106 1012 1144 salvari,
1046 1105 1180 1138 etiamsi
1207 1116 1262 1137 su—

283 1176 360 1196 mus
387 1161 535 1203 indigui.
590 1157 632 1190 ln
655 1158 716 1190 tali
743 1156 905 1189 exercitio
930 1156 1031 1195 fidei,
1059 1163 1090 1189 et
1106 1155 1266 1188 consola-

283 1216 397 1251 tione,
431 1219 462 1245 et
486 1208 725 1248 invocatione,
751 1207 953 1240 dulcescent
976 1206 1078 1238 nobis
1102 1204 1185 1237 haec
1211 1205 1267 1236 ‹li—
1292 1231 1293 1256 3

282 1273 353 1301 «tta,
382 1271 414 1297 et
435 1261 562 1295 clarius
581 1260 834 1302 intelligentur.

284 1318 318 1348 in
344 1314 415 1353 his,
443 1310 631 1345 uberrimis
654 1310 755 1343 dictis
774 1307 1000 1347 enarrandis,
1029 1306 1109 1351 quia
1126 1306 1266 1338 eaedem
1293 1328 1294 1337 i

866 114 985 148 PlllL.
1016 112 1128 147 MEL.
1158 111 1364 146 SCRlPTA
1394 108 1690 146 ExEGE'rtCA.

888 1256 974 1290 Sum
993 1262 1107 1288 autem
1128 1255 1268 1287 brevior
1292 1261 1294 1289 ὲ

283 1365 474 1399 sententiae
499 1373 599 1404 saepe
622 1366 844 1405 repetentur,
872 1366 909 1392 ut
929 1370 1009 1390 mox
1027 1357 1062 1389 in
1082 1357 1269 1389 collatione
1292 1373 1294 1381 ‹

284 1417 376 1450 Mosi
395 1423 427 1448 et
446 1413 603 1447 Messiae.

332 1504 409 1535 Lm:
425 1511 487 1545 per
506 1495 636 1530 Mosen
658 1493 748 1527 dala
768 1499 835 1531 ess,
861 1493 990 1539 gralia
1010 1497 1039 1524 e!
1060 1491 1192 1524 veritas
1209 1502 1270 1537 per

384 1549 506 1583 Iesum
523 1544 714 1581 Christum
725 1545 837 1593 jacta
857 1549 916 1577 est.

386 1618 452 1651 Hic
467 1624 517 1650 est
536 1615 682 1657 insignis
702 1614 809 1649 locus,
838 1613 981 1645 tradens
1000 1612 1188 1644 discrimen
1200 1610 1269 1644 Le·
1294 1637 1295 1640 ,

283 1672 334 1714 gis
359 1680 389 1703 et
410 1667 612 1709 Evangelii,
640 1665 732 1710 quod
758 1664 793 1695 iu
812 1661 965 1701 Ecclesia
992 1662 1140 1694 maxime
1166 1674 1270 1704 opor-

284 1729 332 1755 tet
349 1722 503 1753 existere.
558 1716 602 1751 Ut
624 1716 716 1747 enim
739 1712 914 1747 Pharisaei
935 1712 1221 1754 imaginabantur
1237 1724 1270 1744 se

285 1774 358 1815 lege
376 1772 483 1803 iustos
501 1780 590 1804 esse,
621 1778 682 1799 nec
700 1771 827 1797 norant
845 1763 1012 1796 beneficia
1030 1761 1194 1802 Messiae,
1216 1763 1270 1803 sic
1294 1762 1296 1789 ἶ

284 1822 386 1856 multi
413 1822 446 1853 in
465 1818 619 1853 Ecclesia
646 1816 864 1849 contendunt
889 1813 1049 1847 homines
1072 1813 1181 1845 iustos
1199 1825 1270 1846 esse

287 1874 451 1918 operibus
475 1868 639 1911 Det-alogi
664 1874 696 1900 et
722 1865 928 1898 ceremoniis
953 1871 985 1897 et
1002 1863 1272 1907 Episcoporum,

285 1936 347 1957 nec
381 1922 583 1963 intelligunt
614 1917 779 1951 beneficia
810 1913 960 1953 Christi,
1009 1922 1040 1946 et
1074 1915 1270 1947 doctrinam

286 1975 376 2008 tidei.
431 1972 506 2005 Hae
531 1971 693 2003 tenebrae
719 1967 846 1999 multos
871 1977 1006 1999 errores
1030 1966 1272 2009 complectun-

287 2034 362 2065 tur,
387 2035 474 2069 quos
490 2033 626 2055 necesse
646 2026 695 2052 est
711 2018 853 2050 refutari
869 2025 900 2051 et
917 2017 1068 2060 explodi.
1296 2058 1298 2062 Ι

390 2075 529 2108 Primus
563 2082 660 2104 error
691 2076 736 2101 est
771 2068 953 2110 imaginari
985 2067 1080 2111 quod
1111 2064 1297 2116 hominesi

288 2127 422 2170 possint
439 2125 504 2167 legi
526 2123 589 2157 Dei
605 2121 812 2155 satisfacere.

390 2176 591 2213 Secundus,
626 2172 719 2216 quod
747 2169 893 2202 interior
921 2167 1096 2200 dubitatio
1125 2168 1166 2199 de
1192 2178 1273 2210 pro-

288 2227 462 2265 videntia,
490 2227 531 2258 de
557 2225 606 2257 ira
622 2221 687 2256 Dei
711 2222 876 2254 adversus
901 2224 1055 2262 peccata,
1084 2218 1126 2249 de
1150 2217 1273 2249 remis-

289 2279 406 2316 sione,
440 2277 522 2309 item
553 2274 718 2307 securitas
747 2271 926 2313 negligens
950 2269 1037 2300 iram
1061 2266 1147 2307 Dei,
1182 2268 1273 2300 disfi-

291 2329 408 2362 dentia
428 2339 500 2360 non
518 2325 709 2358 assentiens
725 2319 1037 2366 promissionibus,
1065 2330 1136 2351 non
1153 2319 1274 2350 ardere
1298 2323 1299 2327 ’

290 2381 498 2417 dilectione,
524 2375 689 2409 adn-irari
710 2386 797 2413 sese,
825 2371 999 2405 consulere
1021 2369 1171 2413 propriis
1189 2369 1275 2401 viri-

290 2432 356 2463 bus
380 2437 411 2463 et
437 2428 613 2469 despicere
637 2425 742 2464 alios,
770 2425 850 2457 item
877 2421 1000 2454 vitiosa
1023 2420 1274 2462 concupiscen—

291 2483 357 2520 tia,
387 2493 457 2513 non
477 2480 546 2511 siut
566 2483 700 2521 peccata
714 2502 722 2515 ,
750 2487 811 2507 nec
830 2478 1023 2516 repugnent
1041 2471 1106 2512 legi
1125 2469 1201 2504 Dei.

398 2530 540 2564 Tertius
571 2539 687 2565 error,
721 2526 814 2570 quod
845 2531 984 2557 externa
1015 2522 1199 2566 disciplina
1232 2520 1300 2553 sit*

292 2583 425 2617 iusticia
445 2592 560 2614 coram
580 2578 665 2611 Deo.
1299 2568 1300 2581 ¹

395 2633 569 2675 Quartus,
604 2629 696 2674 quod
722 2624 863 2659 Christo
897 2622 1093 2657 detrahitur
1116 2634 1218 2656 verus
1244 2628 1277 2655 et
1299 2624 1301 2650 ἶ

295 2685 456 2729 proprius
475 2681 607 2717 honos,
638 2677 872 2713 iustificatoris
890 2684 921 2708 et
939 2675 1153 2709 mediatoris.

2245 114 2293 150 82

1416 195 1590 238 Quintus,
1623 195 1837 238 extinguitur
1866 203 1935 231 tota
1961 198 2120 232 doctrina
2147 199 2190 232 de
2214 199 2290 239 fide,

1313 254 1346 281 et
1362 245 1457 280 Deus
1480 252 1660 279 accusatur
1685 246 1876 287 mendacii,
1903 248 1931 281 si
1954 249 2181 282 confirmatur
2202 250 2290 283 deli-

1313 298 1425 337 rium,
1453 297 1546 342 quod
1570 296 1612 330 sit
1635 297 1871 331 dubitandum
1892 299 1935 331 de
1953 299 2155 333 remissione
2173 311 2291 344 pecca·

1313 356 1441 382 torum.

1414 397 1556 437 Sextus,
1584 398 1733 441 pavidae
1756 406 1888 432 mentes
1906 398 2096 441 adiguntur
2110 402 2153 434 ad
2171 402 2293 445 despe-

1314 449 1503 484 rationem,
1539 454 1571 480 et
1595 449 1733 482 tollitur
1757 456 1846 483 certa
1871 450 2082 491 consolatio,
2116 458 2148 484 et
2173 459 2293 495 portus

1314 498 1617 534 conscientiarum.

1415 548 1613 592 Septimus,
1641 550 1778 583 tollitur
1802 561 1879 583 vera
1898 550 2093 591 invocatio,
2118 563 2205 596 quae
2221 563 2294 584 non

1315 606 1426 643 potest
1443 599 1536 640 fieri,
1563 611 1640 633 cum
1659 611 1756 633 mens
1772 601 1859 643 sugit
1872 603 1994 635 Deum.
2044 601 2208 647 Denique
2223 609 2295 636 tota

1314 648 1396 682 haec
1420 647 1612 693 pharisaica
1642 651 1845 693 imaginatio
1878 653 1920 685 de
1951 653 2043 695 lege,
2077 660 2212 686 tantum
2247 659 2297 685 est

1315 697 1452 732 ethnica
1487 707 1519 732 et
1552 701 1735 734 rationalis
1766 703 1943 739 doctrina,
1980 715 2043 735 nec
2070 703 2296 747 progreditur

1315 751 1473 784 ulterius.
1534 750 1608 784 Hos
1632 752 1739 795 igitur
1762 759 1875 785 tantos
1900 764 2033 786 errores
2058 753 2167 786 taxari
2190 764 2296 796 opor-

1315 808 1387 833 tere.
1412 801 1633 835 manifestum
1659 809 1727 842 est,
1754 810 1785 836 et
1809 804 1851 835 de
1876 800 1930 835 his
1947 801 2109 837 Christus
2125 815 2224 847 saepe
2242 803 2298 835 di-

1316 852 1419 885 micat
1449 864 1526 884 cum
1560 851 1712 893 ludaeis,
1754 860 1790 886 nt
1821 866 1891 896 cap.
1917 854 1949 886 3.
1981 865 2060 886 cum
2093 853 2298 894 Nicodemo,

1316 915 1386 945 cap.
1406 902 1456 935 8.:
1485 901 1522 935 Si
1549 903 1642 936 filius
1666 915 1727 935 vos
1752 904 1933 943 liberavit,
1961 916 2039 936 vere
2062 904 2165 936 liberi
2193 904 2299 939 eritis.

1316 951 1361 987 Et
1384 952 1470 985 alias
1492 964 1601 995 saepe.
1657 952 1752 986 Idem
1771 954 1838 996 agit
1857 953 1986 987 Paulus
2003 955 2044 987 ad
2062 953 2168 989 Rom.
2184 961 2217 988 et
2234 955 2299 987 ali-

1316 1004 1372 1045 bi,
1402 1010 1435 1036 et
1459 1001 1616 1047 Baptista
1641 1001 1732 1037 hand
1760 1005 1867 1037 dubie
1891 1005 2053 1049 pluribus
2076 1005 2191 1038 verbis
2215 1002 2299 1038 haec

1318 1053 1487 1096 exposuit.

1421 1102 1483 1135 Est
1508 1103 1615 1146 igitur
1636 1101 1719 1136 haec
1738 1104 1909 1137 sententia
1928 1105 1963 1137 in
1983 1103 2168 1147 antithesi,
2197 1105 2300 1138 dissi-

1318 1154 1418 1187 miles
1445 1161 1527 1186 sunt
1553 1166 1740 1198 personae,
1774 1153 1892 1187 Moses
1914 1163 1947 1188 et
1971 1154 2127 1189 Messias.
2182 1155 2300 1189 Moses

1320 1211 1454 1237 tantum
1480 1205 1546 1237 snit
1572 1206 1694 1237 doctor
1721 1212 1750 1237 et
1777 1204 1940 1248 politicus
1965 1206 2194 1247 gubernator,
2229 1219 2300 1240 non

1321 1254 1385 1287 suit
1405 1254 1628 1298 propiciator,
1657 1267 1727 1287 non
1745 1255 1884 1288 sustulit
1899 1262 2077 1298 peccatum
2095 1263 2127 1290 et
2144 1264 2301 1290 mortem.

1319 1304 1467 1337 Messias
1500 1317 1582 1338 vero
1608 1317 1680 1337 non
1706 1312 1840 1339 tantum
1866 1312 1915 1338 est
1941 1307 2080 1344 doctor.
2114 1307 2171 1340 sed
2199 1307 2302 1340 etiam

1322 1355 1550 1399 propiciator,
1578 1356 1671 1389 tollit
1693 1363 1872 1400 peccatum
1898 1363 1930 1389 et
1953 1364 2117 1397 mortem,
2145 1358 2201 1390 dat
2220 1356 2302 1405 Spi-

1294 1443 1295 1452 Ὶ
1321 1407 1428 1438 ritum
1453 1413 1611 1439 sanctum
1637 1413 1669 1439 et
1697 1408 1803 1440 vitam
1830 1414 2027 1445 aeternam,
2055 1419 2118 1440 nec
2142 1414 2191 1440 est
2213 1408 2304 1450 poli-

1322 1457 1409 1489 ticus
1440 1458 1673 1499 gubernator,
1707 1465 1743 1490 ut
1775 1469 1835 1490 vos
1862 1457 1979 1490 Iudaei
2006 1458 2208 1498 somniatis,
2244 1459 2304 1491 sed

1323 1506 1425 1540 hahet
1444 1508 1546 1551 longe
1567 1507 1660 1540 aliud
1680 1508 1831 1541 officium
1844 1535 1852 1547 ,
1880 1515 1927 1541 est
1946 1508 2084 1541 victima
2103 1521 2166 1552 pro
2183 1520 2306 1552 pecca-

1323 1565 1356 1591 to
1370 1584 1377 1594 ,
1407 1565 1455 1591 est
1474 1565 1660 1601 perpetuus
1677 1560 1837 1591 sacerdos
1854 1566 1882 1591 et
1902 1559 2074 1592 mediator
2090 1558 2303 1593 interDeum

1323 1616 1355 1642 et
1372 1607 1551 1649 homines,
1578 1610 1635 1642 dat
1654 1609 1892 1642 remissionem
1912 1617 2130 1652 peccatorum
2143 1637 2151 1650 ,
2177 1622 2305 1643 novam

1323 1659 1494 1692 iusticiam
1524 1666 1555 1692 et
1592 1660 1701 1693 vitam
1739 1666 1929 1694 aeternam.
1990 1659 2073 1693 Dixi
2106 1661 2149 1694 de
2181 1661 2305 1694 discri-

1321 1710 1415 1742 mine
1434 1721 1678 1752 personarum.

1424 1759 1525 1792 Nunc
1555 1761 1743 1793 discrimen
1770 1759 1871 1802 Legis
1904 1765 1936 1792 et
1960 1755 2142 1803 Evangelii
2167 1762 2306 1804 conspi-

1322 1811 1450 1849 ciatur,
1478 1811 1573 1854 quod
1597 1810 1751 1843 ostendit
1772 1816 1905 1848 textus,
1930 1821 2009 1841 cnm
2036 1811 2103 1843 ait:
2134 1809 2257 1844 Gratia
2275 1819 2307 1844 et

1323 1861 1451 1892 veritas
1487 1872 1549 1904 per
1581 1859 1693 1893 lesum
1725 1857 1904 1893 Christum
1941 1859 2028 1892 facta
2062 1866 2121 1892 est.
2190 1860 2306 1894 Verba

1323 1917 1426 1943 erunt
1450 1911 1650 1954 perspicua,
1684 1910 1712 1943 si
1737 1909 1904 1952 cogitabis
1928 1907 2119 1952 Baptistam
2144 1911 2241 1955 loqui
2265 1914 2307 1945 de

1324 1962 1458 2003 integro
1481 1968 1513 1994 et
1538 1967 1778 1994 consummato
1796 1959 1963 1993 beneficio
1982 1957 2126 1996 Christi.
2181 1961 2307 1996 Gratia

1323 2012 1493 2055 significat
1520 2011 1862 2049 reconciliationem,
1891 2010 2012 2055 quain
2029 2009 2093 2045 hac
2108 2011 2177 2045 vita
2194 2014 2305 2046 dona-

1324 2071 1381 2096 tur
1398 2062 1500 2096 nobis
1517 2062 1674 2096 remissio
1693 2069 1912 2106 peccatorum
1925 2061 2030 2104 gratis
2041 2070 2184 2106 propter
2194 2063 2306 2096 filium

1324 2113 1407 2153 Dei,
1435 2126 1507 2146 non
1534 2120 1676 2157 propter
1701 2113 1809 2155 legem
1836 2120 1895 2145 aut
1912 2119 2029 2145 nostra
2048 2113 2183 2147 merita.
2239 2113 2308 2147 Ve-

1323 2165 1406 2198 ritas
1428 2165 1597 2207 significat
1614 2175 1729 2196 veram
1748 2163 1813 2197 Dei
1831 2163 2017 2203 noticiam,
2046 2176 2117 2196 non
2137 2165 2307 2208 captivam

1324 2216 1473 2260 peccati,
1502 2227 1620 2249 veram
1639 2214 1768 2254 vitam,
1795 2226 1868 2247 non
1889 2214 2059 2257 captivam
2079 2215 2219 2254 mortis,
2247 2216 2308 2247 de-

1324 2267 1432 2311 nique
1455 2278 1534 2300 vera
1560 2273 1592 2299 et
1616 2272 1755 2299 aeterna
1781 2266 1892 2304 bona,
1921 2277 2009 2309 quae
2034 2265 2097 2298 etsi
2120 2265 2308 2299 incoantnr

1324 2318 1362 2349 in
1390 2315 1454 2350 hac
1480 2316 1619 2351 mortali
1645 2317 1736 2355 vita,
1771 2322 1888 2350 tamen
1915 2322 1991 2360 post
2016 2317 2307 2351 resurrectionem

1325 2365 1586 2402 exhibebuntur
1612 2367 1756 2409 integre.
1810 2366 1926 2400 Donat
1952 2366 2058 2410 igitur
2083 2367 2186 2400 talem
2215 2368 2308 2400 noti-

1326 2419 1433 2459 ciam,
1459 2419 1631 2452 iusticiam
1649 2425 1681 2452 et
1699 2418 1822 2458 vitam,
1849 2429 1938 2463 quae
1956 2424 2038 2450 tunc
2056 2425 2103 2451 est
2122 2418 2196 2451 sine
2213 2430 2307 2451 erro-

1326 2481 1381 2508 re,
1416 2469 1491 2502 sine
1524 2476 1683 2513 peccato,
1719 2469 1794 2502 sine
1822 2475 1945 2503 morte.
2012 2467 2181 2502 Nominat
2203 2469 2310 2512 igitur

1327 2520 1526 2557 veritatem,
1561 2533 1641 2553 vera
1668 2527 1698 2552 et
1726 2526 1865 2552 aeterna
1893 2520 2005 2559 bona,
2034 2531 2072 2552 ac
2096 2519 2232 2554 facilius
2255 2520 2311 2552 in-

1327 2571 1435 2613 telligi
1471 2571 1602 2605 dictum
1627 2570 1806 2614 Baptistae
1838 2577 1967 2613 potest,
1999 2582 2075 2602 cum
2106 2571 2201 2603 illam
2226 2583 2310 2603 con-

1326 2622 1595 2656 summationem
1619 2622 1824 2666 aspicimus,
1852 2633 1956 2666 quam
1972 2620 2001 2653 si
2019 2627 2154 2654 tantum
2171 2622 2213 2654 de
2229 2634 2311 2654 san-—

1301 2706 1303 2709 ,
1327 2672 1390 2705 ctis
1418 2673 1453 2705 in
1476 2670 1538 2706 hac
1565 2673 1702 2707 mortali
1729 2672 1796 2705 vita
1824 2672 2033 2715 cogitemus,
2062 2673 2143 2710 etsi,
2173 2679 2209 2706 ut
2227 2684 2310 2705 con-
