2415 2942
28 198 35 220 ·⁴'
32 58 42 158 »ww

80 109 156 145 415
467 106 550 142 XII.

81 193 271 234 vescimus‚
306 196 501 224 metuentes
530 201 610 224 vere
642 202 708 225 nos
737 202 756 224 a
787 188 862 223 Deo
896 191 1002 224 abiici
1034 191 1072 225 in

81 252 257 279 aeternam
282 241 561 276 damnationem.
623 239 702 274 Etsi
727 241 869 275 dolebat
893 240 1008 275 David
1036 253 1071 275 se

84 308 124 330 ex
148 306 258 338 regno
284 292 363 327 eiici
382 304 401 326 a
420 292 511 334 filio,
526 303 638 337 ,quem
656 292 757 325 valde
782 292 970 335 diligebat,
995 304 1072 325 mo-

81 354 153 381 tam
170 357 242 379 esse
267 343 496 384 seditionem,
526 350 559 376 et
581 354 616 375 se
639 343 717 375 exui
742 342 852 385 gloria
879 343 1071 387 sapientiae

82 404 115 432 et
140 396 318 436 iusticiae,
352 406 458 439 quam
482 391 683 436 habuerat,
727 400 842 427 tamen
871 391 908 425 hi
931 394 1071 426 dolores

80 460 154 482 non
177 453 277 480 erant
300 445 441 480 summi.
504 444 584 478 Alia
614 444 726 476 multo
755 444 868 476 maior
890 444 1070 478 moesticia

81 498 302 533 excruciabat
332 508 431 536 eum,
476 495 570 539 quod
603 493 745 528 videbat
774 506 876 527 sunm
901 495 1068 528 delictum

82 561 221 584 causam
252 560 323 581 esse
349 553 528 580 tantorum
553 544 722 577 scelerum
749 551 782 578 et
807 546 1069 587 scandalorum,

81 602 118 634 in
137 600 266 645 quibus
285 597 405 637 multi,
431 596 491 641 qui
514 595 653 628 fuerant
679 596 815 636 sancti,
849 593 1070 630 horribiliter

85 652 278 696 perierunt.
331 646 399 680 Hic
415 658 487 679 sese
505 646 682 679 iudicabat
705 657 777 679 esse
798 653 928 690 pestem
947 646 1069 680 Eccle-

83 703 154 735 siae
171 708 203 734 et
229 699 348 744 populi
367 697 452 738 Dei,
479 703 511 730 et
534 697 662 729 molem
688 703 907 740 peccatorum
935 705 1068 732 tantam

85 752 275 789 sentiebat,
303 756 340 782 ut
364 754 566 791 agnosceret
591 759 625 780 se
651 759 723 780 non
743 759 842 791 posse
862 761 936 782 eam
963 750 1068 783 susti-

83 816 184 844 nere,
207 801 381 834 metuebat
401 799 508 841 igitur
524 810 559 831 se
576 798 751 832 abiectum
778 810 852 832 esse
875 813 892 833 a
909 799 1003 841 Deo,
1030 806 1069 833 ut

82 854 223 888 Saulem
243 859 301 885 aut
323 850 409 882 alios
426 857 611 894 tyrannos,
640 849 700 893 qui
724 850 868 884 fuerunt
894 862 972 883 vasa
997 851 1069 884 irae

81 905 159 939 Dei.
210 903 261 936 Hi
281 903 423 934 dolores
439 901 587 933 Davidis
610 900 731 945 aliquo
756 903 861 934 modo
890 902 1069 935 declarant

80 953 297 989 atrocitatem
318 950 421 984 huius
436 951 694 994 descriptionis,
723 963 800 984 cum
818 953 948 986 dicitur
965 950 1068 987 Chri-

83 1013 156 1040 stus
178 1006 288 1038 factus
308 1014 379 1035 esse
400 1002 645 1040 maledictum,
680 1003 738 1034 sed
762 1000 847 1035 haec
868 1015 885 1036 a
912 1004 1068 1046 profanis

80 1064 138 1090 aut
165 1055 292 1089 securis
314 1053 585 1104 inentibus‘non
610 1053 868 1094 intelliguntur.
923 1053 1004 1087 ldeo
1034 1063 1067 1088 et

79 1119 144 1141 nos
162 1113 296 1150 peccata
314 1110 432 1136 nostra
452 1104 679 1146 aspiciamus,
708 1111 738 1136 et
756 1104 969 1146 cogitatione
996 1105 1068 1137 irae

78 1158 166 1199 Dei,
192 1165 224 1191 et
248 1154 474 1189 horribilium
495 1166 685 1197 poenarum
705 1166 991 1198 expavescamus,
1020 1157 1066 1189 ita

79 1211 155 1249 fiet,
190 1215 228 1241 ut
253 1208 371 1250 aliquo
404 1206 508 1237 modo
535 1202 626 1238 hanc
657 1205 854 1238 doctrinam
889 1206 1066 1249 intelliga-

79 1271 178 1302 mus,
205 1259 276 1290 imo
301 1255 356 1288 hic
380 1268 488 1299 pavor
512 1262 544 1288 et
570 1253 627 1289 hic
650 1256 752 1288 dolor
773 1263 824 1290 est
850 1268 929 1290 vera
954 1257 1067 1290 medi-

79 1311 164 1344 tatio
192 1307 362 1353 passionis
387 1304 530 1339 Christi.

178 1383 332 1428 Quintus
357 1382 468 1415 locus:
504 1380 619 1415 Multa
644 1388 726 1415 sunt
750 1381 842 1415 dicta
868 1379 1001 1416 Christi
1027 1382 1064 1416 in

78 1447 199 1474 cruce,
227 1435 284 1467 sed
311 1433 432 1466 concio
454 1433 636 1477 praecipua
662 1440 712 1466 est
736 1434 776 1465 ad
804 1433 996 1475 latronem,
1032 1441 1065 1467 et

79 1486 314 1533 spectaculum
334 1485 447 1528 ipsum
466 1490 514 1516 est
531 1484 675 1526 insigne.
704 1483 876 1516 Latrones
894 1486 963 1517 duo
983 1492 1064 1518 suut

79 1541 193 1582 imago
211 1537 317 1570 totius
334 1535 468 1578 goneris
488 1532 645 1575 lunnani,
663 1536 755 1579 quod
770 1542 880 1568 totum
899 1542 948 1568 est
959 1536 1063 1569 morti

80 1591 291 1627 subiectum,
321 1587 378 1618 sed
401 1597 478 1628 pars
496 1585 666 1618 liberatur
683 1598 743 1629 per
761 1583 955 1629 Christum,
983 1598 1065 1633 pars

79 1646 196 1674 manet
229 1638 265 1670 in
301 1643 425 1671 morte.
492 1635 542 1668 lta
579 1643 690 1669 totum
728 1648 836 1678 genus
869 1634 1063 1670 humanum

80 1691 128 1724 ibi
148 1689 299 1734 pendere
322 1687 530 1729 cogitemus,
556 1694 593 1719 nt
610 1698 726 1718 revera
747 1698 870 1719 omnes
886 1687 991 1720 variis
1008 1700 1063 1721 ca-

81 1739 300 1775 lamitatibus
326 1745 358 1770 et
384 1745 496 1769 morte
522 1737 617 1768 illam
643 1737 751 1780 ipsam
781 1738 929 1780 speciem
956 1739 1064 1771 latro-

83 1804 168 1826 num
187 1789 381 1823 referimus.
437 1786 541 1829 Quod
562 1794 675 1819 autem
696 1787 823 1831 impius
839 1788 926 1820 latro
949 1789 1064 1821 medio

81 1841 252 1887 supplicio
268 1847 383 1872 tamen
402 1839 514 1881 ludit,
541 1844 574 1870 et
592 1835 769 1871 Christum
796 1839 975 1872 venenatis
993 1839 1065 1872 iro-

80 1895 150 1927 niis
172 1892 381 1929 subsannat,
408 1889 613 1921 manifestus
636 1889 734 1921 furor
753 1896 801 1922 est
819 1889 854 1921 in
873 1896 969 1923 tanto
986 1902 1065 1923 cru-

79 1946 172 1979 ciatu
197 1949 229 1975 et
254 1942 327 1985 ipsa
351 1946 461 1973 morte
484 1939 680 1983 petulanter
705 1940 843 1978 ludere,
870 1942 929 1973 sed
961 1938 1065 1973 huius

80 1994 231 2030 amentia
249 1991 418 2035 significat
435 1990 584 2023 similem
603 2002 674 2022 esse
693 1992 852 2023 omnium
874 1991 1063 2035 impiorum

81 2045 298 2080 securitatem
323 2043 358 2074 in
379 2049 450 2074 toto
469 2053 593 2084 genere
611 2039 778 2076 humanu.
833 2041 924 2074 Nero
944 2055 1064 2076 secure

81 2096 172 2131 ludit
197 2102 228 2128 et
256 2094 388 2126 deridet
413 2091 547 2131 Deum,
582 2104 644 2125 nec
670 2093 775 2126 sentit
800 2104 834 2125 se
869 2093 905 2126 in
939 2095 1062 2126 mediis

81 2147 203 2181 inseris
224 2153 256 2179 et
276 2143 481 2178 tristissimis
501 2143 648 2176 miseriis
666 2156 750 2179 esse.

181 2221 332 2255 Econtra
359 2221 445 2253 alter
468 2219 557 2252 latro
584 2219 740 2261 agnoscit
763 2220 930 2254 delictum
961 2233 1062 2254 suum

81 2283 111 2310 et
137 2285 274 2307 causam
304 2284 451 2314 poenae,
485 2282 557 2302 non
590 2278 640 2304 est
669 2282 828 2311 securus,
864 2284 935 2304 non
962 2273 1063 2315 ludit,

80 2335 118 2361 ut
144 2326 202 2358 ille
224 2326 478 2360 subsannator,
506 2322 564 2353 sed
591 2321 722 2354 iudicat
747 2333 781 2353 se
807 2336 823 2353 a
841 2322 914 2355 Deo
935 2325 1064 2367 puniri,

83 2386 113 2411 et
133 2378 274 2419 iusuper
290 2375 413 2407 metuit
431 2380 590 2406 aeternas
613 2384 760 2416 poenas,
788 2374 879 2406 clare
898 2375 991 2407 enim
1008 2376 1060 2407 di-

83 2429 144 2463 cit:
173 2426 243 2460 Nos
266 2427 354 2459 iuste
376 2424 572 2469 plectimur.
628 2422 768 2466 Magnis
796 2423 902 2466 igitur
929 2426 1062 2458 dolori—

81 2482 147 2513 bus
165 2484 194 2510 et
212 2478 397 2519 pavoribus
416 2476 650 2515 excruciatur,
677 2476 735 2507 sed
754 2475 893 2507 interim
911 2488 988 2509 cum
1004 2490 1063 2510 co-

81 2531 166 2574 gitat
189 2527 265 2573 quis
290 2529 333 2560 sit
358 2527 413 2560 hic
439 2527 492 2559 vir
517 2527 646 2565 iustus,
682 2526 741 2570 qui
766 2526 879 2559 dictus
903 2535 951 2560 est
969 2527 1063 2561 Mes-

82 2583 167 2621 sias,
195 2579 254 2622 qui
280 2591 373 2612 nunc
396 2585 444 2611 est
469 2576 630 2621 supplicii
649 2577 780 2618 socius,
809 2579 947 2623 quaerit
965 2591 1062 2613 veras

81 2630 357 2673 consolationes,
393 2637 424 2663 et
450 2629 605 2662 fortassis
632 2629 874 2661 accenduntur
897 2626 962 2662 hae
988 2630 1062 2664 eius

80 2682 325 2728 cogitationes,
353 2693 430 2714 cum
447 2681 541 2713 videt
556 2679 669 2713 Deum
694 2679 867 2712 mirandis
892 2681 1062 2725 prodigiis

606 104 906 142 ENARRATIO
941 105 992 142 IN
1027 105 1212 145 EVANG.
1250 104 1462 145 IOANNIS.
1516 107 1621 144 CAP.
1651 107 1751 146 XIX.

2044 109 2119 145 414

1125 193 1321 237 significare
1347 205 1382 226 se
1409 201 1636 238 spectatorem
1661 207 1734 229 esse
1752 193 1858 229 huius
1877 195 2058 239 supplicii,
2085 202 2118 230 et

1123 245 1199 277 fore
1222 256 1258 277 se
1285 245 1449 281 iudicem.
1502 246 1590 280 Nam
1621 244 1688 280 hoc
1714 247 1928 292 colloquium
1954 244 2115 287 habetur,

1125 307 1203 327 cum
1230 295 1296 327 iam
1316 296 1432 328 medio
1459 297 1516 330 die
1534 297 1616 330 solis
1635 298 1754 330 lumen
1770 299 1960 331 extinctum
1980 304 2047 337 est,
2075 304 2115 331 ut

1124 356 1164 377 ex
1195 344 1310 377 Lucae
1343 348 1547 380 narratione
1581 355 1736 392 apparet.
1805 347 1975 392 Agnoscit
2004 348 2114 391 igitur

1123 392 1219 427 hune
1243 395 1374 428 iustum
1409 397 1524 430 virum
1560 409 1633 431 esse
1661 397 1847 439 Messiam‚
1890 406 1921 433 ct
1954 399 2110 443 primum

1123 446 1238 489 palam
1267 446 1434 480 discernit
1460 459 1538 480 eum
1561 460 1579 481 a
1607 460 1661 489 se,
1691 450 1799 482 altero
1826 450 1919 482 socio
1938 449 2114 496 supplicii,

1122 497 1273 530 affirmat
1293 508 1371 529 eum
1396 495 1488 530 nihil
1513 499 1595 531 mali
1623 500 1754 533 secisse.
1832 498 1969 532 Deinde
1997 501 2112 543 ipsum

1122 546 1337 591 alloquitur,
1380 561 1418 580 ac
1448 549 1578 582 faciens
1614 550 1827 583 mentionem
1863 550 1971 583 futuri
2003 551 2113 594 ipsius

1122 599 1241 641 regni,
1282 599 1454 640 ostendit,
1492 600 1552 644 qui
1581 601 1713 638 credat,
1748 601 1911 634 videlicet
1937 598 2031 634 hunc
2057 601 2111 633 vi-

1121 661 1198 681 rum
1211 673 1219 687 ,
1248 648 1382 682 etiamsi
1402 662 1496 683 nunc
1513 652 1662 694 pendeat
1680 651 1715 683 in
1742 663 1843 684 cruce
1860 663 1898 683 ac
1917 652 2111 684 moriturus

1122 699 1186 740 sit,
1222 706 1337 732 tamen
1365 712 1437 733 non
1462 701 1687 735 interiturum
1713 713 1802 741 esse,
1837 703 1895 735 sed
1923 702 2111 739 victurum,

1122 756 1156 784 et
1180 750 1286 782 vitam
1319 751 1396 784 aliis
1420 752 1534 796 ipsum
1559 752 1808 786 invocantibus
1834 754 1998 786 daturum
2025 764 2110 786 esse.

1121 800 1283 846 Denique
1315 803 1443 836 rectius
1475 804 1639 847 intelligit
1669 804 1866 837 doctrinam
1898 805 1941 836 de
1968 803 2110 843 Messia,

1121 864 1225 896 quam
1252 864 1374 886 omnes
1392 851 1582 887 Pharisaei.
1637 853 1808 899 Agnoscit
1834 855 1871 887 in
1898 855 1966 888 vita
1988 852 2111 887 Eccle-

1121 904 1206 935 siam
1236 903 1271 935 in
1294 916 1394 936 cruce
1412 916 1502 945 esse,
1529 907 1586 937 sed
1609 903 1809 939 habituram
1837 918 1897 949 per
1916 903 2012 938 hunc
2032 905 2111 938 Do-

1121 954 1257 986 minum
1292 955 1422 996 vitam,
1458 956 1654 996 iusticiam,
1690 963 1721 990 et
1745 956 1891 999 gloriam
1919 963 2110 991 aeternam.

1123 1003 1213 1037 Petit
1231 1005 1337 1047 igitur
1355 1006 1398 1038 ab
1414 1018 1452 1039 eo
1472 1004 1556 1039 haec
1574 1008 1664 1039 bona
1678 1034 1687 1047 ‚
1715 1007 1896 1052 inquiens:
1926 1006 2108 1040 Memento

1121 1055 1190 1087 mei
1225 1054 1396 1097 Domine,
1440 1070 1518 1090 cum
1555 1054 1694 1090 veneris
1729 1058 1766 1090 in
1804 1070 1951 1101 regnum
1995 1064 2109 1092 tuum.

1121 1105 1215 1139 Haec
1239 1114 1320 1140 sunt
1345 1109 1449 1140 verba
1470 1108 1550 1140 fidei
1578 1108 1747 1141 eluctatae
1764 1108 1832 1140 iam
1852 1121 1891 1140 ex
1911 1108 2107 1145 doloribus,

1122 1164 1249 1197 morte,
1286 1159 1494 1200 pavoribus,
1529 1165 1562 1191 et
1590 1159 1819 1202 intelligentis
1847 1171 2018 1191 summam
2042 1160 2107 1191 do-

1120 1206 1457 1251 ctriuaeEvangelii.
1484 1208 1690 1252 Respondet
1708 1216 1822 1243 autem
1835 1207 2006 1249 Christus,
2028 1216 2108 1242 tan-

1120 1270 1222 1302 quam
1240 1259 1482 1301 pronuncians
1499 1260 1771 1299 absolutionem,
1791 1267 1823 1294 et
1839 1273 1918 1293 eum
1935 1261 2108 1304 recipiens

1119 1309 1155 1340 in
1187 1307 1402 1350 Ecclesiam,
1445 1317 1477 1343 et
1511 1311 1653 1355 quidem
1687 1311 1930 1344 iusiurandum
1956 1312 2106 1344 addens:

1119 1357 1233 1391 Amen
1258 1360 1336 1393 dico
1361 1361 1445 1401 tibi,
1480 1359 1586 1394 hodie
1613 1374 1748 1395 mecum
1771 1362 1839 1395 eris
1865 1363 1899 1394 in
1926 1361 2108 1401 Paradiso,

1119 1410 1152 1442 id
1172 1416 1240 1450 est,
1273 1411 1308 1443 in
1336 1411 1412 1444 loco
1437 1411 1614 1445 Ecclesiae
1640 1414 1779 1452 beatae,
1808 1425 1897 1458 quae
1922 1425 2050 1445 novam
2075 1420 2109 1446 et

1118 1469 1294 1493 aeternam
1328 1462 1465 1504 lucem,
1506 1464 1732 1508 sapientiam,
1775 1464 1949 1498 iusticiam
1977 1470 2009 1497 et
2033 1464 2109 1507 glo-

1117 1512 1205 1545 riam
1223 1510 1340 1548 habet.

1219 1586 1286 1620 Hic
1305 1595 1354 1621 est
1374 1589 1461 1620 ordo
1480 1589 1661 1634 colloquii,
1686 1590 1778 1634 quod
1798 1589 1946 1622 sciamus
1965 1596 2108 1634 propter

1117 1639 1243 1672 multas
1268 1651 1386 1671 causas
1409 1639 1556 1673 recitari.
1612 1639 1792 1684 Principio
1817 1647 1962 1674 testatur
1988 1640 2104 1674 Deum

1117 1701 1255 1722 servare
1288 1688 1500 1730 Ecclesiam,
1542 1697 1573 1724 et
1612 1702 1748 1735 semper
1782 1691 1919 1736 aliquos
1955 1692 2104 1725 excitare

1117 1741 1349 1780 consessores,
1386 1741 1488 1773 etiam
1515 1748 1600 1774 tunc
1626 1754 1705 1774 cum
1734 1740 1849 1775 hostes
1872 1739 2106 1786 triumphant,

1118 1798 1150 1824 et
1176 1798 1297 1834 putant
1325 1792 1473 1824 deletam
1500 1803 1582 1825 esse.
1636 1792 1739 1826 Tunc
1762 1793 1928 1837 dissipata
1947 1800 2018 1826 erat
2035 1792 2106 1827 Ec-

1118 1842 1238 1883 clesia,
1267 1839 1427 1876 Christus
1453 1843 1526 1886 ipse
1549 1844 1679 1887 pendet
1705 1844 1741 1876 in
1765 1856 1865 1877 cruce
1886 1855 1924 1876 ac
1942 1844 2106 1884 moritur,

1119 1900 1229 1925 mater
1253 1893 1349 1925 luctu
1376 1900 1406 1926 et
1432 1895 1608 1927 moesticia
1626 1894 1835 1938 impeditur,
1863 1906 1906 1927 ne
1924 1895 2033 1928 multa
2052 1895 2105 1927 lo-

1118 1951 1263 1988 quatur,
1306 1945 1467 1987 Apostoli
1501 1945 1704 1988 diffugiunt.
1771 1945 1852 1978 Tali
1886 1952 2042 1989 tempore
2066 1945 2104 1978 in

1118 2002 1211 2027 tanta
1229 1995 1457 2038 dissipatione
1476 1995 1652 2039 incipiunt
1671 1996 1873 2029 concionari
1897 1997 1948 2029 sol
1974 2003 2004 2029 et
2028 2008 2105 2029 sco-

1118 2045 1190 2088 puli
1222 2043 1420 2088 hiscentes,
1466 2052 1500 2080 et
1532 2047 1569 2080 fit
1604 2045 1795 2091 Apostolus
1826 2045 1882 2080 hic
1910 2047 2018 2088 latr0,
2061 2049 2104 2081 de

1117 2095 1261 2129 sublimi
1282 2097 1495 2130 concionans
1516 2097 1578 2131 toti
1596 2099 1714 2140 generi
1733 2096 1898 2132 humano.

1219 2172 1402 2213 Secundo,
1430 2174 1614 2207 conversio
1638 2181 1670 2208 et
1693 2174 1838 2207 salvatio
1868 2171 1971 2207 liuius
1996 2175 2104 2207 latro-

1117 2223 1173 2256 nis
1195 2223 1310 2266 imago
1327 2231 1376 2257 est
1401 2225 1643 2258 conversionis
1668 2232 1700 2258 et
1719 2225 1923 2258 salvationis
1946 2225 2104 2268 singulo-

1116 2287 1193 2307 rum
1214 2275 1416 2307 elcctorum.
1468 2275 1548 2309 Non
1574 2283 1672 2319 putes
1697 2283 1728 2308 te
1746 2276 1846 2309 aliter
1864 2276 2101 2318 ingressurum

1117 2338 1188 2358 esse
1212 2326 1318 2358 vitam
1348 2333 1543 2365 aeternam,
1572 2339 1673 2371 quem
1699 2324 1755 2359 hic
1780 2325 1869 2359 latro
1894 2326 2104 2370 ingreditur.

1116 2376 1194 2409 Non
1214 2377 1322 2420 fingas
1338 2383 1371 2410 te
1389 2377 1514 2410 afferre
1530 2377 1654 2410 merita
1673 2378 1714 2410 ad
1735 2376 1868 2418 Deum,
1895 2379 1954 2411 sed
1982 2390 2102 2411 sumus

1117 2428 1166 2460 rei
1192 2428 1263 2461 irae
1285 2427 1368 2467 Dei,
1413 2435 1443 2460 et
1469 2429 1592 2461 mortis
1617 2435 1778 2462 aeternae
1801 2440 1940 2466 omnes,
1982 2436 2018 2462 ut
2046 2427 2102 2462 hic

1116 2479 1223 2520 latro,
1257 2479 1346 2512 sicut
1362 2478 1492 2512 Paulus
1516 2479 1652 2524 inquit,
1680 2478 1820 2513 Roman
1840 2480 1893 2513 3.:
1931 2479 1974 2513 Ut
1999 2492 2103 2512 omne

1115 2541 1154 2562 os
1188 2531 1394 2568 obturetur,
1439 2537 1472 2563 et
1508 2541 1587 2563 reus
1622 2530 1668 2563 sit
1700 2537 1793 2563 totus
1828 2531 1982 2563 mundus
2018 2531 2103 2566 Deo.

1114 2580 1221 2613 Hunc
1248 2582 1419 2613 latronem
1451 2581 1562 2614 menti
1588 2587 1667 2614 tuae
1699 2593 1876 2626 proponas
1908 2582 1944 2613 in
1969 2582 2102 2614 contri-

1115 2632 1230 2671 tione,
1259 2631 1345 2672 fide,
1372 2631 1615 2670 absolutione,
1643 2644 1762 2671 cruce,
1797 2639 1831 2665 et
1855 2633 1958 2665 bonis
1985 2632 2101 2676 operi-

1114 2682 1191 2716 bus.
1246 2680 1382 2716 Harum
1398 2682 1551 2727 partium
1570 2683 1730 2717 omnium
1755 2684 1911 2728 exempla
1937 2681 1995 2716 hic
2021 2694 2103 2727 pro-
