2415 2942
266 101 336 136 183

367 184 540 224 Econtra‚
567 185 626 229 qui
650 182 828 217 Christum
856 182 973 220 novit.
1001 179 1068 214 hoc
1094 188 1163 220 est,
1190 181 1250 225 qui

265 237 384 271 audita
401 248 483 270 voce
496 234 698 278 Evangelii,
723 234 789 266 fide.
805 234 924 265 statuit
944 243 977 264 se
998 239 1140 275 propter
1158 231 1253 266 hunc

268 289 379 321 fitium
404 286 672 330 propiciatorem
699 284 806 326 recipi
830 296 847 315 a
866 282 961 323 Deo,
988 289 1022 316 et
1037 284 1162 316 donari
1184 283 1254 316 vita

269 346 429 377 aeterna,
456 337 483 368 is
511 336 577 367 iam
602 346 681 366 vere
699 335 796 367 novit
814 340 969 377 patrem,
995 330 1062 366 boc
1079 340 1148 374 est,
1175 345 1255 366 vere

272 387 390 421 statuit
419 393 618 430 utrunque,
652 392 685 417 et
708 383 821 417 Deum
855 385 943 417 iuste
974 384 1076 417 irasci
1102 391 1256 430 peccato,

271 439 357 471 adeo
370 463 378 476 ,
404 443 443 469 ut
461 437 557 468 nulla
575 436 642 468 alia
661 433 793 473 hostia,
821 442 1064 479 praeterquam
1084 435 1255 477 unigeniti

272 488 334 520 filii
351 494 480 525 morte,
509 487 635 531 placari
654 486 825 529 potuerit,
853 493 885 519 et
901 497 979 518 vere
996 498 1066 518 esse
1084 486 1256 518 infinitam

273 545 306 572 et
338 537 553 570 ineffabilem
581 537 774 570 bonitatem
808 543 842 570 et
872 537 1147 569 misericordiam
1178 536 1258 580 Dei,

274 590 367 634 qnod
403 588 508 631 gratis
541 595 682 632 propter
714 588 824 620 filium
855 587 1007 620 remittat
1036 594 1192 630 peccata,
1226 593 1259 620 et

274 640 398 672 reddat
424 639 530 671 vitam
553 647 748 677 aeternam·‚
775 638 908 670 meritis
934 638 1019 670 iram
1043 644 1075 670 et
1099 645 1258 672 mortem.

275 689 352 723 Hoc
375 690 515 722 demum
536 696 586 723 est
603 701 682 722 vere
701 689 838 722 novisse
858 689 973 721 Deum
987 713 995 726 ‚
1022 695 1112 721 certa
1132 688 1258 720 fiducia

274 738 538 784 apprehendere
570 740 845 772 misericordiam
871 747 904 772 et
927 739 1139 778 bonitatem,
1171 750 1260 783 quae

275 791 376 833 erigit
400 802 475 830 cor,
504 797 541 823 ut
562 791 697 823 desinat
715 791 833 831 sugere
852 789 984 831 Deum,
1013 801 1074 820 nec
1092 789 1260 821 irascatur

274 840 370 879 Deo,
398 848 429 874 et
454 841 567 874 oderit
593 853 692 878 eum,
721 841 809 873 sicut
835 851 971 872 necesse
995 846 1045 872 est
1062 839 1154 877 fieri,
1182 851 1258 871 cum

275 904 337 936 per
370 892 478 933 legem
513 891 635 933 incipit
668 891 883 923 innotescere
918 889 1027 922 menti
1054 890 1259 932 magnitudo

275 942 405 986 peccati
430 948 463 974 et
483 942 555 974 irae
572 940 657 981 Dei,
684 941 749 973 sub
774 953 840 985 qna
860 940 1111 983 opprimuntur
1130 946 1262 973 mentes

277 992 540 1035 desperatione,
568 998 601 1024 et
623 998 731 1024 ruunt
748 991 783 1023 in
803 998 949 1023 mortem
968 997 1166 1029 aeternam,
1193 991 1261 1022 nisi

276 1049 485 1076 revocentur
508 1054 591 1075 voce
608 1040 813 1084 Evangelii,
840 1053 928 1086 quae
952 1041 1051 1074 iubet
1075 1040 1262 1079 confidere,

277 1093 371 1137 quod
397 1101 490 1126 certo
519 1100 662 1135 propter
685 1093 796 1125 fitium
816 1091 911 1125 Deus
928 1092 1102 1134 ignoscat,
1131 1098 1162 1124 et.
1179 1092 1263 1125 velit

278 1144 414 1176 salvare
447 1144 646 1183 credentes,
681 1142 744 1175 hac
773 1154 856 1175 voce
887 1143 1005 1175 efficax
1035 1148 1086 1175 est
1110 1141 1263 1186 Spiritus

278 1200 418 1227 sanctus
442 1194 479 1226 in
504 1194 740 1228 credentibus.
792 1192 882 1226 Nam
910 1199 1074 1236 concepta
1092 1190 1156 1225 bac
1172 1193 1262 1225 fidn-

278 1245 347 1284 cia,
377 1244 573 1278 liberantur
595 1257 612 1276 a
636 1244 847 1283 terroribus,
876 1251 908 1276 et
924 1244 1037 1276 oritur
1055 1243 1091 1275 in
1109 1243 1156 1276 eis
1173 1255 1261 1276 nova

278 1295 355 1335 lux,
381 1293 648 1338 apprehendens
666 1295 803 1334 Deum,
831 1306 919 1339 quae
941 1301 989 1326 est
1014 1294 1087 1336 ipsa
1109 1293 1262 1326 incoatio

276 1346 369 1378 vitae
392 1353 562 1379 aeternae.
615 1344 698 1378 Ideo
728 1346 771 1377 de
798 1343 860 1377 hac
884 1344 1062 1387 agnitione
1086 1344 1132 1377 ait
1159 1341 1260 1377 Chri-

278 1402 350 1429 stus
368 1394 464 1431 Ioan.
483 1397 558 1430 17.:
587 1394 681 1428 Haec
708 1402 756 1429 est
783 1395 852 1428 vita
881 1402 1039 1432 aeterna,
1074 1402 1109 1427 ut
1134 1406 1264 1436 cogno-

279 1452 377 1479 scant
400 1453 433 1480 te
459 1458 579 1479 verum
601 1445 734 1488 Deum,
760 1453 792 1480 et
817 1443 912 1479 bunc
939 1457 1041 1490 quem
1058 1445 1191 1490 ‚misisti
1211 1444 1264 1478 Ie-

278 1508 355 1530 sum
372 1508 443 1531 esse
461 1494 653 1531 Christum.

314 1579 418 1615 Ηαεε
442 1580 548 1615 verba
574 1579 715 1615 loculus
738 1585 788 1614 est
811 1580 861 1614 eis
886 1580 924 1614 in
945 1576 1230 1628 gazophylacio,

379 1649 494 1693 Supra
520 1649 653 1684 dictum
676 1656 725 1682 est
750 1649 793 1681 de
813 1649 952 1681 insidiis
969 1648 1107 1682 structis
1124 1645 1265 1680 Christo

280 1712 298 1733 a
315 1698 529 1741 Pharisaeis‚
555 1712 642 1745 quae
655 1699 791 1733 tametsi
806 1707 905 1733 erant
921 1700 1122 1738 frustratae,
1149 1705 1264 1731 tamen

280 1763 354 1784 non
383 1751 460 1784 ideo
493 1751 700 1784 desinebant
730 1750 908 1788 insidiari,
949 1749 1151 1793 praesertim
1186 1761 1264 1782 cum

282 1802 349 1834 iam
382 1809 521 1843 augeret
546 1801 776 1841 offensiones,
811 1800 891 1845 quia
919 1801 1030 1843 pergit
1056 1801 1198 1839 docere,
1234 1806 1266 1833 et

281 1852 395 1896 palam
415 1849 818 1885 refutatPharisaeorum
835 1851 1031 1894 opiniones.
1083 1850 1265 1893 Significa-

282 1909 339 1935 tur
363 1903 470 1944 igitur
495 1903 573 1935 illos
598 1903 666 1935 iam
691 1902 800 1944 magis
822 1901 992 1942 irritatos,
1020 1912 1163 1945 prorsus
1180 1913 1264 1934 con-

281 1953 431 1986 stituisse
457 1951 636 1986 Christum
665 1950 901 1996 prehendere,
936 1959 968 1986 et
1000 1953 1042 1985 ad
1077 1949 1167 1984 hanc
1191 1964 1264 1985 rem

281 2004 462 2036 accessisse
493 2004 709 2036 occasionem
745 2015 784 2035 ex
810 1997 1055 2036 commoditate
1081 2002 1169 2042 loci,
1203 2002 1264 2036 ubi

282 2054 382 2087 facile
407 2054 523 2098 potuit
546 2051 736 2097 prehendi,
763 2065 840 2086 cum
866 2054 1005 2086 doceret
1030 2054 1072 2085 ad
1090 2050 1265 2097 gazophy-

282 2104 428 2143 lacium,
457 2105 517 2149 qui
540 2104 657 2145 locus,
685 2111 721 2137 ut
744 2103 864 2136 scribit
890 2100 1075 2147 Iosephus,
1103 2110 1174 2136 erat
1192 2115 1263 2136 non

283 2154 319 2187 in
354 2155 521 2188 interiore
554 2166 614 2188 seu
645 2154 830 2187 sacratiore
856 2154 1007 2197 templo,
1041 2155 1098 2186 sed
1125 2154 1162 2186 in
1189 2153 1263 2196 ipso

284 2205 459 2248 ingressu,
486 2206 551 2239 sub
575 2205 784 2248 porticibus,
810 2216 848 2237 ac
870 2204 995 2237 licebat
1013 2204 1205 2247 promiscue
1223 2204 1265 2236 ab

284 2256 383 2288 omni
415 2256 643 2289 multitudine
673 2255 774 2289 adiri.
832 2253 878 2287 Et
909 2261 1025 2287 tamen
1054 2255 1183 2287 frustra
1215 2262 1264 2288 est

283 2304 553 2339 Pharisaeorum
587 2312 751 2346 conatus,
800 2311 834 2339 et
862 2305 1063 2337 defenditur
1093 2303 1264 2344 Christus,

285 2356 358 2389 sine
382 2356 456 2389 ullo
478 2354 633 2390 hnmano
657 2355 849 2400 praesidio,
876 2367 939 2387 nec
959 2356 1060 2388 datur
1080 2355 1147 2387 illis
1166 2363 1262 2397 pote-

284 2413 353 2440 stas
377 2407 545 2446 nocendi,
574 2420 651 2440 cum
668 2407 804 2445 volunt,
830 2412 862 2439 et
878 2405 1021 2439 additur
1037 2406 1141 2438 ratio:
1171 2406 1263 2448 Quia

284 2458 444 2490 nondum
475 2458 570 2491 venit
596 2455 685 2490 bora
706 2458 796 2496 eius,
828 2468 914 2501 quae
939 2457 1057 2499 docet,
1093 2456 1264 2489 disinitus

282 2507 422 2541 defendi
448 2507 523 2551 pios
550 2508 712 2541 facientes
737 2520 836 2540 sunm
860 2507 1030 2545 officium,
1062 2513 1094 2540 et
1110 2518 1182 2540 esse
1197 2507 1264 2539 mi-

281 2559 408 2591 randas
440 2558 682 2599 liberationes,
716 2559 843 2602 quibus
874 2558 971 2591 irrita
1001 2558 1089 2591 fiunt
1117 2557 1264 2590 consilia

281 2609 583 2649 adversariorum,
615 2616 647 2642 et
675 2609 900 2653 quantumvis
927 2615 1038 2642 certae
1065 2620 1103 2641 ac
1125 2614 1264 2652 paratae

281 2659 448 2698 insidiae,
482 2660 697 2694 frustrantur
724 2667 792 2693 tam
824 2659 905 2699 diu,
943 2659 1027 2694 dum
1057 2657 1152 2693 Deus
1186 2658 1264 2693 vult

846 97 973 132 PlllL.
1000 97 1117 131 MEL.
1146 95 1357 131 SCRtPTA
1381 95 1683 132 EXEGETICA.

2219 98 2290 134 184

1305 182 1382 226 pios
1405 181 1505 224 fungi
1531 194 1593 215 suo
1619 193 1778 216 munere·
1829 181 1928 217 Sicut
1945 183 2155 217 mirabiliter
2172 194 2290 217 serva-

1306 233 1357 266 vit
1373 232 1556 266 Danielem
1574 233 1749 267 obiectum
1763 233 1944 276 leonibus,
1969 242 2002 268 et
2018 234 2133 268 David
2153 234 2292 278 aliquo-

1307 284 1371 317 ties
1393 284 1541 328 eripitur
1565 283 1685 324 Sauli,
1720 291 1887 329 tanquam
1913 297 1952 318 ex
1976 286 2145 318 faucibus.
2197 282 2293 317 Haec

1308 335 1463 378 exempla
1486 334 1695 368 confirment
1717 341 1749 368 et
1770 347 1854 376 nos,
1881 347 1924 368 ne
1942 336 2181 369 deterreamur
2197 341 2293 368 metu

1303 384 1462 418 -hostinm
1479 398 1497 418 a
1515 386 1751 424 confessione,
1778 392 1838 419 aut
1854 385 1932 419 aliis
1947 385 2206 426 certaminibus,
2231 396 2295 418 nec

1310 436 1528 478 defugiamus
1551 436 1677 469 similia
1697 436 1871 480 pericula,
1899 437 1958 469 sed
1978 443 2011 470 et
2026 435 2093 480 ipsi
2108 447 2126 469 a
2142 434 2217 469 Deo
2236 447 2295 468 ex-

1310 494 1487 531 pectemus
1517 487 1774 528 defensionem,
1808 494 1845 520 ut
1867 484 2031 520 Christus
2059 487 2189 519 docens
2222 497 2296 518 non

1312 535 1563 581 prehenditur,
1598 537 1644 570 ita
1674 538 1824 571 sciamus
1849 537 1962 571 Deum
1989 544 2022 571 et
2043 548 2108 570 nos
2132 537 2296 569 defensu-

1311 600 1388 621 rum
1422 599 1493 620 esse
1522 588 1688 622 facientes
1717 588 1890 630 osticium,
1932 589 2044 622 donec
2073 587 2297 621 absolvamus

1312 650 1452 671 cursum
1481 646 1620 672 nostrae
1647 639 1862 680 vocationis,
1894 650 1958 672 nec
1983 648 2201 672 successuros
2225 648 2298 670 esse

1312 696 1456 722 conatus
1485 689 1786 729 adversariorum,
1819 689 1989 734 quamdiu
2012 688 2108 723 Deus
2134 688 2212 722 vult
2232 698 2298 721 nos

1312 739 1411 783 fungi
1430 751 1575 773 munere
1592 740 1796 775 vocationis.

1407 821 1525 856 Dixit
1548 823 1662 869 igilur
1685 823 1812 857 iterum
1837 821 1959 857 Iesus:
1993 820 2080 868 Ego
2103 819 2209 858 vado.

1415 889 1545 924 Tristis
1569 898 1601 924 et
1622 888 1799 924 horrenda
1817 891 2043 924 comminatio
2059 895 2109 923 est
2126 890 2169 922 de
2185 900 2300 938 poena

1315 940 1461 982 neglecti
1479 948 1512 974 et
1527 942 1692 975 contemti
1712 939 1914 985 Evangelii,
1940 941 2059 985 quales
2076 940 2205 974 multae
2222 951 2301 984 pas-

1315 991 1378 1023 sim
1411 991 1587 1034 leguntur.
1639 990 1738 1025 Dixit
1771 993 1813 1025 de
1837 1004 1899 1025 suo
1924 991 2109 1032 beneficio,
2138 988 2300 1024 hortatus

1316 1047 1367 1074 est
1386 1042 1569 1084 populum,
1591 1049 1628 1075 ut
1646 1042 1818 1085 accipiant
1836 1040 1927 1075 hanc
1943 1042 2056 1075 lucem
2069 1069 2079 1082 ‚
2108 1053 2195 1087 quae
2211 1041 2301 1074 libe-

1316 1099 1368 1124 rat
1398 1103 1456 1124 eos
1486 1093 1529 1125 ab
1560 1093 1738 1125 erroribus
1764 1099 1796 1125 et
1819 1099 1931 1126 morte
1956 1099 2114 1130 aeterna,
2144 1099 2176 1126 et
2200 1091 2302 1125 affert

1317 1149 1518 1186 perpetuam
1545 1143 1650 1175 vitam
1678 1150 1708 1175 et
1728 1143 1947 1183 felicitatem,
1973 1143 2138 1185 allegavit
2154 1149 2187 1176 et
2203 1142 2302 1176 testi-

1317 1193 1435 1225 monia
1463 1194 1505 1225 de
1523 1193 1705 1226 vocatione
1722 1199 1754 1225 et
1771 1205 1916 1226 munere
1935 1204 1997 1226 suo
2011 1219 2019 1232 ‚
2047 1193 2141 1237 quod
2159 1193 2201 1226 sit
2216 1192 2302 1224 mis-

1317 1255 1373 1276 sus
1391 1256 1408 1275 a
1427 1250 1543 1287 patre,
1569 1245 1626 1275 sed
1644 1255 1721 1276 cum
1741 1243 1835 1277 videt
1851 1241 1936 1276 haec
1951 1243 2130 1276 contemni
2145 1250 2178 1277 et
2192 1241 2303 1276 rideri

1317 1306 1334 1326 a
1362 1291 1577 1333 Pharisaeis‚
1612 1294 1828 1326 tumentibus
1861 1294 2084 1337 persuasione
2112 1292 2303 1337 sapientiae

1317 1351 1350 1377 et
1367 1344 1542 1381 iusticiae,
1574 1344 1671 1377 addit
1688 1344 1960 1387 praedictionem
1977 1345 2020 1376 de
2036 1343 2176 1387 poenis,
2205 1343 2303 1375 vide-

1318 1394 1464 1433 delicet,
1493 1394 1574 1439 quia
1591 1401 1817 1428 contemnant
1833 1394 2029 1428 doctrinam
2045 1400 2077 1426 et
2093 1393 2303 1427 beneficium

1318 1445 1484 1485 coeleste,
1519 1452 1698 1478 secuturas
1726 1457 1798 1478 esse
1820 1445 1969 1478 maiores
1992 1444 2151 1477 tenebras
2173 1450 2205 1477 et
2228 1442 2302 1476 exi—

1318 1496 1408 1529 tium
1448 1495 1720 1538 sempiternum,
1761 1495 1810 1529 ait
1847 1507 1881 1528 se
1914 1495 2031 1536 abire,
2074 1495 2155 1540 quia
2186 1493 2303 1527 nolint

1318 1547 1432 1590 ipsum
1462 1546 1584 1580 audire
1616 1553 1649 1580 et
1680 1546 1835 1590 accipere
1864 1546 2016 1579 oblatam
2037 1546 2300 1578 liberationem:

1319 1595 1374 1630 hic
1400 1598 1532 1640 primns
1556 1598 1682 1639 gradus
1705 1604 1754 1630 est
1771 1607 1979 1640 poenarum,
2005 1595 2163 1628 amittere
2181 1597 2301 1627 votem

1318 1647 1512 1690 Evangelii,
1541 1659 1629 1691 quae
1647 1658 1715 1680 una
1728 1654 1776 1679 est
1789 1647 1950 1679 salutaris
1963 1653 1995 1679 et
2007 1646 2155 1685 vivifica,
2183 1650 2301 1687 postea

1319 1698 1504 1731 destitutos
1526 1694 1590 1731 hac
1613 1698 1689 1730 luce
1706 1709 1766 1729 seu
1784 1696 1963 1739 agnitione
1975 1694 2128 1736 Christi,
2152 1695 2199 1728 ait
2219 1692 2302 1726 hae-

1320 1759 1419 1782 suros
1456 1760 1527 1781 esse
1564 1748 1600 1780 in
1634 1747 1786 1781 tenebris
1811 1754 1843 1780 et
1871 1746 2068 1786 erroribus,
2111 1751 2144 1779 et
2172 1745 2302 1777 frustra

1319 1799 1537 1844 quaesituros
1566 1798 1859 1838 consolationem,
1894 1804 1926 1831 et
1957 1798 2098 1830 tandem
2123 1802 2302 1828 secuturas

1319 1861 1390 1882 esse
1420 1861 1567 1893 poenas,
1601 1861 1689 1893 qnae
1721 1849 1923 1890 demergant
1954 1847 2046 1890 ipsos
2077 1846 2114 1878 in
2143 1846 2300 1878 exitium.

1319 1898 1417 1933 Nihil
1441 1907 1551 1944 potest
1575 1899 1643 1932 dici
1667 1897 1874 1931 horribilius
1898 1895 1963 1930 hac
1988 1908 2086 1929 voce:
2122 1894 2302 1938 Quaeritis

1319 1963 1392 1990 me,
1428 1957 1461 1983 et
1490 1950 1526 1982 in
1557 1956 1696 1993 peccato
1719 1955 1831 1981 vestro
1856 1947 2068 1982 moriemini.
2120 1945 2302 1989 Significat

1319 2001 1411 2034 enim
1430 2001 1614 2044 praecipue
1632 1997 1697 2032 hoc
1713 2005 1905 2042 peccatum,
1931 1998 2095 2030 videlicet
2110 1996 2301 2039 neglectio-

1318 2063 1396 2083 nem
1416 2049 1599 2093 Evangelii
1625 2057 1656 2083 et
1677 2055 1893 2082 contemtum
1918 2048 2186 2085 beneficiorum,
2211 2057 2299 2091 quae

1318 2102 1417 2135 affert
1441 2101 1532 2134 filius
1548 2101 1637 2141 Dei,
1664 2097 1802 2133 trahere
1824 2111 1940 2132 secum
1965 2098 2163 2131 caecitatem
2187 2104 2220 2131 et
2241 2108 2299 2129 ex-

1318 2158 1468 2185 tremum
1497 2151 1657 2191 exitium,
1690 2151 1778 2184 sicut
1812 2151 1848 2182 in
1879 2146 2065 2192 Prophetis
2091 2147 2300 2182 tristissimis

1318 2203 1432 2235 verbis
1449 2200 1512 2235 hae
1527 2214 1658 2246 poenae
1669 2201 1928 2238 describuntur,
1955 2198 2192 2232 Psalm.109.:
2219 2195 2300 2231 Ob-

1317 2260 1501 2286 scurentur
1517 2253 1609 2286 oculi
1629 2264 1760 2291 eorum,
1786 2263 1829 2284 ne
1848 2251 2000 2289 videant,
2026 2256 2057 2282 et
2074 2249 2183 2282 funde
2194 2259 2300 2292 super

1318 2316 1374 2337 eos
1402 2304 1489 2337 iram
1518 2311 1634 2343 tuam,
1669 2303 1727 2336 fiat
1751 2303 1876 2335 domus
1901 2312 2020 2334 eorum
2047 2301 2203 2340 deserta,
2236 2300 2299 2331 de-

1317 2355 1456 2387 leantur
1484 2355 1527 2387 de
1556 2355 1647 2387 libro
1679 2353 1894 2390 viventium,
1929 2358 1962 2384 et
1991 2361 2069 2383 cum
2098 2350 2198 2383 iustis
2224 2361 2297 2382 non

1317 2406 1523 2438 scribantur.
1576 2403 1622 2439 Et
1639 2403 1848 2447 experientia
1864 2407 2009 2436 testatur
2023 2399 2187 2433 omnibus
2203 2407 2297 2433 aeta-

1317 2456 1407 2488 tibus
1424 2456 1546 2489 iisdem
1564 2454 1678 2489 modis
1694 2455 1857 2498 punitum
1870 2464 1940 2486 esse
1951 2457 2165 2485 contemtum
2177 2448 2297 2484 Evan-

1316 2507 1396 2548 gelii
1419 2513 1570 2540 extrema
1595 2505 1753 2539 vastitate
1776 2512 1808 2538 et
1832 2504 1953 2542 exitio,
1979 2502 2067 2534 sicut
2085 2499 2295 2534 Iudaeorum

1316 2558 1414 2590 furor
1435 2564 1468 2590 et
1485 2557 1674 2600 pertinacia
1693 2563 1813 2589 contra
1829 2552 2008 2588 Christum
2029 2557 2137 2584 totam
2155 2558 2294 2594 gentem

1314 2608 1509 2641 miserrime
1528 2607 1692 2651 perdidit.
1745 2606 1867 2640 Postea
1889 2604 1990 2636 etiam
2005 2603 2043 2635 in
2060 2599 2214 2635 Ecclesia
2231 2614 2294 2635 ne-

1314 2658 1439 2702 glectio
1470 2670 1578 2703 purae
1608 2657 1788 2692 doctrinae
1810 2663 1843 2691 et
1866 2649 2128 2698 εἶδωλομανίαι
2149 2653 2294 2698 punitae
