2415 2942
68 83 143 122 049
245 79 346 116 xul.

80 170 118 204 in
141 166 271 202 securis
287 172 320 200 et
340 164 463 199 otiosis
479 161 663 209 Epicureis
679 168 739 196 aut
754 158 953 194 Pharisaeis
976 160 1068 193 nulli

83 226 164 254 sunt
181 225 348 255 terrores,
376 228 450 249 non
468 223 517 249 est
534 213 667 258 agnitio
684 213 828 257 peccati.
880 211 921 244 In
939 211 1068 244 talibus

79 276 254 316 peccatum
272 275 320 301 est
345 273 546 306 mortuum,
571 265 606 298 id
624 270 692 304 est,
720 275 793 296 non
817 262 1068 307 perterrefacit,

80 333 152 355 non
168 319 337 364 opprimit
353 316 621 351 eos'terroribus
637 321 671 348 et
693 325 798 347 sensu
820 313 1068 353 damnationis,

82 372 164 417 quia
179 383 253 404 non
269 369 428 402 sentiunt
445 380 479 401 se
495 365 649 401 accusari
665 376 683 398 a
700 364 785 406 lege.

183 422 239 455 Ad
257 420 448 453 secundum
469 417 616 462 gradum
634 415 812 459 pertinent
831 413 875 453 ii,
906 413 965 458 qui
985 419 1067 446 sunt

82 473 119 506 in
143 472 233 505 veris
257 471 470 510 terroribus,
495 468 615 513 quales
639 465 887 499 describuntur
904 476 1004 507 saepe
1029 464 1066 496 in

79 522 247 563 Psalmis,
275 521 368 556 Psal.
386 520 460 554 58.:
487 519 568 552 Non
587 523 637 550 est
653 516 784 549 sanitas
802 515 839 547 in
856 527 959 547 carne
978 527 1066 554 mea,

79 586 99 607 a
122 573 209 607 facie
236 573 308 606 irae
330 578 420 607 tuae.
486 568 566 604 Non
590 574 639 601 est
661 579 727 611 pax
751 566 888 599 ossibus
910 566 1012 604 meis,
1047 577 1066 598 a

79 624 165 657 facie
201 630 421 667 peccatorum
457 630 628 654 meorum.
694 616 741 650 Et
775 615 895 649 Esaias
930 616 1065 661 inquit:

80 674 180 709 Sicut
213 675 268 707 leo
294 671 458 707 contrivit
487 670 606 704 omnia
634 678 711 701 ossa
743 678 830 702 mea.
908 666 949 699 ln
975 665 1067 700 lianc

80 725 288 759 sententiam
319 723 406 756 dixit
425 735 432 754 :
473 720 649 753 Veniente
683 718 760 761 lege
796 725 976 762 peccatum
1012 730 1066 750 re-

82 776 167 809 vixit
184 803 192 816 ,
219 776 253 808 id
279 780 346 814 est,
372 773 438 806 fuit
462 772 581 805 efficax
599 771 641 803 ad
660 768 884 802 incutiendos
903 776 1066 812 terrores,

80 834 111 860 et
128 838 265 860 sensnm
283 823 530 858 damnationis.

183 877 238 908 Ad
267 875 409 908 tertium
433 874 582 917 gradum
608 870 806 916 pertinent,
843 871 904 915 qui
933 871 968 903 in
995 877 1067 904 ter-

79 927 220 960 roribus
240 926 435 968 eriguntur.
490 923 613 957 Manet
633 922 727 955 enim
745 920 812 955 hoc
830 928 1007 954 certamen
1031 922 1068 953 in

81 978 169 1022 piis,
195 983 234 1010 ut
251 977 335 1009 fides
351 976 503 1009 luctetur
525 986 603 1007 cum
631 973 840 1016 pavoribus:
877 973 956 1005 ideo
976 972 1068 1004 Pau-

82 1029 137 1061 lus
161 1040 261 1061 suum
287 1026 485 1070 exemplum
511 1024 697 1069 proponit,
726 1030 764 1057 ut
780 1023 980 1056 universam
1000 1022 1068 1055 Ec-
1095 1049 1096 1052 ,

82 1079 223 1113 clesiam
242 1078 283 1110 de
299 1076 366 1110 hoc
383 1087 493 1119 agone
511 1077 644 1109 doceat.

184 1128 340 1171 Quidam
373 1126 511 1170 fingunt
535 1125 686 1159 Paulum
719 1136 792 1157 non
824 1123 922 1168 loqui
950 1123 992 1155 de
1017 1134 1069 1155 se-

84 1181 178 1224 ipso,
206 1180 264 1212 sed
283 1179 325 1211 de
343 1190 489 1222 persona
514 1176 662 1209 alicuius
685 1175 799 1218 impii.
860 1173 956 1207 Haec
980 1174 1068 1206 ima-

84 1230 217 1275 ginatio
242 1236 358 1273 aperte
383 1228 529 1261 refutari
558 1232 672 1270 potest
703 1237 765 1268 per
791 1225 947 1268 exempla
971 1224 1069 1257 Psal-

86 1293 238 1314 morum.
292 1279 328 1314 Si
347 1279 439 1312 enim
464 1277 689 1311 concedimus
707 1275 877 1309 Davidem
901 1276 969 1308 hoc
993 1276 1068 1318 ipso

86 1332 191 1365 modo
215 1332 257 1363 de
282 1342 353 1362 sese
378 1329 496 1373 loqui,
531 1339 594 1361 cur
616 1327 712 1360 idem
739 1338 812 1359 non
837 1327 1069 1358 concedamus

85 1383 128 1415 de
158 1380 291 1414 Paulo?
333 1377 380 1413 Et
410 1380 594 1423 utriusque
620 1377 818 1420 exemplum
848 1376 1068 1420 propositum

86 1439 158 1472 est,
192 1438 231 1464 ut
257 1437 403 1464 testetur
428 1430 492 1462 ista
517 1430 566 1462 sic
593 1428 688 1471 geri,
715 1434 747 1460 et
771 1427 844 1460 fieri
870 1427 1070 1460 incaeteris

86 1483 165 1527 piis.
227 1480 267 1514 In
294 1482 362 1514 fine
388 1481 513 1524 repetit
536 1479 667 1512 Paulus
692 1478 979 1517 translationem,
1014 1478 1070 1510 in-

86 1534 229 1579 quiens,
256 1532 383 1574 Legem
409 1532 518 1575 ipsam
538 1542 612 1562 non
641 1540 713 1562 esse
740 1530 886 1570 malam,
922 1530 980 1561 sed
1004 1541 1071 1561 no-

87 1593 196 1618 strum
216 1590 393 1626 peccatum
407 1610 415 1623 ,
443 1582 537 1626 quod
557 1581 611 1613 lex
627 1580 777 1613 offendit
795 1587 827 1613 et
844 1586 991 1621 accusat,
1020 1587 1070 1612 est

89 1646 189 1668 causa
208 1641 382 1665 terrorum
401 1639 433 1665 et
450 1631 698 1664 damnationis.

191 1683 390 1725 Diligenter
414 1689 530 1715 autem
556 1679 640 1713 haec
667 1679 836 1723 particula
854 1680 1071 1714 observanda

89 1741 157 1776 est,
184 1735 278 1779 quod
303 1734 366 1767 ait:
403 1732 450 1767 Ut
474 1738 650 1776 peccatum
675 1731 733 1763 fiat
760 1731 968 1764 excellenter
991 1744 1071 1775 pec-

89 1793 214 1820 catum.
250 1782 312 1817 Est
331 1790 445 1817 autem
466 1781 550 1816 haec
567 1781 755 1815 sententia:
784 1781 920 1814 Peccati
937 1783 1071 1824 magni-

88 1838 174 1871 tudo
199 1847 272 1868 non
301 1835 456 1867 cernitur
481 1835 524 1866 ab
548 1833 669 1866 otiosis
694 1839 726 1865 et
751 1832 901 1872 securis,
929 1840 966 1866 ut
993 1841 1071 1866 tan—

88 1889 197 1931 tisper
219 1887 303 1919 dum
321 1884 434 1918 David
454 1891 528 1918 erat
545 1884 658 1917 otioso
676 1883 813 1924 animo,
841 1895 913 1915 non
931 1884 1072 1917 videbat

89 1950 192 1984 quam
210 1935 392 1970 horribilis
408 1947 461 1968 res
480 1941 567 1967 esset
591 1941 794 1979 peccatum,
822 1934 903 1979 quia
929 1947 1071 1968 securus

88 1989 226 2023 animus
242 1999 315 2020 non
333 1987 450 2020 statuit
460 1985 573 2019 Deum
592 1997 672 2017 vere
688 1985 789 2018 irasci
808 1992 958 2029 peccato,
974 1999 1071 2019 cum-
1096 2017 1097 2023 ,

90 2052 157 2084 que
175 2039 332 2071 nondum
352 2037 478 2070 sentiat
495 2037 582 2069 iram
598 2034 682 2075 Dei,
705 2048 777 2069 non
798 2036 890 2070 videt
915 2037 949 2069 id
975 2038 1068 2082 quod
1096 2059 1097 2071 ι

90 2089 315 2133 praecipuum
342 2095 391 2121 est
413 2088 450 2120 in
476 2094 636 2131 peccato,
670 2087 803 2120 scilicet
825 2094 977 2129 reatum,
1004 2086 1071 2121 hoc

91 2147 162 2183 est,
206 2139 299 2184 quod
333 2137 427 2171 Deus
461 2150 542 2170 vere
574 2138 744 2171 irascatur
775 2145 925 2182 peccato.

92 2342 170 2377 Dei.

93 2401 286 2437 peccatum,
311 2400 342 2425 et
370 2393 405 2425 fit
430 2392 531 2424 valde
550 2404 699 2429 nocens,
722 2403 782 2425 seu
800 2393 982 2434 vitiosum,
1009 2405 1069 2427 seu

90 2456 187 2477 reum
199 2471 206 2484 ,
232 2450 264 2477 et
281 2444 392 2476 adfert
410 2443 683 2476 damnationem.

381 2522 467 2559 Lex
481 2524 694 2573 spiritualis
710 2529 772 2561 est.

190 2592 303 2627 Diluit
331 2594 469 2628 tacitam
501 2595 747 2630 obiectionem.
802 2594 944 2630 Poterat
976 2597 1070 2630 enim

91 2645 216 2687 obiici,
245 2643 340 2687 Quid
363 2645 523 2679 videatur
542 2646 586 2679 de
603 2646 694 2688 illis,
722 2646 783 2692 qui
802 2646 869 2690 legi
888 2647 1072 2691 obediunt,

396 80 432 117 2.
467 75 829 114 COMMENTARII
858 74 909 111 IN
935 74 1090 113 EPIST.
1117 73 1265 111 PAULI
1291 73 1359 110 AD
1386 73 1648 111 ROMANOS.
1702 72 1807 113 CAP,
1834 72 1916 110 VII.

1001 2138 1069 2173 Sed
1095 2147 1097 2161 ²

90 2192 233 2235 quando
269 2195 502 2232 expavescunt
541 2189 665 2229 corda,
707 2188 757 2222 ibi
791 2201 870 2222 vere
902 2197 1097 2226 statuunt„
1423 2227 1462 2234 ..
1521 2228 1528 2235 .
1881 2230 1888 2236 .
1922 2230 1929 2236 ⁵

91 2242 204 2276 Deum
230 2241 348 2280 irasci,
378 2246 461 2272 tunc
487 2239 607 2272 vident
632 2239 666 2271 id
689 2240 783 2283 quod
811 2247 860 2273 est
886 2241 1069 2284 proprium
1095 2232 1097 2277 j
1122 2226 1188 2258 bus
1213 2226 1329 2259 velum
1356 2226 1482 2267 Mmsn,
1519 2229 1553 2260 1d
1582 2235 1650 2267 est,
1685 2229 1806 2261 falsam
1832 2241 2036 2273 opnnonem
2064 2232 2107 2264 de

93 2300 126 2326 et
143 2291 371 2336 praecipuum
396 2290 545 2334 peccati,
580 2289 742 2323 videlicet
766 2298 899 2324 reatum
926 2299 958 2325 et
983 2292 1069 2324 iram
1095 2315 1097 2321 s

223 2342 315 2385 Ergo
341 2348 425 2374 tunc
454 2347 632 2384 peccatum
657 2341 872 2384 conspicitur
895 2354 967 2375 esse
992 2355 1070 2375 vere
1095 2360 1097 2386 ς

2033 71 2108 106 650

1121 158 1254 203 Quales
1277 166 1359 194 sunt
1384 173 1457 194 non
1492 160 1598 194 modo
1623 158 1846 206 hypocritae,
1880 171 2033 206 quorum
2057 166 2108 194 est

1120 211 1297 255 inculpata
1316 212 1408 252 vita,
1434 213 1492 245 sed
1511 212 1615 245 etiam
1633 212 1761 251 sancti,
1786 218 1824 245 ut
1840 209 1973 251 Esaias,
2002 210 2107 244 loan-

1120 273 1181 294 nes
1199 261 1355 305 Baptista
1373 269 1437 296 etc.
1490 261 1542 296 De
1566 261 1621 295 his
1645 263 1842 307 quaeritur,
1869 274 1913 295 an
1937 274 2010 295 non
2037 262 2108 295 siut

1121 312 1195 353 lege
1221 312 1328 346 iusti?
1361 311 1419 346 An
1442 313 1495 345 lex
1520 325 1593 346 non
1621 314 1731 357 prosit
1757 315 1804 347 eis
1820 314 1862 347 ad
1883 314 2011 354 vitam,
2040 310 2108 345 hoc

1121 368 1191 402 est,
1234 364 1275 395 ad
1310 363 1553 395 remissionem
1589 371 1810 406 peccatorum
1837 371 1869 398 et
1900 363 2109 397 vivificatio-

1120 412 1227 444 nem?
1262 412 1329 445 Hic
1347 413 1478 446 Paulus
1501 415 1705 457 respondet:
1737 415 1811 447 lmo
1836 415 1953 459 inquit
1977 415 2031 447 lex
2058 421 2109 447 est

1121 463 1326 506 spiritualis,
1344 475 1405 506 ego
1425 472 1538 497 autem
1557 465 1716 504 carnalis,
1733 466 1831 509 quasi
1849 467 1957 499 dicat:
1987 465 2108 510 Neque

1120 525 1200 556 ego,
1228 526 1342 558 neque
1360 515 1545 559 quisquam
1568 515 1634 557 legi
1654 516 1838 556 satisfacit,
1867 515 1960 558 Quia
1980 516 2033 548 lex
2059 522 2109 549 est

1120 565 1333 608 spiritualis,
1366 565 1401 597 id
1429 573 1496 606 est,
1524 567 1708 610 requirens
1728 567 1946 610 spiritualem
1973 573 2005 599 et
2029 578 2109 610 per-

1119 616 1244 648 sectam
1269 616 1525 657 obedientiam,
1561 629 1666 662 quam
1695 629 1767 649 uon
1800 623 1951 661 praestat
1982 623 2108 650 natura

1121 667 1282 701 carnalis,

1229 733 1361 779 Estque
1395 735 1583 777 diligenter
1623 733 1689 768 hoc
1726 736 1802 768 loco
1836 735 2110 776 observandum,

1122 785 1207 830 quid
1233 793 1331 818 vocet
1364 785 1557 829 spirituale.
1625 784 1788 830 Opponit
1822 787 1915 820 enim
1947 786 2110 831 politicae

1122 848 1183 869 seu
1210 843 1372 869 externae
1399 836 1628 879 disciplinae,
1670 850 1759 882 quae
1789 845 1934 872 vocatur
1959 837 2109 871 carnalis

1122 887 1308 930 disciplina
1341 895 1373 921 et
1396 887 1554 927 iusticia,
1596 888 1696 932 quasi
1722 889 1830 923 dicat:
1867 889 1939 922 Lex
1964 900 2038 921 non
2061 894 2111 921 est

1123 945 1260 971 tantum
1284 939 1444 971 doctrina
1469 939 1630 982 politica,
1657 940 1692 972 id
1721 946 1790 980 est,
1815 940 1872 973 cui
1896 946 2037 973 externa
2054 939 2110 971 di·

1123 989 1269 1032 sciplina
1295 989 1492 1022 satisfacere
1516 990 1636 1034 possit.
1685 989 1754 1023 Sed
1772 991 1919 1035 requirit
1943 990 2110 1035 spiritua-

1123 1040 1190 1071 lem
1209 1040 1468 1080 obedientiam,
1497 1041 1530 1073 id
1551 1048 1618 1079 est,
1647 1041 1845 1084 spirituales
1862 1048 1998 1083 motus,
2026 1041 2110 1074 illu-

1123 1096 1230 1122 strem
1254 1091 1469 1133 agnitionem
1488 1091 1572 1132 Dei,
1606 1092 1787 1131 timorem,
1808 1092 1991 1132 fiduciam,
2019 1092 2110 1124 dile-

1123 1141 1275 1173 ctionem
1299 1141 1384 1181 Dei,
1412 1149 1444 1175 et
1478 1142 1565 1174 alios
1588 1150 1703 1175 motus
1734 1144 1810 1186 pios
1841 1144 2004 1177 ardentes
2035 1143 2110 1175 sine

1123 1192 1418 1237 concupiscentia.
1472 1192 1565 1235 Quia
1591 1205 1672 1225 vero
1701 1205 1761 1226 cor
1788 1191 1945 1227 hominis
1968 1206 2040 1226 non
2060 1199 2111 1226 est

1123 1243 1209 1282 tale,
1238 1243 1318 1275 ideo
1338 1243 1390 1275 lex
1410 1249 1458 1275 est
1477 1243 1710 1276 ministerium
1730 1246 1903 1279 damnans
1920 1251 2111 1290 peccatum,

1123 1300 1156 1326 et
1172 1305 1252 1326 vere
1269 1294 1556 1336 perterrefaciens
1573 1296 1690 1330 corda.

1223 1359 1349 1394 Aliena
1367 1369 1417 1395 est
1436 1362 1542 1404 igitur
1557 1360 1684 1396 abhoc
1705 1363 1796 1396 dicto
1816 1362 1917 1396 Pauli
1938 1364 2110 1407 interpre-

1123 1411 1208 1445 tatio
1227 1410 1413 1455 Origenis,
1441 1421 1473 1446 et
1491 1413 1679 1454 similium,
1707 1415 1767 1458 qui
1788 1414 1969 1458 spirituale
1986 1421 2110 1458 putant

1124 1463 1319 1505 significare
1355 1464 1447 1496 idem
1482 1466 1577 1508 quod
1606 1466 1847 1507 allegoricum.
1921 1464 1967 1499 Et
1990 1472 2109 1510 postea

1123 1521 1231 1547 totam
1252 1514 1363 1557 legem
1381 1521 1517 1547 tantum
1534 1515 1736 1558 intelligunt
1757 1528 1828 1548 esse
1847 1517 2044 1550 doctrinam
2063 1517 2109 1550 de

1125 1565 1277 1597 externis
1303 1565 1480 1604 moribus,
1519 1572 1551 1598 et
1576 1573 1700 1609 putant
1724 1578 1823 1610 posse
1849 1567 1915 1609 legi
1938 1567 2110 1601 satisfieri.

1124 1615 1193 1648 Sed
1215 1627 1279 1647 nos
1295 1613 1487 1648 antithesin
1508 1623 1708 1660 teneamus,
1736 1618 1829 1662 quod
1847 1618 2027 1661 spirituale
2045 1631 2110 1662 op-

1125 1672 1231 1709 ponat
1247 1672 1407 1698 externae
1427 1667 1644 1710 discipliuae‚
1673 1681 1761 1712 quae
1778 1676 1827 1701 est
1842 1669 1991 1702 carnalis
2008 1670 2110 1703 iusti-

1124 1717 1201 1756 cia,
1244 1729 1317 1749 non
1343 1717 1562 1761 spiritualis:
1610 1719 1691 1763 quia
1726 1719 1908 1763 spirituale
1938 1721 2109 1763 significat

1125 1774 1240 1800 motus
1265 1776 1404 1810 agentes
1426 1781 1504 1801 cum
1530 1767 1616 1802 Deo.
1676 1770 1772 1803 Haec
1796 1770 1905 1813 igitur
1925 1769 2110 1805 antithesis

1125 1818 1275 1851 multum
1300 1819 1387 1851 lucis
1410 1820 1529 1859 addit,
1558 1833 1636 1853 cum
1654 1821 1942 1865 interpretamur,
1970 1821 2041 1855 Lex
2059 1830 2110 1857 est

1125 1869 1337 1912 spiritualis,
1364 1871 1399 1902 id
1425 1877 1493 1910 est,
1528 1883 1599 1904 non
1626 1878 1761 1905 tantum
1786 1872 1946 1916 politica,
1975 1874 2034 1906 sed
2053 1886 2108 1907 re-

1096 1929 1098 1940 >
1124 1920 1267 1964 quirens
1285 1921 1502 1964 spiritualem
1521 1929 1553 1956 et
1570 1923 1757 1966 perfectam
1775 1924 2024 1958 obedientiam.
2063 1924 2110 1959 Et

1124 1971 1359 2004 ministerium
1388 1984 1460 2005 non
1487 1979 1603 2006 tamen
1621 1981 1822 2013 externum,
1851 1977 1908 2007 sed
1927 1988 1996 2019 quo
2013 1975 2108 2009 Deus

1124 2022 1256 2055 iudicat
1275 2029 1307 2056 et
1326 2024 1468 2056 damnat
1485 2031 1621 2067 peccata
1635 2051 1642 2065 ,
1670 2032 1703 2059 et
1727 2026 1965 2069 perterrefacit
1990 2028 2107 2061 corda.

1122 2071 1234 2105 Porro
1262 2074 1323 2106 etsi
1349 2074 1438 2107 ratio
1466 2072 1619 2109 humana
1645 2083 1782 2110 tantum
1807 2077 1972 2120 intelligit
1995 2078 2106 2120 legem

1122 2124 1164 2156 de
1184 2124 1334 2167 politicis
1352 2125 1529 2165 moribus,
1556 2133 1672 2159 tamen
1689 2127 1920 2171 Evangelium
1947 2129 1983 2160 in
2008 2141 2108 2172 prae-

1122 2175 1298 2208 dicatione
1323 2175 1578 2219 poenitentiae,
1618 2176 1771 2212 detrahit
1803 2176 1966 2211 humanis
1992 2180 2108 2212 cordi-

1123 2277 1216 2318 lege,
1245 2284 1279 2310 et
1301 2278 1414 2320 arguit
1435 2278 1544 2321 ipsam
1563 2279 1735 2312 iusticiam
1760 2280 1863 2321 legis,
1891 2281 1924 2312 id
1946 2288 2014 2322 est,
2048 2293 2107 2314 ex-

1122 2334 1219 2359 terna
1242 2328 1377 2361 iusticia
1394 2341 1466 2361 non
1485 2330 1642 2362 satisfieri
1661 2331 1738 2373 legi.
1775 2330 1820 2363 Et
1837 2338 1993 2372 testatur,
2011 2334 2106 2378 quod

1123 2378 1176 2410 lex
1193 2380 1350 2423 requirat
1367 2380 1553 2424 perfectam
1572 2381 1808 2415 obedientiam
1827 2388 1889 2416 etc.

1224 2446 1362 2480 Deinde
1384 2447 1514 2480 Paulus
1544 2448 1696 2482 declarat
1724 2449 1919 2483 institutam
1945 2452 2106 2495 proposi-

1122 2497 1272 2530 tionem:
1297 2497 1370 2531 Lex
1388 2505 1439 2532 est
1462 2499 1676 2542 spiritualis,
1703 2498 1780 2543 Ego
1799 2508 1913 2533 autem
1934 2513 2009 2535 sum
2030 2515 2106 2536 car-

1121 2548 1231 2589 nalis,
1268 2560 1346 2581 cum
1369 2556 1619 2583 commemorat
1642 2561 1677 2583 se
1708 2563 1781 2584 non
1807 2551 2004 2586 satisfacere
2027 2553 2106 2597 legi,

1122 2600 1181 2631 sed
1205 2597 1334 2632 habere
1358 2599 1395 2632 in
1421 2611 1524 2633 carne
1547 2600 1699 2645 impetus
1724 2610 1920 2646 pugnantes
1936 2615 2014 2637 cum
2031 2604 2105 2648 lege

1120 2648 1203 2684 Dei:
1232 2650 1330 2684 addit
1345 2650 1449 2684 etiam
1466 2651 1758 2696 declarationem,
1786 2654 1873 2699 quid
1892 2654 1974 2688 velit
1998 2654 2104 2690 intel-
