2415 2942
120 76 197 113 717
286 73 387 111 XIII.

438 75 474 110 2.
510 71 875 109 COMMENTARII
903 72 955 109 IN
980 71 1134 111 EPIST.
1160 69 1310 108 PAULI
1336 70 1402 109 AD
1429 71 1694 112 ROMANOS.
1746 74 1853 114 CAP.
1880 77 1982 115 XIII.

2078 79 2150 116 718

120 162 188 207 ipsi
207 163 314 196 iustas
331 161 423 204 leges
442 161 615 201 condant,
652 171 732 203 ergo
748 160 825 194 vult
848 159 951 194 etiam
974 172 1039 193 nos
1064 161 1106 194 il-
1130 171 1134 208 J
1159 159 1263 204 petit:
1289 159 1336 195 Ut
1353 168 1533 196 teneamus
1550 169 1679 197 certam
1701 164 1917 208 doctrinam,
1935 178 2024 212 quae
2044 179 2150 212 opera

118 214 163 247 lis
180 214 314 258 legibus
336 212 512 247 subiectos
535 223 618 247 esse.

118 265 171 299 dit
187 273 320 299 certum
335 265 503 305 verbum,
529 274 592 296 nec
611 262 686 296 vult
703 274 767 295 nos
791 262 938 309 insuper
960 274 1032 295 esse
1055 263 1105 295 le-

117 317 316 359 gislatores,
351 322 411 349 aut
429 314 514 347 alias
532 314 622 357 leges
641 314 790 352 addere,
823 310 919 356 Ergo
943 313 1104 358 requirit,

672 211 743 246 Sed
766 210 971 245 Pastoribus
996 212 1106 245 tradi-
1129 220 1131 228 ¹

1159 210 1230 244 sint
1261 214 1464 247 necessaria.
1531 213 1677 249 Necesse
1708 223 1758 250 est
1790 217 1884 250 enim
1919 218 2150 252 conscientias

1157 257 1287 295 habere
1311 265 1457 298 verbum
1483 272 1634 307 certum,
1668 267 1771 300 etiam
1795 270 1839 302 de
1861 269 2046 313 operibus,
2078 282 2148 315 quo

1157 319 1343 354 regantur,
1371 327 1415 347 ne
1434 315 1564 358 fingant
1584 317 1698 350 cultus
1714 318 1789 352 sine
1806 321 1972 354 mandato
1986 320 2073 360 Dei,
2104 323 2148 354 de

116 375 155 400 ut
176 368 228 400 illi
248 367 355 399 verbo
373 365 502 399 tradito
521 365 630 397 simus
646 363 811 404 subiecti,
838 376 911 396 non
930 365 1032 397 novis
1054 365 1104 397 le-
1127 378 1129 405 ς
1157 363 1286 407 quibus
1304 365 1421 408 inquit
1437 364 1612 400 Christus:
1649 367 1793 403 Frustra
1819 371 1941 406 colunt
1964 384 2018 406 me
2045 385 2147 406 man—

116 419 187 462 gib.
204 430 290 464 quas
306 417 372 462 ipsi
390 418 533 460 insuper
550 415 702 448 addituri
719 420 813 449 sunt.

868 413 918 448 Ita
935 415 1102 448 differeu-
1127 407 1130 449 l
1157 414 1250 447 datis
1270 411 1470 449 hominum.

117 470 163 502 tia
183 477 391 513 potestatum
408 467 541 512 aliquid
560 466 648 499 lucis
666 466 765 498 addit
782 462 864 498 huic
888 467 1100 511 quaestioni.
1126 453 1130 526 l

1259 464 1360 499 Hanc
1377 467 1585 501 sententiam
1604 469 1814 515 detorquent
1831 475 1997 507 nonnulli
2022 482 2145 509 contra

115 519 183 554 Sed
202 529 317 553 tamen
336 519 443 553 tutius
459 525 509 551 est
527 517 592 549 niti
608 517 714 550 altera
740 516 896 555 ratione,
928 518 1100 558 videlicet,
1126 529 1128 555 ι
1155 514 1353 549 doctrinam
1379 519 1422 551 de
1448 518 1535 559 fide,
1571 521 1652 565 quia
1678 519 1735 554 hic
1754 522 1885 557 Paulus
1911 525 2046 570 inquit,
2080 525 2146 559 Di-

115 573 210 615 quod
237 571 395 604 doctrina
421 568 610 612 apostolica
638 567 807 611 postulet,
843 574 881 600 ut
908 569 1100 601 sentiamus

112 622 340 655 violationem
373 621 488 663 legum
519 618 675 651 civilium
709 630 781 652 esse
804 619 952 652 mortale
979 632 1099 663 pecca-

111 677 200 708 tum.
252 670 405 706 Econtra
429 682 511 703 vero
536 669 762 702 violationem
788 669 1097 704 ecclesiasticarum

111 723 361 763 traditionum,
375 728 470 755 extra
486 731 603 754 casum
622 720 779 754 scandali
795 728 828 755 et
845 722 1097 762 contumaciae,

110 785 184 807 non
203 787 274 807 esse
292 780 471 821 peccatum
489 771 648 805 mortale.

212 824 324 858 Antea
351 823 438 857 dixit
462 823 498 855 in
520 834 645 864 genere
670 822 713 855 de
737 822 960 865 obedientia,
1001 836 1095 857 nunc
1122 852 1124 858 .

1125 557 1128 605 l
1153 565 1303 600 lectione
1320 568 1428 612 legem
1447 569 1598 613 impleri,

1651 570 1752 605 Unde
1770 574 1817 606 sic
1835 584 2144 618 argumentantur:

1152 616 1316 662 Impletio
1335 619 1420 662 legis
1446 620 1626 655 iustificat:
1661 622 1812 657 Dilectio
1838 634 1888 660 est
1913 627 2071 671 impletio
2094 629 2144 661 le-

1152 668 1222 711 gis,
1250 667 1345 712 Ergo
1372 671 1513 704 dilectio
1543 673 1717 708 iustificat.
1772 675 1985 720 Respondeo
2010 680 2144 712 brevis-

1152 719 1239 753 sime
1259 721 1302 753 ad
1318 721 1509 755 minorem:
1542 723 1666 758 Minor
1682 732 1732 760 est
1751 739 1829 760 vera
1848 729 1890 761 de
1916 730 2066 772 perfecta
2088 730 2143 763 di-

1154 771 1325 813 lectione,
1365 775 1422 806 sed
1447 786 1520 806 non
1543 776 1585 808 de
1610 777 1688 815 tali,
1731 779 1868 822 qualem
1895 781 1960 812 ulli
1983 779 2144 815 homines

1151 829 1338 865 praestant.
1400 824 1531 858 Paulus
1563 834 1655 860 recte
1690 835 1722 862 et
1756 831 1898 873 proprie
1918 831 2077 876 loquitur
2100 834 2143 866 de

107 875 269 909 nominat
303 876 339 908 in
371 874 484 919 specie
507 875 678 918 quaedam
705 874 838 913 officia,
874 887 913 908 ac
941 876 1093 919 primum
1121 867 1124 899 l
1151 873 1227 906 idea
1258 886 1316 906 seu
1334 876 1376 907 de
1392 877 1522 919 specie,
1557 879 1651 922 quod
1676 880 1819 914 dilectio
1847 882 1991 926 impleat
2017 883 2140 927 legem,

105 926 257 966 tributa,
293 938 362 970 quo
387 925 532 958 nomine
560 925 805 968 complectitur
829 928 968 967 omnia,
1005 939 1094 971 quae
1120 916 1123 936 ¹
1149 924 1183 956 id
1212 932 1280 965 est,
1314 926 1357 958 sit
1381 924 1446 959 boc
1473 928 1606 970 ipsum,
1640 932 1733 974 quod
1765 932 1819 965 lex
1851 934 2010 978 requirit.
2070 934 2141 969 Sed

106 977 279 1009 debentur
312 976 571 1019 magistratibus
602 978 641 1008 ad
668 977 908 1009 defensionem
936 978 1093 1021 discipli-
1120 974 1122 1007 l
1149 971 1233 1009 binc
1250 988 1320 1009 non
1339 978 1497 1022 sequitur
1516 987 1633 1012 nostra
1654 982 1842 1016 dilectione
1860 985 1969 1028 legem
1988 985 2139 1030 impleri,

105 1039 170 1060 nae
186 1036 218 1062 et
233 1027 344 1071 pacis,
372 1028 501 1060 scilicet
519 1039 661 1070 oper-ts,
688 1027 873 1068 militiam,
905 1029 1090 1071 stipendia.
1120 1048 1121 1057 η
1149 1027 1229 1071 quia
1248 1036 1365 1060 nostra
1385 1030 1525 1063 dilectio
1555 1039 1603 1064 est
1628 1032 1811 1068 immunda
1835 1042 1867 1069 et
1893 1037 2017 1080 procul
2041 1038 2139 1072 abest

103 1075 236 1123 Estque
254 1079 379 1111 iterum
397 1078 542 1121 repetita
563 1079 636 1110 lans
652 1078 777 1118 officii,
804 1079 885 1123 quia
902 1087 1000 1113 vocat
1026 1081 1093 1112 mi-
1118 1060 1121 1102 l
1147 1089 1164 1110 a
1182 1079 1409 1122 perfectione.

102 1129 232 1162 nistros
256 1128 332 1163 Dei.
395 1128 561 1162 Testatur
594 1129 703 1171 igitur
731 1130 950 1164 functionem
981 1132 1091 1174 magi-
1247 1128 1338 1163 Cum
1361 1131 1466 1174 igitur
1491 1144 1594 1165 nemo
1618 1134 1725 1177 possit
1752 1145 1926 1180 praestare
1950 1140 2136 1183 perfectam

102 1187 230 1213 stratus
247 1193 320 1214 esse
336 1181 467 1213 bonum
486 1191 591 1223 opus,
624 1180 706 1225 quia
722 1181 885 1214 diabolus
910 1189 960 1215 est
981 1180 1091 1215 hostis
1118 1208 1119 1219 ¹
1145 1179 1369 1213 dilectionem
1387 1190 1445 1214 aut
1463 1183 1724 1226 impletionem,
1761 1200 1848 1231 opus
1865 1198 1914 1223 est
1940 1192 2042 1223 nobis
2068 1192 2136 1225 alia

101 1230 185 1271 Dei,
220 1243 292 1264 non
311 1237 360 1264 est
376 1231 556 1271 minister,
591 1239 622 1264 et
647 1238 781 1274 peccata
806 1244 876 1265 non
904 1240 984 1266 suut
1009 1234 1089 1266 fnu—
1118 1224 1119 1237 ¹
1146 1230 1300 1272 iusticia,
1345 1233 1508 1266 videlicet
1534 1234 1600 1267 lide
1629 1236 1914 1280 apprehendente
1937 1242 2136 1275 misericor-

101 1283 188 1318 ctio,
216 1294 282 1327 qua
301 1281 374 1315 Deo
398 1282 639 1322 ministratur,
675 1283 732 1314 sed
760 1282 947 1316 offendunt
965 1282 1090 1324 Deum,
1115 1272 1119 1336 Ι
1145 1282 1237 1313 diam
1270 1284 1476 1326 promissam
1513 1294 1655 1329 propter
1679 1287 1873 1326 Christum.
1933 1291 2028 1324 Haec
2050 1294 2136 1326 fides

100 1339 132 1365 et
159 1332 329 1375 dissipant
351 1333 567 1372 functiones,
602 1333 729 1377 quibus
754 1331 828 1366 Deo
857 1335 1086 1368 minigu-„uffi
1115 1337 1118 1362 t
1144 1339 1193 1364 est
1226 1332 1383 1376 impletio
1415 1335 1519 1377 legis,
1557 1338 1687 1371 scilicet
1722 1341 1946 1384 imputative,
1980 1341 2044 1376 lioc
2074 1353 2135 1386 est,

98 1381 226 1428 Fitque
250 1381 316 1417 hoc
339 1391 584 1426 argumentum
612 1384 802 1424 illustrius,
843 1397 922 1418 cum
946 1387 1090 1420 additur
1142 1380 1334 1418 Credentes
1360 1395 1569 1430 reputantur
1594 1389 1695 1431 insti,
1733 1393 1880 1436 perinde
1907 1406 1946 1427 ac
1970 1395 1999 1427 si
2023 1396 2134 1439 legem

97 1434 359 1468 circumstantia
390 1446 494 1478 supra
527 1435 661 1479 posita,
702 1435 883 1473 videlicet,
920 1438 1013 1481 quod
1043 1438 1086 1471 sit
1142 1433 1354 1478 implessent.
1424 1436 1561 1471 Deinde
1589 1442 1739 1475 addatur
1770 1444 1874 1477 etiam
1908 1443 1995 1491 hoc,
2037 1448 2133 1492 quod

96 1486 334 1519 ministerium
368 1485 540 1519 divinitus
571 1486 787 1519 ordinatum.
851 1486 1084 1521 Manifestum
1114 1516 1115 1533 ¹
1141 1486 1224 1518 fides
1252 1488 1367 1522 inruet
1392 1488 1633 1532 impletionem
1658 1493 1744 1537 legis
1769 1495 1804 1527 iu
1830 1496 1951 1537 nobis,
1992 1504 2025 1531 et
2047 1495 2133 1532 haec

97 1543 148 1569 est
164 1537 277 1577 enim,
301 1543 482 1581 peccatum
500 1549 571 1569 non
590 1549 662 1569 esse
681 1549 753 1569 rem
772 1538 971 1572 ordinatam
995 1540 1085 1571 divi-
1113 1540 1115 1580 ξ
1141 1537 1294 1571 incoatio
1316 1539 1426 1582 placet
1444 1548 1649 1584 propterea,
1685 1545 1765 1589 quia
1784 1558 1904 1579 sumus
1922 1548 1957 1580 in
1977 1547 2132 1585 Christo.

96 1587 213 1627 nitus,
248 1589 305 1620 sed
325 1588 442 1631 potius
463 1587 727 1631 dissipationem
754 1589 989 1623 ordinationis
1008 1589 1085 1627 Dei.

199 1636 329 1671 Addita
346 1644 396 1670 est
413 1638 516 1670 etiam
536 1636 592 1671 bic
611 1638 781 1682 particula
801 1639 949 1682 insignis
967 1641 1009 1674 de
1030 1641 1084 1673 di-

96 1687 258 1729 ligentia,
295 1701 383 1733 quae
407 1688 598 1733 requiritur
625 1689 658 1721 in
692 1690 962 1731 magistratibus.
1022 1693 1084 1725 Ait

95 1739 189 1771 enim
208 1739 353 1772 Paulus:
378 1740 432 1772 Ad
453 1737 516 1772 hoc
533 1747 615 1772 sunt
633 1740 782 1778 assidui,
810 1741 844 1772 id
864 1748 933 1782 est,
959 1743 999 1775 ad
1017 1743 1084 1775 mi·-
1110 1736 1112 1762 ξ’

92 1790 278 1823 misterium
302 1791 393 1830 Dei,
436 1788 501 1823 hoc
525 1798 589 1832 est,
622 1792 664 1824 ad
692 1792 979 1834 propagationem
1005 1794 1077 1826 veri

92 1841 223 1879 cultus,
266 1848 299 1875 et
328 1842 370 1874 ad
400 1841 641 1874 defensionem
669 1842 876 1886 disciplinae
907 1851 939 1877 et
972 1845 1077 1888 pacis,

91 1904 181 1936 qnae
210 1899 292 1925 sunt
324 1892 491 1925 beneficia
526 1893 658 1928 divina.
725 1891 772 1927 Et
802 1894 989 1928 assiduitas
1031 1904 1082 1930 est

90 1954 215 1985 magna
250 1943 399 1977 intentio
436 1943 565 1982 animi,
609 1956 681 1976 nou
713 1945 924 1979 remittentis
949 1959 1081 1987 curam,

89 1993 308 2035 vigilantiam
343 2001 376 2027 et
412 1994 589 2038 laborem,
633 1996 722 2028 sicut
762 1996 984 2030 verissimum
1019 2005 1081 2039 est,

90 2043 239 2087 imperia
271 2056 343 2077 esse
375 2057 485 2083 onuS,
519 2047 574 2078 cui
607 2047 704 2080 nulla
730 2043 884 2081 bumana
908 2049 1077 2091 sapientia

87 2107 152 2137 par
183 2107 254 2128 esse
279 2102 402 2139 potest.
463 2094 508 2129 Et
532 2103 648 2129 tamen
680 2098 874 2142 requiritur
895 2101 1078 2143 magistra-

87 2152 187 2178 tuum
219 2147 420 2189 diligentia,
463 2159 567 2191 quam
602 2145 659 2181 bic
691 2157 792 2184 vocat
820 2151 1105 2194 assiduitatem,¹

84 2208 174 2240 quae
188 2196 263 2231 Deo
282 2198 424 2231 iuvante
443 2205 490 2231 est
508 2199 696 2234 fortunata.

186 2247 324 2282 Deinde
341 2249 437 2282 addit
455 2250 615 2291 generale
642 2257 864 2294 praeceptum
891 2252 932 2285 de
958 2253 1075 2286 omni-

85 2298 150 2331 bus
182 2299 346 2334 civilibus
375 2300 515 2333 officiis:
559 2299 712 2335 Reddite
744 2302 910 2336 omnibus
944 2305 1074 2340 debita.

82 2347 156 2382 Hac
187 2364 269 2384 voce
299 2351 544 2395 complectitur
569 2353 687 2385 omnia
713 2352 827 2386 officia
850 2354 886 2386 in
912 2355 1074 2389 societate

85 2403 294 2441 necessaria,
330 2402 512 2441 videlicet,
556 2403 653 2437 iubet
675 2403 773 2436 reddi
803 2405 957 2438 debitam
985 2407 1072 2439 obe-

82 2450 250 2486 dientiam
284 2454 542 2497 superioribus,
592 2455 688 2489 iubet
708 2455 806 2487 reddi
830 2456 983 2489 debitam
1010 2470 1071 2501 pe-

83 2501 222 2535 cuniam
254 2504 290 2536 in
322 2506 559 2538 contractibus
592 2507 809 2550 cuicunque,
847 2507 943 2541 iubet
969 2509 1069 2541 reddi

80 2553 198 2587 debita
217 2554 326 2586 officia
344 2556 513 2597 familiae,
541 2557 695 2598 civibus,
725 2558 949 2600 parentibus,
983 2571 1068 2592 con-

78 2602 170 2645 iugi,
213 2605 351 2646 liberis,
391 2608 510 2642 servis.
581 2607 681 2651 Quae
712 2615 827 2641 autem
856 2609 925 2642 sint
952 2610 1066 2645 officia

77 2654 222 2698 singulis
241 2657 376 2698 debita,
398 2656 592 2702 Decalogus
609 2660 758 2701 indicat,
796 2672 899 2706 quem
925 2658 981 2694 hic
1007 2674 1063 2695 re-
1091 2700 1094 2707 Ι

1098 2405 1100 2425 ;
1126 2405 1239 2445 mina,
1268 2408 1441 2449 pericula,
1475 2411 1707 2453 vigilantiam.

1267 1622 1376 1657 Hora
1395 1628 1445 1658 est
1466 1625 1539 1659 iam
1557 1639 1624 1661 nos
1642 1626 1684 1662 de
1700 1641 1828 1664 somno
1843 1644 2001 1678 surgere.

1241 1687 1354 1725 Addit
1372 1690 1652 1729 exhortationem
1669 1709 1687 1729 a
1709 1698 1968 1734 circumstantia
1994 1709 2128 1745 tempo-

1138 1739 1186 1771 ris
1212 1749 1382 1785 sumtam‚
1414 1745 1576 1780 videlicet
1602 1748 1645 1781 ab
1672 1750 1875 1792 occasione,
1913 1764 2006 1786 nunc
2029 1752 2129 1786 exhi-

1109 1783 1111 1831 l
1137 1791 1209 1823 bita
1227 1799 1277 1826 est
1293 1795 1406 1836 salus,
1432 1794 1665 1840 Evangelium
1685 1801 1876 1834 revelatum
1894 1810 1954 1837 est.
2008 1804 2128 1848 Quare

1108 1844 1111 1886 l
1137 1854 1209 1875 non
1237 1855 1466 1888 aspernemur
1492 1855 1628 1882 tantum
1652 1863 1801 1893 munus,
1840 1855 1899 1886 sed
1926 1854 2025 1887 avide
2053 1869 2126 1888 am-

1108 1898 1110 1923 ῐ
1136 1893 1331 1936 plectamur
1359 1904 1463 1943 atque
1492 1901 1709 1935 obediamus.
1779 1903 1829 1937 lta
1859 1916 1960 1949 saepe
1992 1907 2075 1939 alias
2107 1921 2125 1940 a

1107 1943 1109 1979 ἶ
1136 1951 1291 1989 tempore
1321 1958 1587 1991 argumentatur
1621 1953 1654 1986 2.
1682 1953 1761 1990 Cor.
1785 1956 1841 1991 11.
1865 1954 1949 1989 Ebr.
1974 1958 2008 1991 5.
2038 1957 2125 1992 'l'ale

1106 2041 1107 2045 Ἰ
1135 2003 1272 2040 tempus
1304 2006 1371 2039 est,
1418 2003 1702 2048 quandocunque
1734 2004 1829 2039 Deus
1867 2009 1973 2043 donat
2007 2022 2122 2042 veram

1105 2074 1106 2077 ,
1135 2047 1244 2079 lucem
1277 2048 1483 2094 Evangelii,
1534 2067 1623 2099 quae
1655 2064 1839 2102 postquam
1873 2057 2047 2092 exhibitus
2074 2069 2124 2095 est

1104 2098 1106 2124 ἶ
1132 2097 1312 2140 Christus,
1345 2102 1411 2135 late
1429 2116 1545 2147 sparsa
1565 2113 1615 2139 est
1634 2107 1725 2140 inter
1742 2116 1880 2151 gentes,
1918 2123 1995 2143 cnm
2022 2119 2122 2146 antea

1131 2149 1349 2193 ignorassent
1368 2156 1618 2196 promissiones
1638 2167 1669 2191 et
1688 2157 1932 2203 Evangelium.

1234 2201 1406 2236 Somnum
1426 2206 1588 2250 iutelligit
1610 2209 1844 2251 ignorantiam
1865 2225 1964 2245 verae
1990 2214 2121 2247 doctri-

1131 2263 1207 2287 nae.
1239 2252 1386 2296 vigiliae
1406 2269 1488 2290 vero
1508 2260 1637 2293 debent
1655 2273 1726 2293 esse
1744 2274 1833 2294 nova
1854 2264 1980 2296 noticia
2000 2264 2120 2299 Evan-

1100 2294 1102 2322 ἶ
1129 2303 1229 2345 gelii,
1262 2312 1293 2337 et
1320 2318 1431 2340 novae
1459 2309 1624 2344 actiones.
1686 2310 1732 2345 Et
1757 2313 1837 2357 quia
1858 2314 1955 2349 iubet
1972 2328 2037 2349 nos
2056 2330 2119 2350 ex-

1099 2374 1101 2401 ,
1128 2355 1291 2397 pergisci‚
1325 2357 1495 2401 siguificat
1521 2362 1638 2394 vocari
1665 2375 1728 2395 nos
1755 2367 1796 2396 ad
1822 2365 1979 2408 ingentia
2006 2375 2118 2401 certa-

1772 2414 1819 2449 At
1844 2424 1985 2451 econtra
2011 2431 2115 2452 mnn-

1097 2473 1099 2479 ν
1125 2457 1190 2489 dus
1215 2459 1335 2492 audito
1363 2458 1555 2503 Evangelio
1581 2463 1615 2495 fit
1636 2465 1795 2507 segnior,
1823 2475 1854 2500 et
1881 2480 1974 2501 novo
1991 2481 2116 2504 somno

1124 2507 1271 2551 sopitur.
1325 2509 1502 2546 Securitas
1526 2514 1619 2546 enim
1639 2516 1729 2559 parit
1750 2518 2016 2562 negligentiam,
2047 2535 2114 2565 qua

1128 2559 1297 2600 paulatim
1324 2562 1500 2606 obrepunt
1527 2564 1621 2598 varia
1651 2567 1746 2600 vitia.
1807 2568 1908 2603 Hanc
1934 2572 2112 2612 negligen-

1121 2610 1204 2642 tiam
1227 2618 1340 2649 taxat,
1370 2625 1448 2645 cum
1472 2614 1568 2649 iubet
1594 2628 1658 2649 nos
1685 2621 1886 2662 expergisci.
1949 2621 2029 2655 Ideo
2051 2636 2114 2665 pn·-

1122 2668 1192 2695 stea
1211 2661 1307 2696 iubet
1333 2662 1436 2697 indui
1461 2677 1558 2701 arma
1584 2667 1691 2711 lucis,
1717 2671 1889 2714 siguificat
1912 2673 2004 2706 enim
2023 2686 2113 2718 opus
