2415 2942
103 117 177 156 553
298 117 399 153 Xlll.
451 119 488 156 2.
523 116 889 156 COMMENTARH
917 119 967 155 IN
994 119 1148 158 EPtsT.
1176 119 1325 158 PAULt
1354 123 1424 157 AD
1451 121 1714 160 ROMANOS.
1767 125 1870 163 CAP.
1902 127 1928 166 l.
2054 133 2129 169 554

106 206 212 240 modo
229 201 314 239 haec
333 210 428 239 certo
445 204 549 239 nobis
564 204 792 249 contingant,
817 205 946 240 scilicet
965 205 993 238 si
1011 217 1093 249 pro-
1146 213 1248 242 tuens
1272 208 1310 242 in
1341 209 1557 251 occasiones,
1598 210 1727 257 quibus
1760 212 1918 253 irritare,
1955 215 2134 275 impellere

104 263 181 301 pter
204 255 316 289 filium
337 263 508 300 petamus.
569 255 691 290 Tertio
715 256 886 299 significat
908 253 1091 290 Christum
1145 265 1178 292 et
1194 261 1384 294 accendere
1396 261 1534 294 animos
1550 261 1769 305 singulorum
1787 271 1912 308 potest.
1946 265 2020 300 Hos
2038 269 2132 302 enim

102 314 228 341 natura
251 305 366 340 Deum
391 318 484 347 esse,
520 307 595 351 pari
625 308 780 352 potentia
805 318 884 340 cum
914 314 1010 350 patre
1034 319 1090 340 re-
1145 306 1252 344 habet
1268 311 1441 355 captivos,
1469 319 1503 346 et
1521 311 1662 354 incitat,
1700 315 1872 349 obiiciens
1897 317 2009 351 varias
2032 331 2132 352 occ-¹—

99 364 283 402 gnantem,
319 358 546 392 adiuvantem
565 369 629 391 nos
652 358 772 391 divina
793 358 971 402 potentia,
998 357 1088 392 sicut
1142 358 1279 403 siones,
1320 361 1409 396 sicut
1438 362 1475 395 in
1503 363 1738 406 idolomania,
1780 374 1813 400 et
1837 367 1916 400 aliis
1942 365 2131 403 horrendis

98 409 321 454 promittitur
344 409 381 442 in
405 408 552 445 Psalm.:
591 407 731 443 Allevat
759 407 936 442 Dominus
963 420 1087 442 omnes
1141 409 1298 454 lapsibus
1320 413 1538 456 conspicitur
1564 413 1696 447 diaboli
1723 419 1891 458 potentia.
1950 419 2130 454 Lucianus

99 461 160 506 qui
177 467 366 502 corruunt,
391 467 424 494 et
439 460 540 503 erigit
555 470 677 493 omnes
693 459 811 495 elisos.
1140 467 1260 495 narrat
1277 463 1453 506 quendam
1471 464 1630 497 furenter
1653 477 1784 499 amasse
1802 474 1950 502 statuam
1971 470 2000 502 V
2003 473 2130 513 ene1i5,

621 543 630 550 ·
1140 518 1173 545 et
1192 512 1335 546 solitum
1353 514 1536 557 complecti
1554 515 1826 560 lacrymantem,
1861 525 1892 551 et
1919 521 2127 558 deosculari.

461 542 718 580 E¹⁰fd¹um·
1138 562 1191 596 Ac
1220 572 1360 607 possent
1391 565 1502 598 multa
1535 565 1673 599 narrari
1698 579 1736 600 ex
1761 564 1917 602 historiis
1950 568 2127 607 horrenda

198 612 364 647 Membra
403 612 574 647 orationis
620 612 809 655 diligenter
850 612 1083 647 discernenda
1136 614 1280 655 auditu,
1308 627 1398 659 quae
1415 627 1494 649 cum
1510 616 1625 650 aliena
1641 617 1711 651 sint
1728 629 1747 650 a
1772 621 1951 653 communi
1976 635 2126 657 consue-

97 671 195 705 sunt,
222 665 319 698 aliud
337 664 430 697 enim
449 663 528 697 aliis
551 663 638 696 locis
662 663 788 707 agitur.
843 662 912 698 Hic
937 677 1082 709 praepa·
1137 665 1260 699 tudine
1284 673 1449 708 naturae,
1490 667 1572 700 satis
1599 675 1742 710 apparet
1774 671 1916 714 proprie
1939 684 1957 704 a
1983 674 2125 707 diabolo

96 723 150 749 rat
166 715 303 749 animos
319 715 487 749 lectorum
501 741 510 755 ,
536 720 575 748 ut
592 714 629 748 fit
647 714 684 747 in
699 715 868 748 exordiis:
911 715 1081 749 Nondum
1107 729 1109 763 J
1135 723 1210 750 orta
1232 728 1315 751 esse.
1370 716 1470 760 Quae
1487 729 1567 750 cum
1592 717 1760 761 legimus,
1788 721 1979 764 cogitemus
1998 724 2125 757 diabo-

96 767 268 811 disputat,
297 767 455 799 nondum
483 772 641 798 versatur
664 766 700 798 in
723 778 801 799 arce
822 778 955 802 causae.
1009 766 1080 801 Sed
1134 767 1208 800 lum
1227 779 1299 801 non
1317 765 1446 802 habere
1469 768 1619 802 otiosam
1644 770 1869 815 tyrannidem
1885 798 1896 812 ,
1927 775 1985 807 sed
2007 771 2124 808 horri-

95 815 269 851 rhetorica
294 818 464 861 quaedam
488 816 675 860 proponit,
703 818 900 860 gratulatur
925 817 996 851 illis
1020 829 1080 851 co·-
1133 818 1255 852 biliter
1276 819 1449 864 impellit'
1440 819 1569 864 impios
1585 821 1629 853 ad
1649 821 1779 854 nefaria
1799 823 1940 859 scelera.
2003 824 2123 868 Quare

94 868 288 911 gnitionem
310 866 511 910 Evangelii,
554 867 726 910 significat
758 880 855 902 suam
889 880 968 912 erga
1000 866 1106 902 illos
1133 867 1225 902 nihil
1240 870 1409 904 miremur
1424 882 1503 904 eum
1522 882 1623 915 posse
1639 873 1828 906 accendere
1852 875 1933 908 odia
1957 882 1989 908 et
2009 877 2123 909 saeti-

93 919 395 959 benevolentiam,
421 918 468 951 ait
484 930 520 951 se
534 929 660 961 cupere
679 919 821 952 illorum
840 920 996 953 studium
1014 920 1078 953 ad—
1102 898 1105 973 Ι
1133 920 1215 953 tiam
1241 920 1278 954 in
1303 918 1498 966 hypocritis
1524 928 1557 955 et
1581 923 1752 967 tyrannis.
1825 923 2004 960 Videbunt
2028 925 2121 960 Pht-

92 970 222 1003 iuvare.
291 969 431 1002 Deinde
469 969 613 1003 subiicit
646 968 870 1018 αἰτιολογίας
900 978 1033 1004 sumtas
1057 982 1076 1004 a
1132 971 1235 1004 risaei
1256 972 1391 1006 aboleri
1416 973 1630 1006 ceremonias
1646 973 1732 1017 legis
1759 981 1792 1008 et
1807 976 2013 1010 traditiones
2031 990 2122 1015 suas.

91 1020 270 1055 functione
295 1019 468 1064 Apostoli.
521 1018 664 1054 Eruditi
690 1028 824 1055 norunt
848 1021 951 1055 talem
979 1033 1076 1055 com·
1100 979 1104 1060 l
1130 1020 1343 1057 Fremebant
1360 1023 1468 1066 igitur
1484 1030 1517 1057 et
1535 1024 1918 1068 quaerebanturDeum
1937 1035 2121 1062 contume-

89 1071 381 1105 memorationem
402 1078 540 1104 nostrae
564 1071 787 1105 voluntatis'
778 1084 815 1104 m
834 1072 986 1105 exordiis
1002 1073 1076 1105 usi·
1129 1072 1175 1105 lia
1201 1073 1312 1112 affici,
1341 1072 1522 1117 prohiberi
1548 1087 1653 1118 opera
1678 1075 1789 1109 Deum
1815 1077 2006 1121 placantia,
2034 1092 2120 1113 con-

90 1129 195 1156 tatam
213 1134 304 1163 esse,
334 1134 396 1155 nec
415 1122 557 1155 difficile
574 1129 622 1155 est
642 1130 754 1165 putes
772 1123 907 1156 exordii
933 1125 975 1156 ad
996 1117 1102 1155 sut-
1100 1155 1101 1158 ,
1129 1124 1204 1156 cedi
1229 1124 1408 1158 licentiam
1437 1126 1616 1169 peccandi.
1680 1125 1819 1160 Deinde
1843 1129 2008 1162 videbant
2033 1131 2120 1164 abo—

90 1173 184 1217 garia
200 1181 380 1217 praecepta
402 1173 571 1208 conferre.
626 1172 788 1215 Ouatuor
806 1174 972 1207 membris
989 1187 1074 1207 con-
1099 1194 1101 1207 .
1128 1174 1189 1208 lita
1208 1175 1281 1218 lege
1302 1176 1429 1209 mutari
1448 1174 1624 1219 Rempub.
1647 1187 1766 1214 suam,
1795 1179 1966 1212 confundi
1993 1181 2118 1214 discti-

89 1224 372 1267 stat,g1atulor
403 1223 504 1256 vobis
538 1224 776 1267 coguitionem
799 1223 1003 1268 Evangelii,
1041 1211 1101 1273 etf
1127 1237 1208 1258 men
1225 1228 1443 1260 sacerdotum
1463 1234 1495 1260 et
1521 1226 1662 1269 populi,
1688 1228 1766 1260 tolli
1794 1240 1833 1261 ex
1851 1228 2117 1275 R‹p11bp1··e-

88 1281 190 1331 opto,
225 1281 264 1308 ut
287 1286 324 1307 ea
356 1274 510 1317 cognitio
536 1275 572 1306 iu
600 1275 700 1308 vobis
728 1282 870 1310 crescat.
935 1276 1073 1310 Deinde
1098 1293 1099 1300 κ
1126 1275 1269 1320 cipuum
1287 1278 1412 1317 decus,
1440 1277 1599 1310 videlicet
1619 1274 1762 1322 ἁξιωιια
1790 1277 2007 1325 [oman-adea
2044 1282 2117 1316 Ta-

88 1325 247 1370 sequitur
264 1325 398 1358 exordii
418 1325 630 1368 propositio:
658 1324 773 1369 Cupio
794 1338 854 1359 vos
873 1338 990 1360 coram
1006 1327 1072 1359 do-
1126 1326 1168 1359 lis
1191 1335 1278 1360 mut·
1280 1328 1340 1361 itio
1364 1328 1541 1370 ingentem
1562 1328 1720 1361 dolorem
1748 1331 1860 1364 adfert
1884 1333 2115 1376 sapientibus,

87 1388 175 1411 cere.
225 1376 290 1409 Cui
306 1376 555 1408 ·=ttexitstatim
571 1376 842 1409 adversativam:
868 1378 930 1410 sed
954 1374 1070 1410 hacte-
1124 1377 1198 1410 Has
1222 1377 1380 1411 flammas
1402 1379 1474 1411 odii
1505 1379 1653 1421 augebat
1684 1380 1866 1421 diabolus,
1905 1383 2115 1418 incendebat

87 1438 154 1459 nus
180 1425 409 1459 detinuerunt
442 1437 496 1458 me
522 1424 647 1459 harum
673 1427 856 1470 regionum
881 1426 1070 1468 Ecclesiae,
1095 1411 1098 1469 l
1124 1427 1308 1473 Principes
1322 1430 1364 1462 ad
1383 1429 1647 1470 crudelitatem,
1676 1432 1716 1463 ad
1739 1432 1999 1467 intexficiendos
2017 1435 2116 1479 Apo—

85 1483 123 1511 ut
137 1477 180 1510 ad
199 1488 260 1510 vos
276 1476 445 1520 proficisci
466 1488 537 1509 non
562 1478 748 1521 potuerim.
802 1477 925 1513 Tertio
951 1479 1069 1524 sequi·
1094 1483 1096 1507 ῑ
1123 1479 1346 1514 stolos.1ta
1375 1488 1407 1514 et
1434 1478 1498 1513 hoc
1526 1488 1681 1524 tempore
1708 1484 1957 1526 superbissime
1975 1487 2114 1519 deride-

84 1535 142 1561 tur
167 1528 256 1561 ratio
282 1527 553 1571 propositionis,
593 1540 656 1562 cur
684 1529 765 1562 illos
793 1541 910 1563 coram
943 1530 1069 1563 docere
1093 1517 1096 1555 l
1123 1542 1204 1564 mur
1233 1531 1278 1564 ab
1302 1529 1505 1575 Epicureis,
1547 1533 1640 1576 quod
1670 1530 1902 1577 Evangelium
1936 1548 2007 1569 nou
2043 1550 2115 1571 esse

1121 1583 1404 1616 commentitium
1437 1582 1633 1620 sentimus,
1682 1586 1777 1627 quod
1818 1586 1910 1618 serio
1944 1588 2115 1622 sentimus

82 1579 216 1623 cupiat:
260 1578 376 1621 Quia,
416 1579 551 1624 inquit,
596 1580 709 1613 debeo
734 1580 854 1614 iuvare
882 1579 1067 1624 Evangelii

1122 1632 1153 1665 ei
1169 1633 1486 1676 obtemperandum
1506 1645 1589 1668 esse.
1643 1632 1758 1677 Reges
1782 1643 1813 1668 et
1833 1635 2014 1680 Principes
2040 1639 2112 1672 fre-

81 1630 196 1664 studia
213 1631 304 1673 apud
325 1641 467 1668 omnes,
491 1631 647 1663 eruditos
665 1638 697 1665 et
718 1631 924 1666 ineruditos.
967 1632 1067 1665 Haec

1121 1690 1223 1717 munt
1247 1684 1382 1717 turbari
1404 1684 1697 1728 tranquillitatem
1721 1685 1902 1720 civitatum
1928 1689 2114 1722 dissimili-

81 1681 202 1714 omnia
232 1681 409 1725 pertinent
437 1682 479 1713 ad
509 1681 604 1714 locos
634 1682 876 1715 conciliandae
910 1683 1066 1716 benevo-

81 1732 223 1767 lentiae.
298 1730 419 1764 Altera
449 1729 652 1779 αἰτιολογία
683 1733 799 1767 reddit
826 1733 992 1767 lectorem
1013 1740 1066 1767 at-
1121 1734 1244 1767 tudine
1268 1734 1462 1768 doctrinae.
1532 1734 1719 1769 Pontifices
1745 1737 1873 1771 nolunt
1900 1738 2114 1782 reprehendi

1121 1785 1343 1824 idolatriam,
1371 1798 1415 1818 ne
1439 1785 1609 1819 autoritas
1626 1798 1747 1819 eorum
1763 1787 1914 1830 labefiat,
1940 1789 2111 1824 Monachi

79 1789 235 1826 tentum,
263 1794 280 1815 a
297 1782 468 1825 dignitate
486 1780 668 1825 Evangelii
687 1790 818 1817 sumta:
859 1783 940 1818 Non
959 1785 1067 1828 pudet

1121 1844 1283 1870 metuunt
1310 1836 1488 1882 quaestui:
1532 1836 1633 1880 pauci
1658 1839 1908 1881 superstitione
1942 1841 2114 1884 fascinati,

80 1846 136 1867 me
158 1832 356 1876 Evangelii.
425 1832 526 1867 Hanc
553 1845 672 1866 vocem
702 1835 850 1878 opponit
873 1835 1064 1880 impiorum

81 1885 239 1918 omnium
258 1884 409 1917 iudiciis.
453 1883 540 1918 Nam
557 1883 723 1929 Epicurei
742 1885 777 1918 in
798 1887 950 1927 mundo,
975 1899 1065 1932 quo·
1118 1889 1339 1922 contendunt
1364 1885 1544 1932 prohiberi
1567 1888 1659 1922 bona
1683 1901 1801 1933 opera.
1852 1888 1906 1924 Ex
1925 1898 1977 1925 tot
1999 1893 2113 1927 causis

79 1948 159 1969 rum
182 1942 231 1969 est
254 1935 377 1979 ingens
401 1935 613 1976 multitude,
646 1943 879 1971 contemnunt
901 1935 1065 1981 Evange-
1119 1938 1234 1973 existit
1268 1939 1471 1973 immanitas
1505 1938 1668 1972 odiorum
1702 1946 1824 1974 contra
1859 1940 2111 1986 Evangelium:

1119 1990 1178 2023 sed
1199 2002 1262 2024 nos
1282 1996 1403 2023 contra
1423 1990 1558 2033 ingenti
1579 1990 1698 2023 animo
1723 1997 1917 2026 statuamus
1942 2006 2013 2026 non
2039 2007 2112 2028 esse

79 1987 185 2027 lium,
225 1994 259 2020 et
290 1987 510 2020 arbitrantur
542 1988 822 2021 commentitium
853 1995 887 2022 et
916 1989 1064 2024 stultum

81 2038 204 2080 poema
224 2038 455 2070 barbarorum
473 2035 657 2071 hominum
675 2050 758 2073 esse.
814 2039 979 2086 Plerique
1001 2052 1065 2084 gu·
1119 2041 1356 2075 abiiciendam
1377 2040 1563 2084 Evangelii
1583 2041 1848 2084 professionem.
1901 2043 1980 2077 Non
2003 2047 2110 2088 pudet

1121 2104 1187 2126 nos
1203 2091 1309 2126 huius
1325 2092 1522 2127 doctrinae.
1565 2091 1646 2125 Non
1665 2099 1716 2126 est
1734 2093 1828 2126 enim
1848 2095 1964 2127 inanis
1981 2097 2110 2137 fabula,

82 2089 286 2120 bernatores
309 2086 540 2130 Reipublicae
567 2089 672 2122 etiam
701 2090 892 2124 crudeliter
913 2092 1066 2126 oderunt

81 2135 149 2170 hoc
163 2138 344 2170 doctrinae
362 2149 488 2181 genus,
515 2152 586 2184 quo
603 2140 802 2176 existimant
819 2142 954 2177 turbari
978 2143 1065 2176 civi·
1121 2156 1194 2178 non
1221 2151 1272 2178 est
1297 2143 1480 2177 barbarica
1505 2142 1708 2187 superstitio
1725 2170 1735 2184 ,
1777 2145 1837 2177 sed
1864 2152 1914 2179 est
1937 2148 2108 2180 sententia

1119 2194 1206 2233 Dei,
1233 2195 1403 2240 patefacta
1420 2194 1610 2232 divinitus,
1638 2206 1706 2239 qua
1725 2195 1799 2228 vult
1819 2192 2025 2230 homiuibus
2042 2198 2109 2231 im-

80 2194 192 2223 tatum
218 2194 251 2221 et
275 2188 464 2232 impiorum
489 2190 798 2235 tranquillitatem,
832 2193 982 2238 cupiunt
1007 2207 1066 2228 ex-

78 2239 238 2283 tinguere
271 2247 437 2284 tanquam
472 2240 581 2274 facem
616 2242 829 2277 seditionum
864 2252 898 2278 et
931 2245 1066 2280 discor·
1120 2246 1249 2292 pertire
1284 2246 1432 2280 salutem
1471 2252 1661 2279 aeternam.
1727 2242 1791 2279 Est
1820 2244 1916 2280 Deus
1946 2249 2110 2282 conditor

78 2290 217 2323 diarum
246 2290 417 2325 civilium.
483 2290 627 2325 Praeter
650 2290 713 2327 hos
737 2291 940 2339 hypocritae
962 2297 1065 2331 fasci·
1119 2297 1280 2331 omnium
1300 2308 1417 2331 rerum
1437 2308 1474 2329 ac
1490 2295 1625 2339 generis
1650 2292 1816 2337 humani,
1843 2296 1872 2330 is
1895 2310 1968 2331 non
1995 2300 2108 2333 voluit

79 2341 152 2374 nati
184 2341 514 2386 superstitionibus,
555 2349 594 2376 ut
631 2350 713 2377 tunc
753 2343 891 2387 ludaei,
931 2354 965 2381 et
999 2346 1066 2381 hoc
1122 2360 1264 2393 prorsus
1282 2348 1396 2393 perire
1411 2359 1520 2391 genus
1536 2344 1750 2386 humanum,
1776 2348 1871 2392 quod
1890 2350 2108 2389 condiderat,

79 2398 234 2436 tempore
251 2391 420 2426 Monachi
447 2400 478 2427 et
504 2391 631 2427 horum
653 2394 804 2433 similes,
834 2397 945 2431 multo
970 2411 1066 2432 acer-
1120 2400 1211 2434 utin
1232 2411 1275 2432 eo
1292 2399 1423 2433 luceret
1442 2398 1507 2432 Dei
1534 2396 1676 2430 noticia.
1732 2396 1852 2439 Quare
1874 2410 1910 2431 se
1935 2401 1979 2433 ab
2005 2401 2107 2435 initio

81 2441 158 2475 bius
174 2443 323 2477 oderunt
351 2442 603 2487 Evangelium,
630 2458 736 2490 quam
759 2446 840 2486 alii,
868 2449 948 2493 quia
971 2450 1066 2483 iudi·
1120 2451 1222 2485 certis
1239 2449 1451 2485 testimoniis
1468 2447 1626 2492 patefecit
1643 2447 1824 2491 patribus,
1851 2450 1970 2495 eisque
1986 2450 2108 2485 Evau-

81 2500 161 2527 cant
189 2505 262 2527 esse
291 2496 584 2530 contumeliosum
618 2498 786 2530 adversus
811 2496 925 2531 Deum
938 2526 948 2540 ,
986 2513 1065 2533 cum
1119 2502 1248 2544 gelium
1265 2502 1422 2536 tradidit.
1476 2499 1547 2533 Nec
1563 2498 1631 2532 alia
1650 2504 1701 2532 est
1718 2510 1865 2544 usquam
1885 2502 2045 2536 doctrina
2064 2505 2107 2536 de

79 2543 252 2591 vituperat
269 2547 529 2589 superstitiosos
547 2548 679 2589 cultus,
706 2560 794 2593 quos
814 2549 871 2582 isti
896 2556 1063 2596 tanquam
1120 2550 1184 2586 hac
1210 2553 1390 2587 voluntate
1407 2550 1492 2590 Dei,
1525 2555 1617 2582 certa
1644 2549 1830 2584 autoritate
1855 2559 2013 2596 accepta,
2048 2562 2107 2588 aut

78 2606 250 2628 summam
274 2596 434 2639 pietatem
455 2605 484 2631 et
504 2599 692 2643 religiones
717 2600 924 2643 angelorum
949 2602 1064 2635 admi-
1117 2604 1322 2637 confirmata
1341 2603 1432 2636 veris
1448 2600 1659 2634 testimoniis
1677 2601 1905 2640 coelestibus,
1933 2603 2002 2637 nisi
2022 2603 2106 2638 haec

77 2651 212 2680 rantur
279 2644 326 2680 Et
349 2645 413 2681 hos
438 2625 588 2683 furoreso
600 2651 636 2684 in
664 2651 784 2698 impiis
809 2652 1006 2686 diabolus
997 2666 1064 2686 im-
1115 2653 1300 2697 Evangelii
1317 2653 1491 2688 doctriua.
1545 2650 1664 2694 Quare
1682 2663 1756 2684 non
1773 2664 2001 2696 aspernemur
2017 2667 2104 2695 eant,

76 2696 172 2730 mani
188 2697 270 2731 odio
288 2695 421 2733 Christi
439 2701 581 2742 ardens,
609 2709 711 2746 auget
729 2710 761 2738 et
778 2703 979 2746 confirmat,
1006 2704 1062 2739 in·
1114 2707 1174 2740 sed
1192 2706 1224 2739 ei
1239 2708 1533 2750 obtemperemus,
1553 2715 1592 2737 ac
1608 2702 1757 2737 sciamus
1772 2702 1888 2738 Deum
1909 2717 1988 2738 vere
2004 2717 2105 2750 prae-
