<?xml version="1.0" encoding="UTF-8"?>
<!DOCTYPE html PUBLIC "-//W3C//DTD XHTML 1.0 Transitional//EN"
    "http://www.w3.org/TR/xhtml1/DTD/xhtml1-transitional.dtd">
<html xmlns="http://www.w3.org/1999/xhtml" xml:lang="en" lang="en">
 <head>
  <title>
</title>
<meta http-equiv="Content-Type" content="text/html;charset=utf-8" />
  <meta name='ocr-system' content='tesseract 3.04.00' />
  <meta name='ocr-capabilities' content='ocr_page ocr_carea ocr_par ocr_line ocrx_word'/>
</head>
<body>
  <div class='ocr_page' id='page_1' title='image "./operaquaesupersu15melauoft/operaquaesupersu15melauoft_0321.png"; bbox 0 0 2415 2942; ppageno 0'>
   <div class='ocr_carea' id='block_1_1' title="bbox 78 88 152 127">
    <p class='ocr_par' dir='ltr' id='par_1_1' title="bbox 78 88 152 127">
     <span class='ocr_line' id='line_1_1' title="bbox 78 88 152 127; baseline 0 -1"><span class='ocrx_word' id='word_1_1' title='bbox 78 88 152 127; x_wconf 72' lang='lat'>625</span> 
     </span>
    </p>
   </div>
   <div class='ocr_carea' id='block_1_2' title="bbox 73 169 1067 726">
    <p class='ocr_par' dir='ltr' id='par_1_2' title="bbox 73 169 1067 726">
     <span class='ocr_line' id='line_1_2' title="bbox 82 169 1067 218; baseline -0.009 -8"><span class='ocrx_word' id='word_1_2' title='bbox 82 175 167 210; x_wconf 88' lang='lat' dir='ltr'>Ideo</span> <span class='ocrx_word' id='word_1_3' title='bbox 188 173 360 208; x_wconf 87' lang='lat' dir='ltr'>inclusive</span> <span class='ocrx_word' id='word_1_4' title='bbox 378 174 600 218; x_wconf 70' lang='lat' dir='ltr'>intelligatur</span> <span class='ocrx_word' id='word_1_5' title='bbox 617 169 684 207; x_wconf 88' lang='lat' dir='ltr'>hoc</span> <span class='ocrx_word' id='word_1_6' title='bbox 702 172 854 206; x_wconf 83' lang='lat' dir='ltr'>dictum:</span> <span class='ocrx_word' id='word_1_7' title='bbox 881 169 1001 215; x_wconf 86' lang='lat' dir='ltr'>Usque</span> <span class='ocrx_word' id='word_1_8' title='bbox 1027 170 1067 201; x_wconf 87' lang='lat' dir='ltr'>ad</span> 
     </span>
     <span class='ocr_line' id='line_1_3' title="bbox 79 222 1067 270; baseline -0.008 -10"><span class='ocrx_word' id='word_1_9' title='bbox 79 228 190 270; x_wconf 81' lang='lat' dir='ltr'>legem</span> <span class='ocrx_word' id='word_1_10' title='bbox 217 232 400 270; x_wconf 85' lang='lat' dir='ltr'>peccatum</span> <span class='ocrx_word' id='word_1_11' title='bbox 431 232 504 258; x_wconf 89' lang='lat' dir='ltr'>erat</span> <span class='ocrx_word' id='word_1_12' title='bbox 536 225 571 257; x_wconf 93' lang='lat' dir='ltr'>in</span> <span class='ocrx_word' id='word_1_13' title='bbox 605 225 759 261; x_wconf 85' lang='lat' dir='ltr'>mundo,</span> <span class='ocrx_word' id='word_1_14' title='bbox 793 223 828 255; x_wconf 86' lang='lat' dir='ltr'>id</span> <span class='ocrx_word' id='word_1_15' title='bbox 860 228 928 261; x_wconf 80' lang='lat' dir='ltr'>est,</span> <span class='ocrx_word' id='word_1_16' title='bbox 965 222 1067 253; x_wconf 86' lang='lat' dir='ltr'>etiam</span> 
     </span>
     <span class='ocr_line' id='line_1_4' title="bbox 77 272 1067 321; baseline -0.009 -10"><span class='ocrx_word' id='word_1_17' title='bbox 77 290 156 311; x_wconf 81' lang='lat' dir='ltr'>cum</span> <span class='ocrx_word' id='word_1_18' title='bbox 176 277 243 310; x_wconf 90' lang='lat' dir='ltr'>lata</span> <span class='ocrx_word' id='word_1_19' title='bbox 271 284 319 310; x_wconf 85' lang='lat' dir='ltr'>est</span> <span class='ocrx_word' id='word_1_20' title='bbox 344 277 399 309; x_wconf 69' lang='lat' dir='ltr'>lex</span> <span class='ocrx_word' id='word_1_21' title='bbox 417 275 557 321; x_wconf 81' lang='lat' dir='ltr'>Moysi,</span> <span class='ocrx_word' id='word_1_22' title='bbox 585 282 702 308; x_wconf 87' lang='lat' dir='ltr'>tamen</span> <span class='ocrx_word' id='word_1_23' title='bbox 724 272 852 306; x_wconf 88' lang='lat' dir='ltr'>mansit</span> <span class='ocrx_word' id='word_1_24' title='bbox 878 278 1067 315; x_wconf 85' lang='lat' dir='ltr'>peccatum.</span> 
     </span>
     <span class='ocr_line' id='line_1_5' title="bbox 78 324 1065 369; baseline -0.008 -8"><span class='ocrx_word' id='word_1_25' title='bbox 78 328 128 362; x_wconf 88' lang='lat' dir='ltr'>lta</span> <span class='ocrx_word' id='word_1_26' title='bbox 146 328 301 361; x_wconf 87' lang='lat' dir='ltr'>breviter</span> <span class='ocrx_word' id='word_1_27' title='bbox 319 329 502 367; x_wconf 78' lang='lat' dir='ltr'>admonet,</span> <span class='ocrx_word' id='word_1_28' title='bbox 529 326 621 369; x_wconf 77' lang='lat' dir='ltr'>Lege</span> <span class='ocrx_word' id='word_1_29' title='bbox 639 337 711 358; x_wconf 90' lang='lat' dir='ltr'>non</span> <span class='ocrx_word' id='word_1_30' title='bbox 727 324 803 357; x_wconf 91' lang='lat' dir='ltr'>tolli</span> <span class='ocrx_word' id='word_1_31' title='bbox 829 329 1008 367; x_wconf 89' lang='lat' dir='ltr'>peccatum</span> <span class='ocrx_word' id='word_1_32' title='bbox 1034 328 1065 354; x_wconf 90' lang='lat' dir='ltr'>et</span> 
     </span>
     <span class='ocr_line' id='line_1_6' title="bbox 75 373 1064 423; baseline -0.009 -10"><span class='ocrx_word' id='word_1_33' title='bbox 75 385 246 420; x_wconf 78' lang='lat' dir='ltr'>mortem,</span> <span class='ocrx_word' id='word_1_34' title='bbox 274 378 356 423; x_wconf 85' lang='lat' dir='ltr'>quia</span> <span class='ocrx_word' id='word_1_35' title='bbox 386 378 447 411; x_wconf 88' lang='lat' dir='ltr'>illa</span> <span class='ocrx_word' id='word_1_36' title='bbox 474 384 615 411; x_wconf 87' lang='lat' dir='ltr'>externa</span> <span class='ocrx_word' id='word_1_37' title='bbox 637 375 773 409; x_wconf 84' lang='lat' dir='ltr'>iusticia</span> <span class='ocrx_word' id='word_1_38' title='bbox 798 374 883 417; x_wconf 88' lang='lat' dir='ltr'>legis</span> <span class='ocrx_word' id='word_1_39' title='bbox 906 373 1064 406; x_wconf 88' lang='lat' dir='ltr'>nondum</span> 
     </span>
     <span class='ocr_line' id='line_1_7' title="bbox 76 424 1063 473; baseline -0.009 -10"><span class='ocrx_word' id='word_1_40' title='bbox 76 430 235 463; x_wconf 85' lang='lat' dir='ltr'>liberata</span> <span class='ocrx_word' id='word_1_41' title='bbox 257 435 416 473; x_wconf 89' lang='lat' dir='ltr'>peccato,</span> <span class='ocrx_word' id='word_1_42' title='bbox 443 440 508 461; x_wconf 90' lang='lat' dir='ltr'>nec</span> <span class='ocrx_word' id='word_1_43' title='bbox 531 434 581 461; x_wconf 87' lang='lat' dir='ltr'>est</span> <span class='ocrx_word' id='word_1_44' title='bbox 604 425 755 459; x_wconf 88' lang='lat' dir='ltr'>incoatio</span> <span class='ocrx_word' id='word_1_45' title='bbox 782 433 942 458; x_wconf 76' lang='lat' dir='ltr'><strong>aeternae</strong></span> <span class='ocrx_word' id='word_1_46' title='bbox 962 424 1063 461; x_wconf 73' lang='lat' dir='ltr'>vitae,</span> 
     </span>
     <span class='ocr_line' id='line_1_8' title="bbox 76 472 1062 525; baseline -0.007 -12"><span class='ocrx_word' id='word_1_47' title='bbox 76 482 136 514; x_wconf 82' lang='lat' dir='ltr'>sed</span> <span class='ocrx_word' id='word_1_48' title='bbox 163 481 333 525; x_wconf 84' lang='lat' dir='ltr'>quaedam</span> <span class='ocrx_word' id='word_1_49' title='bbox 371 486 508 513; x_wconf 88' lang='lat' dir='ltr'>externa</span> <span class='ocrx_word' id='word_1_50' title='bbox 542 477 733 522; x_wconf 88' lang='lat' dir='ltr'>corporalis</span> <span class='ocrx_word' id='word_1_51' title='bbox 766 475 964 518; x_wconf 78' lang='lat' dir='ltr'>disciplina.</span> <span class='ocrx_word' id='word_1_52' title='bbox 1017 472 1062 507; x_wconf 87' lang='lat' dir='ltr'>Et</span> 
     </span>
     <span class='ocr_line' id='line_1_9' title="bbox 77 526 1061 573; baseline -0.008 -9"><span class='ocrx_word' id='word_1_53' title='bbox 77 543 155 565; x_wconf 86' lang='lat' dir='ltr'>cum</span> <span class='ocrx_word' id='word_1_54' title='bbox 174 531 384 563; x_wconf 82' lang='lat' dir='ltr'>conscientia</span> <span class='ocrx_word' id='word_1_55' title='bbox 401 530 552 573; x_wconf 86' lang='lat' dir='ltr'>angitur,</span> <span class='ocrx_word' id='word_1_56' title='bbox 576 536 608 562; x_wconf 90' lang='lat' dir='ltr'>et</span> <span class='ocrx_word' id='word_1_57' title='bbox 626 527 762 573; x_wconf 85' lang='lat' dir='ltr'>quaerit</span> <span class='ocrx_word' id='word_1_58' title='bbox 780 526 1061 560; x_wconf 82' lang='lat' dir='ltr'>iustificationem</span> 
     </span>
     <span class='ocr_line' id='line_1_10' title="bbox 80 577 1066 624; baseline -0.005 -10"><span class='ocrx_word' id='word_1_59' title='bbox 80 582 119 614; x_wconf 87' lang='lat' dir='ltr'>in</span> <span class='ocrx_word' id='word_1_60' title='bbox 147 581 246 624; x_wconf 82' lang='lat' dir='ltr'>lege,</span> <span class='ocrx_word' id='word_1_61' title='bbox 292 588 376 614; x_wconf 83' lang='lat' dir='ltr'>tunc</span> <span class='ocrx_word' id='word_1_62' title='bbox 408 581 462 613; x_wconf 78' lang='lat' dir='ltr'>lex</span> <span class='ocrx_word' id='word_1_63' title='bbox 497 577 600 612; x_wconf 85' lang='lat' dir='ltr'>babet</span> <span class='ocrx_word' id='word_1_64' title='bbox 633 579 859 622; x_wconf 84' lang='lat' dir='ltr'>praecipuum</span> <span class='ocrx_word' id='word_1_65' title='bbox 893 577 1066 616; x_wconf 80' lang='lat' dir='ltr'>effectum,</span> 
     </span>
     <span class='ocr_line' id='line_1_11' title="bbox 74 629 1061 667; baseline -0.007 -1"><span class='ocrx_word' id='word_1_66' title='bbox 74 639 210 666; x_wconf 79' lang='lat' dir='ltr'>accusat</span> <span class='ocrx_word' id='word_1_67' title='bbox 243 639 275 665; x_wconf 88' lang='lat' dir='ltr'>et</span> <span class='ocrx_word' id='word_1_68' title='bbox 307 631 448 664; x_wconf 87' lang='lat' dir='ltr'>coniicit</span> <span class='ocrx_word' id='word_1_69' title='bbox 480 629 712 663; x_wconf 78' lang='lat' dir='ltr'>conscientias</span> <span class='ocrx_word' id='word_1_70' title='bbox 746 629 783 660; x_wconf 91' lang='lat' dir='ltr'>in</span> <span class='ocrx_word' id='word_1_71' title='bbox 819 635 987 667; x_wconf 86' lang='lat' dir='ltr'>terrores,</span> <span class='ocrx_word' id='word_1_72' title='bbox 1030 635 1061 660; x_wconf 89' lang='lat' dir='ltr'>et</span> 
     </span>
     <span class='ocr_line' id='line_1_12' title="bbox 73 675 1061 726; baseline -0.006 -10"><span class='ocrx_word' id='word_1_73' title='bbox 73 683 363 726; x_wconf 83' lang='lat' dir='ltr'>desperationem.</span> <span class='ocrx_word' id='word_1_74' title='bbox 439 680 516 714; x_wconf 88' lang='lat' dir='ltr'>Hoc</span> <span class='ocrx_word' id='word_1_75' title='bbox 559 680 635 714; x_wconf 90' lang='lat' dir='ltr'>vult</span> <span class='ocrx_word' id='word_1_76' title='bbox 675 679 828 721; x_wconf 86' lang='lat' dir='ltr'>Paulus,</span> <span class='ocrx_word' id='word_1_77' title='bbox 881 691 961 712; x_wconf 89' lang='lat' dir='ltr'>cum</span> <span class='ocrx_word' id='word_1_78' title='bbox 1004 675 1061 711; x_wconf 88' lang='lat' dir='ltr'>hic</span> 
     </span>
    </p>
   </div>
   <div class='ocr_carea' id='block_1_3' title="bbox 72 734 192 768">
    <p class='ocr_par' dir='ltr' id='par_1_3' title="bbox 72 734 192 768">
     <span class='ocr_line' id='line_1_13' title="bbox 72 734 192 768; baseline 0.008 -1"><span class='ocrx_word' id='word_1_79' title='bbox 72 734 192 768; x_wconf 81' lang='lat' dir='ltr'>addit:</span> 
     </span>
    </p>
   </div>
   <div class='ocr_carea' id='block_1_4' title="bbox 101 802 1029 854">
    <p class='ocr_par' dir='ltr' id='par_1_4' title="bbox 101 802 1029 854">
     <span class='ocr_line' id='line_1_14' title="bbox 101 802 1029 854; baseline -0.005 -13"><span class='ocrx_word' id='word_1_80' title='bbox 101 805 179 841; x_wconf 86' lang='lat' dir='ltr'>Sed</span> <span class='ocrx_word' id='word_1_81' title='bbox 189 811 370 854; x_wconf 83' lang='lat' dir='ltr'>peccatum</span> <span class='ocrx_word' id='word_1_82' title='bbox 388 817 460 840; x_wconf 83' lang='lat' dir='ltr'>non</span> <span class='ocrx_word' id='word_1_83' title='bbox 480 809 690 853; x_wconf 80' lang='lat' dir='ltr'>reputatur,</span> <span class='ocrx_word' id='word_1_84' title='bbox 718 802 784 837; x_wconf 79' lang='lat' dir='ltr'>ubi</span> <span class='ocrx_word' id='word_1_85' title='bbox 800 815 872 837; x_wconf 87' lang='lat' dir='ltr'>non</span> <span class='ocrx_word' id='word_1_86' title='bbox 888 808 938 837; x_wconf 80' lang='lat' dir='ltr'>est</span> <span class='ocrx_word' id='word_1_87' title='bbox 957 803 1029 837; x_wconf 70' lang='lat' dir='ltr'>lex.</span> 
     </span>
    </p>
   </div>
   <div class='ocr_carea' id='block_1_5' title="bbox 68 871 1061 1070">
    <p class='ocr_par' dir='ltr' id='par_1_5' title="bbox 68 871 1061 1070">
     <span class='ocr_line' id='line_1_15' title="bbox 172 871 1061 915; baseline -0.007 -7"><span class='ocrx_word' id='word_1_88' title='bbox 172 873 214 907; x_wconf 88' lang='lat' dir='ltr'>Id</span> <span class='ocrx_word' id='word_1_89' title='bbox 234 881 302 915; x_wconf 87' lang='lat' dir='ltr'>est,</span> <span class='ocrx_word' id='word_1_90' title='bbox 329 873 400 908; x_wconf 91' lang='lat' dir='ltr'>Ubi</span> <span class='ocrx_word' id='word_1_91' title='bbox 416 885 489 907; x_wconf 94' lang='lat' dir='ltr'>non</span> <span class='ocrx_word' id='word_1_92' title='bbox 507 879 558 906; x_wconf 89' lang='lat' dir='ltr'>est</span> <span class='ocrx_word' id='word_1_93' title='bbox 575 873 641 913; x_wconf 86' lang='lat' dir='ltr'>lex,</span> <span class='ocrx_word' id='word_1_94' title='bbox 668 883 742 904; x_wconf 90' lang='lat' dir='ltr'>non</span> <span class='ocrx_word' id='word_1_95' title='bbox 760 871 964 914; x_wconf 77' lang='lat' dir='ltr'>agnoscitur</span> <span class='ocrx_word' id='word_1_96' title='bbox 980 883 1061 914; x_wconf 85' lang='lat' dir='ltr'>pec-</span> 
     </span>
     <span class='ocr_line' id='line_1_16' title="bbox 68 921 1059 969; baseline -0.004 -12"><span class='ocrx_word' id='word_1_97' title='bbox 68 931 203 968; x_wconf 87' lang='lat' dir='ltr'>catum,</span> <span class='ocrx_word' id='word_1_98' title='bbox 232 937 305 958; x_wconf 92' lang='lat' dir='ltr'>non</span> <span class='ocrx_word' id='word_1_99' title='bbox 323 931 512 958; x_wconf 83' lang='lat' dir='ltr'>accusatur.</span> <span class='ocrx_word' id='word_1_100' title='bbox 559 923 738 969; x_wconf 78' lang='lat' dir='ltr'>Loquitur</span> <span class='ocrx_word' id='word_1_101' title='bbox 754 921 887 955; x_wconf 85' lang='lat' dir='ltr'>Paulus</span> <span class='ocrx_word' id='word_1_102' title='bbox 904 922 947 954; x_wconf 92' lang='lat' dir='ltr'>de</span> <span class='ocrx_word' id='word_1_103' title='bbox 966 922 1059 954; x_wconf 86' lang='lat' dir='ltr'>indi-</span> 
     </span>
     <span class='ocr_line' id='line_1_17' title="bbox 69 973 1058 1016; baseline -0.004 -7"><span class='ocrx_word' id='word_1_104' title='bbox 69 977 123 1009; x_wconf 90' lang='lat' dir='ltr'>cio</span> <span class='ocrx_word' id='word_1_105' title='bbox 147 983 287 1009; x_wconf 83' lang='lat' dir='ltr'>nostrae</span> <span class='ocrx_word' id='word_1_106' title='bbox 311 975 553 1009; x_wconf 86' lang='lat' dir='ltr'>conscientiae.</span> <span class='ocrx_word' id='word_1_107' title='bbox 608 974 694 1007; x_wconf 86' lang='lat' dir='ltr'>Lata</span> <span class='ocrx_word' id='word_1_108' title='bbox 719 981 765 1006; x_wconf 91' lang='lat' dir='ltr'>est</span> <span class='ocrx_word' id='word_1_109' title='bbox 793 973 899 1016; x_wconf 85' lang='lat' dir='ltr'>igitur</span> <span class='ocrx_word' id='word_1_110' title='bbox 918 973 992 1015; x_wconf 81' lang='lat' dir='ltr'>lex,</span> <span class='ocrx_word' id='word_1_111' title='bbox 1022 980 1058 1005; x_wconf 86' lang='lat' dir='ltr'>nt</span> 
     </span>
     <span class='ocr_line' id='line_1_18' title="bbox 69 1027 1057 1070; baseline -0.004 -11"><span class='ocrx_word' id='word_1_112' title='bbox 69 1027 283 1060; x_wconf 87' lang='lat' dir='ltr'>conscientia</span> <span class='ocrx_word' id='word_1_113' title='bbox 301 1033 464 1070; x_wconf 84' lang='lat' dir='ltr'>agnoscat</span> <span class='ocrx_word' id='word_1_114' title='bbox 482 1032 662 1070; x_wconf 87' lang='lat' dir='ltr'>peccatum</span> <span class='ocrx_word' id='word_1_115' title='bbox 680 1031 712 1057; x_wconf 89' lang='lat' dir='ltr'>et</span> <span class='ocrx_word' id='word_1_116' title='bbox 730 1030 911 1057; x_wconf 75' lang='lat' dir='ltr'>accusetur</span> <span class='ocrx_word' id='word_1_117' title='bbox 931 1032 961 1056; x_wconf 86' lang='lat' dir='ltr'>et</span> <span class='ocrx_word' id='word_1_118' title='bbox 981 1036 1057 1066; x_wconf 85' lang='lat' dir='ltr'>per-</span> 
     </span>
    </p>
   </div>
   <div class='ocr_carea' id='block_1_6' title="bbox 68 1074 1057 1121">
    <p class='ocr_par' dir='ltr' id='par_1_6' title="bbox 68 1074 1057 1121">
     <span class='ocr_line' id='line_1_19' title="bbox 68 1074 1057 1121; baseline -0.004 -10"><span class='ocrx_word' id='word_1_119' title='bbox 68 1077 237 1116; x_wconf 80' lang='lat' dir='ltr'>terrefiat,</span> <span class='ocrx_word' id='word_1_120' title='bbox 273 1078 364 1111; x_wconf 87' lang='lat' dir='ltr'>sicut</span> <span class='ocrx_word' id='word_1_121' title='bbox 389 1089 494 1121; x_wconf 87' lang='lat' dir='ltr'>supra</span> <span class='ocrx_word' id='word_1_122' title='bbox 521 1075 654 1121; x_wconf 86' lang='lat' dir='ltr'>inquit:</span> <span class='ocrx_word' id='word_1_123' title='bbox 692 1074 759 1107; x_wconf 91' lang='lat' dir='ltr'>Per</span> <span class='ocrx_word' id='word_1_124' title='bbox 789 1075 898 1117; x_wconf 86' lang='lat' dir='ltr'>legem</span> <span class='ocrx_word' id='word_1_125' title='bbox 926 1075 1057 1117; x_wconf 83' lang='lat' dir='ltr'>agnitio</span> 
     </span>
    </p>
   </div>
   <div class='ocr_carea' id='block_1_7' title="bbox 67 1125 1058 1272">
    <p class='ocr_par' dir='ltr' id='par_1_7' title="bbox 67 1125 1058 1272">
     <span class='ocr_line' id='line_1_20' title="bbox 67 1125 1057 1172; baseline -0.005 -11"><span class='ocrx_word' id='word_1_126' title='bbox 67 1128 210 1172; x_wconf 84' lang='lat' dir='ltr'>peccati.</span> <span class='ocrx_word' id='word_1_127' title='bbox 263 1127 387 1161; x_wconf 87' lang='lat' dir='ltr'>Postea</span> <span class='ocrx_word' id='word_1_128' title='bbox 406 1134 522 1161; x_wconf 87' lang='lat' dir='ltr'>autem</span> <span class='ocrx_word' id='word_1_129' title='bbox 542 1127 584 1159; x_wconf 89' lang='lat' dir='ltr'>de</span> <span class='ocrx_word' id='word_1_130' title='bbox 607 1137 690 1159; x_wconf 89' lang='lat' dir='ltr'>usus</span> <span class='ocrx_word' id='word_1_131' title='bbox 705 1125 790 1168; x_wconf 84' lang='lat' dir='ltr'>legis</span> <span class='ocrx_word' id='word_1_132' title='bbox 810 1125 984 1168; x_wconf 85' lang='lat' dir='ltr'>copiosius</span> <span class='ocrx_word' id='word_1_133' title='bbox 1003 1126 1057 1157; x_wconf 91' lang='lat' dir='ltr'>di—</span> 
     </span>
     <span class='ocr_line' id='line_1_21' title="bbox 68 1176 1058 1212; baseline -0.003 -1"><span class='ocrx_word' id='word_1_134' title='bbox 68 1185 139 1212; x_wconf 84' lang='lat' dir='ltr'>cet:</span> <span class='ocrx_word' id='word_1_135' title='bbox 167 1190 262 1211; x_wconf 88' lang='lat' dir='ltr'>nunc</span> <span class='ocrx_word' id='word_1_136' title='bbox 288 1180 381 1211; x_wconf 88' lang='lat' dir='ltr'>enim</span> <span class='ocrx_word' id='word_1_137' title='bbox 408 1178 522 1211; x_wconf 84' lang='lat' dir='ltr'>obiter</span> <span class='ocrx_word' id='word_1_138' title='bbox 550 1184 686 1210; x_wconf 89' lang='lat' dir='ltr'>tantum</span> <span class='ocrx_word' id='word_1_139' title='bbox 715 1183 748 1209; x_wconf 85' lang='lat' dir='ltr'>et</span> <span class='ocrx_word' id='word_1_140' title='bbox 768 1176 862 1209; x_wconf 83' lang='lat' dir='ltr'>velut</span> <span class='ocrx_word' id='word_1_141' title='bbox 883 1176 919 1208; x_wconf 88' lang='lat' dir='ltr'>in</span> <span class='ocrx_word' id='word_1_142' title='bbox 945 1183 1058 1209; x_wconf 90' lang='lat' dir='ltr'>trans-</span> 
     </span>
     <span class='ocr_line' id='line_1_22' title="bbox 68 1227 814 1272; baseline -0.004 -10"><span class='ocrx_word' id='word_1_143' title='bbox 68 1241 174 1262; x_wconf 87' lang='lat' dir='ltr'>cursu</span> <span class='ocrx_word' id='word_1_144' title='bbox 193 1229 318 1272; x_wconf 85' lang='lat' dir='ltr'>attigit.</span> <span class='ocrx_word' id='word_1_145' title='bbox 375 1228 480 1272; x_wconf 86' lang='lat' dir='ltr'>Quod</span> <span class='ocrx_word' id='word_1_146' title='bbox 504 1235 619 1261; x_wconf 86' lang='lat' dir='ltr'>autem</span> <span class='ocrx_word' id='word_1_147' title='bbox 639 1227 814 1272; x_wconf 85' lang='lat' dir='ltr'>sequitur,</span> 
     </span>
    </p>
   </div>
   <div class='ocr_carea' id='block_1_8' title="bbox 125 1308 995 1358">
    <p class='ocr_par' dir='ltr' id='par_1_8' title="bbox 125 1308 995 1358">
     <span class='ocr_line' id='line_1_23' title="bbox 125 1308 995 1358; baseline -0.005 -11"><span class='ocrx_word' id='word_1_148' title='bbox 125 1310 239 1347; x_wconf 74' lang='lat' dir='ltr'>,Mors</span> <span class='ocrx_word' id='word_1_149' title='bbox 258 1311 423 1358; x_wconf 71' lang='lat' dir='ltr'>regnavit</span> <span class='ocrx_word' id='word_1_150' title='bbox 441 1311 488 1345; x_wconf 82' lang='lat' dir='ltr'>ab</span> <span class='ocrx_word' id='word_1_151' title='bbox 506 1309 628 1346; x_wconf 80' lang='lat' dir='ltr'>Adam</span> <span class='ocrx_word' id='word_1_152' title='bbox 648 1322 760 1358; x_wconf 75' lang='lat' dir='ltr'>usque</span> <span class='ocrx_word' id='word_1_153' title='bbox 776 1308 830 1344; x_wconf 83' lang='lat' dir='ltr'>ad</span> <span class='ocrx_word' id='word_1_154' title='bbox 845 1308 995 1344; x_wconf 69' lang='lat' dir='ltr'>Illosen.</span> 
     </span>
    </p>
   </div>
   <div class='ocr_carea' id='block_1_9' title="bbox 63 1377 1056 1629">
    <p class='ocr_par' dir='ltr' id='par_1_9' title="bbox 63 1377 1056 1629">
     <span class='ocr_line' id='line_1_24' title="bbox 164 1377 1056 1423; baseline -0.001 -10"><span class='ocrx_word' id='word_1_155' title='bbox 164 1380 240 1413; x_wconf 91' lang='lat' dir='ltr'>Hoc</span> <span class='ocrx_word' id='word_1_156' title='bbox 257 1380 350 1413; x_wconf 89' lang='lat' dir='ltr'>dicto</span> <span class='ocrx_word' id='word_1_157' title='bbox 369 1380 550 1423; x_wconf 80' lang='lat' dir='ltr'>superiora</span> <span class='ocrx_word' id='word_1_158' title='bbox 568 1379 673 1411; x_wconf 90' lang='lat' dir='ltr'>verba</span> <span class='ocrx_word' id='word_1_159' title='bbox 692 1378 928 1411; x_wconf 77' lang='lat' dir='ltr'>declarantur.</span> <span class='ocrx_word' id='word_1_160' title='bbox 958 1377 1056 1412; x_wconf 87' lang='lat' dir='ltr'>Sicut</span> 
     </span>
     <span class='ocr_line' id='line_1_25' title="bbox 65 1429 1055 1474; baseline -0.001 -10"><span class='ocrx_word' id='word_1_161' title='bbox 65 1439 144 1465; x_wconf 76' lang='lat' dir='ltr'>ante</span> <span class='ocrx_word' id='word_1_162' title='bbox 170 1431 277 1470; x_wconf 84' lang='lat' dir='ltr'>dixit,</span> <span class='ocrx_word' id='word_1_163' title='bbox 314 1429 498 1463; x_wconf 82' lang='lat' dir='ltr'>Peccatum</span> <span class='ocrx_word' id='word_1_164' title='bbox 526 1430 632 1462; x_wconf 87' lang='lat' dir='ltr'>fuisse</span> <span class='ocrx_word' id='word_1_165' title='bbox 659 1440 770 1474; x_wconf 86' lang='lat' dir='ltr'>usque</span> <span class='ocrx_word' id='word_1_166' title='bbox 794 1430 836 1461; x_wconf 88' lang='lat' dir='ltr'>ad</span> <span class='ocrx_word' id='word_1_167' title='bbox 859 1429 988 1472; x_wconf 85' lang='lat' dir='ltr'>legem,</span> <span class='ocrx_word' id='word_1_168' title='bbox 1018 1442 1055 1463; x_wconf 86' lang='lat' dir='ltr'>ac</span> 
     </span>
     <span class='ocr_line' id='line_1_26' title="bbox 64 1478 1053 1526; baseline -0.002 -11"><span class='ocrx_word' id='word_1_169' title='bbox 64 1495 108 1515; x_wconf 84' lang='lat' dir='ltr'>ne</span> <span class='ocrx_word' id='word_1_170' title='bbox 129 1483 201 1525; x_wconf 84' lang='lat' dir='ltr'>lege</span> <span class='ocrx_word' id='word_1_171' title='bbox 218 1482 360 1526; x_wconf 88' lang='lat' dir='ltr'>quidem</span> <span class='ocrx_word' id='word_1_172' title='bbox 377 1481 482 1514; x_wconf 81' lang='lat' dir='ltr'>fuisse</span> <span class='ocrx_word' id='word_1_173' title='bbox 502 1480 691 1521; x_wconf 84' lang='lat' dir='ltr'>abolitum,</span> <span class='ocrx_word' id='word_1_174' title='bbox 720 1480 766 1513; x_wconf 90' lang='lat' dir='ltr'>ita</span> <span class='ocrx_word' id='word_1_175' title='bbox 785 1478 842 1513; x_wconf 89' lang='lat' dir='ltr'>hic</span> <span class='ocrx_word' id='word_1_176' title='bbox 859 1480 926 1521; x_wconf 83' lang='lat' dir='ltr'>ait,</span> <span class='ocrx_word' id='word_1_177' title='bbox 954 1480 1053 1514; x_wconf 85' lang='lat' dir='ltr'>Mor-</span> 
     </span>
     <span class='ocr_line' id='line_1_27' title="bbox 64 1530 1054 1577; baseline -0.002 -11"><span class='ocrx_word' id='word_1_178' title='bbox 64 1539 134 1566; x_wconf 85' lang='lat' dir='ltr'>tem</span> <span class='ocrx_word' id='word_1_179' title='bbox 160 1543 321 1576; x_wconf 82' lang='lat' dir='ltr'>regnasse</span> <span class='ocrx_word' id='word_1_180' title='bbox 345 1532 389 1564; x_wconf 91' lang='lat' dir='ltr'>ab</span> <span class='ocrx_word' id='word_1_181' title='bbox 412 1530 526 1565; x_wconf 85' lang='lat' dir='ltr'>Adam</span> <span class='ocrx_word' id='word_1_182' title='bbox 556 1543 666 1577; x_wconf 84' lang='lat' dir='ltr'>usque</span> <span class='ocrx_word' id='word_1_183' title='bbox 699 1531 742 1563; x_wconf 91' lang='lat' dir='ltr'>ad</span> <span class='ocrx_word' id='word_1_184' title='bbox 766 1530 915 1572; x_wconf 87' lang='lat' dir='ltr'>Mosen,</span> <span class='ocrx_word' id='word_1_185' title='bbox 949 1544 987 1565; x_wconf 86' lang='lat' dir='ltr'>ac</span> <span class='ocrx_word' id='word_1_186' title='bbox 1012 1544 1054 1564; x_wconf 83' lang='lat' dir='ltr'>ne</span> 
     </span>
     <span class='ocr_line' id='line_1_28' title="bbox 63 1580 908 1629; baseline 0 -13"><span class='ocrx_word' id='word_1_187' title='bbox 63 1584 206 1629; x_wconf 88' lang='lat' dir='ltr'>quidem</span> <span class='ocrx_word' id='word_1_188' title='bbox 224 1584 299 1626; x_wconf 87' lang='lat' dir='ltr'>lege</span> <span class='ocrx_word' id='word_1_189' title='bbox 319 1583 486 1617; x_wconf 78' lang='lat' dir='ltr'>abolitam</span> <span class='ocrx_word' id='word_1_190' title='bbox 505 1594 590 1616; x_wconf 86' lang='lat' dir='ltr'>esse.</span> <span class='ocrx_word' id='word_1_191' title='bbox 643 1580 756 1616; x_wconf 85' lang='lat' dir='ltr'>Addit</span> <span class='ocrx_word' id='word_1_192' title='bbox 774 1588 908 1616; x_wconf 86' lang='lat' dir='ltr'>autem:</span> 
     </span>
    </p>
   </div>
   <div class='ocr_carea' id='block_1_10' title="bbox 63 1664 1055 1802">
    <p class='ocr_par' dir='ltr' id='par_1_10' title="bbox 63 1664 1055 1802">
     <span class='ocr_line' id='line_1_29' title="bbox 63 1664 1052 1713; baseline -0.005 -11"><span class='ocrx_word' id='word_1_193' title='bbox 63 1664 223 1702; x_wconf 63' lang='lat' dir='ltr'>,Mortem</span> <span class='ocrx_word' id='word_1_194' title='bbox 254 1677 426 1712; x_wconf 77' lang='lat' dir='ltr'>regnasse</span> <span class='ocrx_word' id='word_1_195' title='bbox 460 1665 569 1699; x_wconf 81' lang='lat' dir='ltr'>eliam</span> <span class='ocrx_word' id='word_1_196' title='bbox 603 1664 642 1698; x_wconf 81' lang='lat' dir='ltr'>in</span> <span class='ocrx_word' id='word_1_197' title='bbox 667 1677 743 1704; x_wconf 80' lang='lat' dir='ltr'>eos,</span> <span class='ocrx_word' id='word_1_198' title='bbox 787 1665 855 1713; x_wconf 81' lang='lat' dir='ltr'>qui</span> <span class='ocrx_word' id='word_1_199' title='bbox 877 1678 949 1699; x_wconf 87' lang='lat' dir='ltr'>non</span> <span class='ocrx_word' id='word_1_200' title='bbox 974 1677 1052 1712; x_wconf 77' lang='lat' dir='ltr'>pec-</span> 
     </span>
     <span class='ocr_line' id='line_1_30' title="bbox 64 1714 1055 1762; baseline -0.003 -11"><span class='ocrx_word' id='word_1_201' title='bbox 64 1722 233 1752; x_wconf 69' lang='lat' dir='ltr'>caverunt</span> <span class='ocrx_word' id='word_1_202' title='bbox 271 1714 468 1751; x_wconf 78' lang='lat' dir='ltr'>secundum</span> <span class='ocrx_word' id='word_1_203' title='bbox 517 1714 801 1749; x_wconf 81' lang='lat' dir='ltr'>similitudinem</span> <span class='ocrx_word' id='word_1_204' title='bbox 844 1721 1055 1762; x_wconf 75' lang='lat' dir='ltr'>transgres-</span> 
     </span>
     <span class='ocr_line' id='line_1_31' title="bbox 426 1764 687 1802; baseline 0.008 -2"><span class='ocrx_word' id='word_1_205' title='bbox 426 1766 544 1801; x_wconf 81' lang='lat' dir='ltr'>sionis</span> <span class='ocrx_word' id='word_1_206' title='bbox 574 1764 687 1802; x_wconf 82' lang='lat' dir='ltr'>Adae.</span> 
     </span>
    </p>
   </div>
   <div class='ocr_carea' id='block_1_11' title="bbox 62 1834 1054 1981">
    <p class='ocr_par' dir='ltr' id='par_1_11' title="bbox 62 1834 1054 1981">
     <span class='ocr_line' id='line_1_32' title="bbox 170 1834 1054 1876; baseline -0.007 -6"><span class='ocrx_word' id='word_1_207' title='bbox 170 1835 210 1870; x_wconf 87' lang='lat' dir='ltr'>Id</span> <span class='ocrx_word' id='word_1_208' title='bbox 228 1843 295 1876; x_wconf 85' lang='lat' dir='ltr'>est,</span> <span class='ocrx_word' id='word_1_209' title='bbox 318 1834 437 1869; x_wconf 90' lang='lat' dir='ltr'>Etiam</span> <span class='ocrx_word' id='word_1_210' title='bbox 461 1835 613 1868; x_wconf 85' lang='lat' dir='ltr'>infantes</span> <span class='ocrx_word' id='word_1_211' title='bbox 639 1835 744 1868; x_wconf 89' lang='lat' dir='ltr'>morti</span> <span class='ocrx_word' id='word_1_212' title='bbox 770 1834 946 1868; x_wconf 84' lang='lat' dir='ltr'>subiectos</span> <span class='ocrx_word' id='word_1_213' title='bbox 972 1845 1054 1871; x_wconf 82' lang='lat' dir='ltr'>esse,</span> 
     </span>
     <span class='ocr_line' id='line_1_33' title="bbox 64 1884 1053 1930; baseline -0.006 -8"><span class='ocrx_word' id='word_1_214' title='bbox 64 1888 201 1923; x_wconf 84' lang='lat' dir='ltr'>tametsi</span> <span class='ocrx_word' id='word_1_215' title='bbox 221 1899 292 1920; x_wconf 91' lang='lat' dir='ltr'>non</span> <span class='ocrx_word' id='word_1_216' title='bbox 310 1884 440 1920; x_wconf 88' lang='lat' dir='ltr'>habent</span> <span class='ocrx_word' id='word_1_217' title='bbox 456 1886 603 1919; x_wconf 82' lang='lat' dir='ltr'>actualia</span> <span class='ocrx_word' id='word_1_218' title='bbox 623 1893 772 1930; x_wconf 87' lang='lat' dir='ltr'>peccata.</span> <span class='ocrx_word' id='word_1_219' title='bbox 814 1884 904 1918; x_wconf 84' lang='lat' dir='ltr'>Nam</span> <span class='ocrx_word' id='word_1_220' title='bbox 923 1884 1053 1918; x_wconf 85' lang='lat' dir='ltr'>Paulus</span> 
     </span>
     <span class='ocr_line' id='line_1_34' title="bbox 62 1934 1052 1981; baseline -0.005 -9"><span class='ocrx_word' id='word_1_221' title='bbox 62 1939 197 1973; x_wconf 89' lang='lat' dir='ltr'>actuale</span> <span class='ocrx_word' id='word_1_222' title='bbox 230 1945 407 1981; x_wconf 86' lang='lat' dir='ltr'>peccatum</span> <span class='ocrx_word' id='word_1_223' title='bbox 441 1944 541 1970; x_wconf 90' lang='lat' dir='ltr'>vocat</span> <span class='ocrx_word' id='word_1_224' title='bbox 574 1937 897 1980; x_wconf 80' lang='lat' dir='ltr'>transgressionem.</span> <span class='ocrx_word' id='word_1_225' title='bbox 975 1934 1052 1968; x_wconf 90' lang='lat' dir='ltr'>Iloc</span> 
     </span>
    </p>
   </div>
   <div class='ocr_carea' id='block_1_12' title="bbox 63 1987 1076 2035">
    <p class='ocr_par' dir='ltr' id='par_1_12' title="bbox 63 1987 1076 2035">
     <span class='ocr_line' id='line_1_35' title="bbox 63 1987 1076 2035; baseline -0.006 -12"><span class='ocrx_word' id='word_1_226' title='bbox 63 1991 142 2023; x_wconf 85' lang='lat' dir='ltr'>ideo</span> <span class='ocrx_word' id='word_1_227' title='bbox 166 1990 270 2030; x_wconf 88' lang='lat' dir='ltr'>dicit,</span> <span class='ocrx_word' id='word_1_228' title='bbox 304 1996 342 2022; x_wconf 81' lang='lat' dir='ltr'>ut</span> <span class='ocrx_word' id='word_1_229' title='bbox 365 1989 548 2022; x_wconf 80' lang='lat' dir='ltr'>confirmet</span> <span class='ocrx_word' id='word_1_230' title='bbox 580 1988 730 2035; x_wconf 83' lang='lat' dir='ltr'>primam</span> <span class='ocrx_word' id='word_1_231' title='bbox 762 1987 1051 2032; x_wconf 61' lang='lat' dir='ltr'>propositionem,</span> <span class='ocrx_word' id='word_1_232' title='bbox 1074 2014 1076 2022; x_wconf 33' lang='lat' dir='ltr'><em>s</em></span> 
     </span>
    </p>
   </div>
   <div class='ocr_carea' id='block_1_13' title="bbox 64 2039 1050 2084">
    <p class='ocr_par' dir='ltr' id='par_1_13' title="bbox 64 2039 1050 2084">
     <span class='ocr_line' id='line_1_36' title="bbox 64 2039 1050 2084; baseline -0.004 -11"><span class='ocrx_word' id='word_1_233' title='bbox 64 2039 200 2074; x_wconf 88' lang='lat' dir='ltr'>Omnes</span> <span class='ocrx_word' id='word_1_234' title='bbox 217 2051 288 2073; x_wconf 85' lang='lat' dir='ltr'>esse</span> <span class='ocrx_word' id='word_1_235' title='bbox 304 2052 391 2073; x_wconf 87' lang='lat' dir='ltr'>reos.</span> <span class='ocrx_word' id='word_1_236' title='bbox 442 2039 480 2073; x_wconf 80' lang='lat' dir='ltr'>Si</span> <span class='ocrx_word' id='word_1_237' title='bbox 504 2039 597 2071; x_wconf 89' lang='lat' dir='ltr'>enim</span> <span class='ocrx_word' id='word_1_238' title='bbox 623 2039 776 2073; x_wconf 84' lang='lat' dir='ltr'>infantes</span> <span class='ocrx_word' id='word_1_239' title='bbox 800 2051 942 2084; x_wconf 82' lang='lat' dir='ltr'>quoque</span> <span class='ocrx_word' id='word_1_240' title='bbox 969 2044 1050 2070; x_wconf 89' lang='lat' dir='ltr'>sunt</span> 
     </span>
    </p>
   </div>
   <div class='ocr_carea' id='block_1_14' title="bbox 64 2088 1074 2184">
    <p class='ocr_par' dir='ltr' id='par_1_14' title="bbox 64 2088 1074 2184">
     <span class='ocr_line' id='line_1_37' title="bbox 64 2088 1074 2135; baseline -0.003 -12"><span class='ocrx_word' id='word_1_241' title='bbox 64 2091 209 2124; x_wconf 87' lang='lat' dir='ltr'>subiecti</span> <span class='ocrx_word' id='word_1_242' title='bbox 232 2091 355 2130; x_wconf 86' lang='lat' dir='ltr'>morti,</span> <span class='ocrx_word' id='word_1_243' title='bbox 381 2089 475 2133; x_wconf 76' lang='lat' dir='ltr'>Ergo</span> <span class='ocrx_word' id='word_1_244' title='bbox 501 2088 632 2123; x_wconf 86' lang='lat' dir='ltr'>habent</span> <span class='ocrx_word' id='word_1_245' title='bbox 655 2091 833 2135; x_wconf 76' lang='lat' dir='ltr'>quoddam</span> <span class='ocrx_word' id='word_1_246' title='bbox 858 2097 1049 2133; x_wconf 86' lang='lat' dir='ltr'>peccatum.</span> <span class='ocrx_word' id='word_1_247' title='bbox 1072 2093 1074 2097; x_wconf 90' lang='grc'><strong>’</strong></span> 
     </span>
     <span class='ocr_line' id='line_1_38' title="bbox 65 2139 1074 2184; baseline -0.002 -10"><span class='ocrx_word' id='word_1_248' title='bbox 65 2141 159 2184; x_wconf 85' lang='lat' dir='ltr'>Quia</span> <span class='ocrx_word' id='word_1_249' title='bbox 178 2153 270 2174; x_wconf 88' lang='lat' dir='ltr'>mors</span> <span class='ocrx_word' id='word_1_250' title='bbox 289 2141 433 2174; x_wconf 84' lang='lat' dir='ltr'>intravit</span> <span class='ocrx_word' id='word_1_251' title='bbox 448 2152 506 2184; x_wconf 89' lang='lat' dir='ltr'>per</span> <span class='ocrx_word' id='word_1_252' title='bbox 525 2147 701 2184; x_wconf 88' lang='lat' dir='ltr'>peccatum</span> <span class='ocrx_word' id='word_1_253' title='bbox 722 2141 758 2175; x_wconf 89' lang='lat' dir='ltr'>in</span> <span class='ocrx_word' id='word_1_254' title='bbox 778 2143 966 2181; x_wconf 88' lang='lat' dir='ltr'>mundum,</span> <span class='ocrx_word' id='word_1_255' title='bbox 988 2139 1049 2172; x_wconf 84' lang='lat' dir='ltr'>Est</span> <span class='ocrx_word' id='word_1_256' title='bbox 1072 2141 1074 2150; x_wconf 93' lang='lat'>&#39;</span> 
     </span>
    </p>
   </div>
   <div class='ocr_carea' id='block_1_15' title="bbox 62 2193 794 2236">
    <p class='ocr_par' dir='ltr' id='par_1_15' title="bbox 62 2193 794 2236">
     <span class='ocr_line' id='line_1_39' title="bbox 62 2193 794 2236; baseline 0 -10"><span class='ocrx_word' id='word_1_257' title='bbox 62 2193 171 2236; x_wconf 86' lang='lat' dir='ltr'>igitur</span> <span class='ocrx_word' id='word_1_258' title='bbox 187 2193 280 2226; x_wconf 85' lang='lat' dir='ltr'>aliud</span> <span class='ocrx_word' id='word_1_259' title='bbox 299 2200 475 2235; x_wconf 86' lang='lat' dir='ltr'>peccatum</span> <span class='ocrx_word' id='word_1_260' title='bbox 495 2198 632 2235; x_wconf 83' lang='lat' dir='ltr'>praeter</span> <span class='ocrx_word' id='word_1_261' title='bbox 649 2193 794 2227; x_wconf 86' lang='lat' dir='ltr'>actuale.</span> 
     </span>
    </p>
   </div>
   <div class='ocr_carea' id='block_1_16' title="bbox 278 2278 840 2332">
    <p class='ocr_par' dir='ltr' id='par_1_16' title="bbox 278 2278 840 2332">
     <span class='ocr_line' id='line_1_40' title="bbox 278 2278 840 2332; baseline -0.002 -17"><span class='ocrx_word' id='word_1_262' title='bbox 278 2278 355 2328; x_wconf 78' lang='lat' dir='ltr'>Qui</span> <span class='ocrx_word' id='word_1_263' title='bbox 383 2287 433 2316; x_wconf 78' lang='lat' dir='ltr'>est</span> <span class='ocrx_word' id='word_1_264' title='bbox 451 2285 584 2332; x_wconf 84' lang='lat' dir='ltr'>forma</span> <span class='ocrx_word' id='word_1_265' title='bbox 611 2281 753 2328; x_wconf 75' lang='lat' dir='ltr'>futuri,</span> <span class='ocrx_word' id='word_1_266' title='bbox 781 2286 840 2319; x_wconf 83' lang='lat' dir='ltr'>etc.</span> 
     </span>
    </p>
   </div>
   <div class='ocr_carea' id='block_1_17' title="bbox 66 2348 1053 2650">
    <p class='ocr_par' dir='ltr' id='par_1_17' title="bbox 66 2348 1053 2650">
     <span class='ocr_line' id='line_1_41' title="bbox 167 2348 1052 2393; baseline -0.001 -10"><span class='ocrx_word' id='word_1_267' title='bbox 167 2348 346 2383; x_wconf 72' lang='lat' dir='ltr'>Hactenus</span> <span class='ocrx_word' id='word_1_268' title='bbox 364 2352 592 2385; x_wconf 81' lang='lat' dir='ltr'>concionatus</span> <span class='ocrx_word' id='word_1_269' title='bbox 607 2357 655 2383; x_wconf 86' lang='lat' dir='ltr'>est</span> <span class='ocrx_word' id='word_1_270' title='bbox 674 2350 717 2382; x_wconf 87' lang='lat' dir='ltr'>de</span> <span class='ocrx_word' id='word_1_271' title='bbox 734 2357 872 2392; x_wconf 87' lang='lat' dir='ltr'>peccato</span> <span class='ocrx_word' id='word_1_272' title='bbox 894 2350 1052 2393; x_wconf 86' lang='lat' dir='ltr'>originis,</span> 
     </span>
     <span class='ocr_line' id='line_1_42' title="bbox 66 2398 1052 2445; baseline -0.001 -11"><span class='ocrx_word' id='word_1_273' title='bbox 66 2401 158 2445; x_wconf 88' lang='lat' dir='ltr'>quod</span> <span class='ocrx_word' id='word_1_274' title='bbox 171 2398 254 2433; x_wconf 89' lang='lat' dir='ltr'>haec</span> <span class='ocrx_word' id='word_1_275' title='bbox 272 2408 395 2434; x_wconf 82' lang='lat' dir='ltr'>natura</span> <span class='ocrx_word' id='word_1_276' title='bbox 410 2400 563 2435; x_wconf 89' lang='lat' dir='ltr'>humana</span> <span class='ocrx_word' id='word_1_277' title='bbox 585 2402 628 2434; x_wconf 87' lang='lat' dir='ltr'>sit</span> <span class='ocrx_word' id='word_1_278' title='bbox 645 2412 701 2434; x_wconf 81' lang='lat' dir='ltr'>rea</span> <span class='ocrx_word' id='word_1_279' title='bbox 717 2407 749 2433; x_wconf 87' lang='lat' dir='ltr'>et</span> <span class='ocrx_word' id='word_1_280' title='bbox 766 2408 939 2444; x_wconf 87' lang='lat' dir='ltr'>corrupta.</span> <span class='ocrx_word' id='word_1_281' title='bbox 971 2402 1052 2433; x_wconf 83' lang='lat' dir='ltr'>ldeo</span> 
     </span>
     <span class='ocr_line' id='line_1_43' title="bbox 67 2451 1052 2496; baseline 0.001 -13"><span class='ocrx_word' id='word_1_282' title='bbox 67 2463 140 2484; x_wconf 87' lang='lat' dir='ltr'>non</span> <span class='ocrx_word' id='word_1_283' title='bbox 163 2458 212 2484; x_wconf 85' lang='lat' dir='ltr'>est</span> <span class='ocrx_word' id='word_1_284' title='bbox 236 2452 325 2491; x_wconf 74' lang='lat' dir='ltr'>iusta</span> <span class='ocrx_word' id='word_1_285' title='bbox 352 2453 426 2496; x_wconf 67' lang='lat' dir='ltr'>lege</span> <span class='ocrx_word' id='word_1_286' title='bbox 454 2454 507 2486; x_wconf 89' lang='lat' dir='ltr'>vel</span> <span class='ocrx_word' id='word_1_287' title='bbox 537 2453 725 2496; x_wconf 82' lang='lat' dir='ltr'>operibuS,</span> <span class='ocrx_word' id='word_1_288' title='bbox 766 2452 847 2496; x_wconf 82' lang='lat' dir='ltr'>qnia</span> <span class='ocrx_word' id='word_1_289' title='bbox 879 2451 947 2493; x_wconf 84' lang='lat' dir='ltr'>legi</span> <span class='ocrx_word' id='word_1_290' title='bbox 981 2464 1052 2484; x_wconf 89' lang='lat' dir='ltr'>non</span> 
     </span>
     <span class='ocr_line' id='line_1_44' title="bbox 67 2502 1052 2546; baseline 0.001 -12"><span class='ocrx_word' id='word_1_291' title='bbox 67 2509 217 2546; x_wconf 81' lang='lat' dir='ltr'>praestat</span> <span class='ocrx_word' id='word_1_292' title='bbox 241 2514 357 2535; x_wconf 88' lang='lat' dir='ltr'>veram</span> <span class='ocrx_word' id='word_1_293' title='bbox 383 2505 643 2544; x_wconf 82' lang='lat' dir='ltr'>obedientiam,</span> <span class='ocrx_word' id='word_1_294' title='bbox 679 2503 737 2535; x_wconf 87' lang='lat' dir='ltr'>sed</span> <span class='ocrx_word' id='word_1_295' title='bbox 766 2509 910 2535; x_wconf 80' lang='lat' dir='ltr'>manent</span> <span class='ocrx_word' id='word_1_296' title='bbox 929 2502 965 2534; x_wconf 90' lang='lat' dir='ltr'>in</span> <span class='ocrx_word' id='word_1_297' title='bbox 992 2515 1052 2535; x_wconf 90' lang='lat' dir='ltr'>na—</span> 
     </span>
     <span class='ocr_line' id='line_1_45' title="bbox 68 2550 1052 2599; baseline 0 -13"><span class='ocrx_word' id='word_1_298' title='bbox 68 2560 145 2587; x_wconf 83' lang='lat' dir='ltr'>tura</span> <span class='ocrx_word' id='word_1_299' title='bbox 169 2550 340 2593; x_wconf 82' lang='lat' dir='ltr'>hominis,</span> <span class='ocrx_word' id='word_1_300' title='bbox 367 2556 564 2599; x_wconf 83' lang='lat' dir='ltr'>corruptio,</span> <span class='ocrx_word' id='word_1_301' title='bbox 602 2555 766 2593; x_wconf 74' lang='lat' dir='ltr'>caecitas,</span> <span class='ocrx_word' id='word_1_302' title='bbox 802 2554 1052 2596; x_wconf 65' lang='lat' dir='ltr'>concupiscen-</span> 
     </span>
     <span class='ocr_line' id='line_1_46' title="bbox 66 2601 1053 2650; baseline 0.001 -14"><span class='ocrx_word' id='word_1_303' title='bbox 66 2604 133 2644; x_wconf 85' lang='lat' dir='ltr'>tia,</span> <span class='ocrx_word' id='word_1_304' title='bbox 154 2611 186 2636; x_wconf 84' lang='lat' dir='ltr'>et</span> <span class='ocrx_word' id='word_1_305' title='bbox 204 2601 389 2637; x_wconf 76' lang='lat' dir='ltr'>horribiles</span> <span class='ocrx_word' id='word_1_306' title='bbox 405 2607 555 2650; x_wconf 82' lang='lat' dir='ltr'>impetus</span> <span class='ocrx_word' id='word_1_307' title='bbox 573 2613 692 2638; x_wconf 89' lang='lat' dir='ltr'>contra</span> <span class='ocrx_word' id='word_1_308' title='bbox 711 2605 821 2647; x_wconf 81' lang='lat' dir='ltr'>legem</span> <span class='ocrx_word' id='word_1_309' title='bbox 840 2603 916 2639; x_wconf 82' lang='lat' dir='ltr'>Dei,</span> <span class='ocrx_word' id='word_1_310' title='bbox 952 2602 1053 2647; x_wconf 82' lang='lat' dir='ltr'>Opus</span> 
     </span>
    </p>
   </div>
   <div class='ocr_carea' id='block_1_18' title="bbox 65 2655 1078 2700">
    <p class='ocr_par' dir='ltr' id='par_1_18' title="bbox 65 2655 1078 2700">
     <span class='ocr_line' id='line_1_47' title="bbox 65 2655 1078 2700; baseline -0.001 -12"><span class='ocrx_word' id='word_1_311' title='bbox 65 2661 114 2688; x_wconf 89' lang='lat' dir='ltr'>est</span> <span class='ocrx_word' id='word_1_312' title='bbox 145 2655 252 2697; x_wconf 87' lang='lat' dir='ltr'>igitur</span> <span class='ocrx_word' id='word_1_313' title='bbox 283 2655 350 2688; x_wconf 84' lang='lat' dir='ltr'>alia</span> <span class='ocrx_word' id='word_1_314' title='bbox 383 2660 531 2700; x_wconf 82' lang='lat' dir='ltr'>quadam</span> <span class='ocrx_word' id='word_1_315' title='bbox 570 2656 734 2698; x_wconf 83' lang='lat' dir='ltr'>iusticia,</span> <span class='ocrx_word' id='word_1_316' title='bbox 777 2655 909 2689; x_wconf 87' lang='lat' dir='ltr'>scilicet</span> <span class='ocrx_word' id='word_1_317' title='bbox 943 2656 1078 2699; x_wconf 73' lang='lat' dir='ltr'>gratia.</span> 
     </span>
    </p>
   </div>
   <div class='ocr_carea' id='block_1_19' title="bbox 115 2707 651 2742">
    <p class='ocr_par' dir='ltr' id='par_1_19' title="bbox 115 2707 651 2742">
     <span class='ocr_line' id='line_1_48' title="bbox 115 2707 651 2742; baseline 0.004 -3"><span class='ocrx_word' id='word_1_318' title='bbox 115 2707 294 2741; x_wconf 75' lang='lat' dir='ltr'>MELANTH.</span> <span class='ocrx_word' id='word_1_319' title='bbox 324 2708 425 2742; x_wconf 69' lang='lat' dir='ltr'>Orsa.</span> <span class='ocrx_word' id='word_1_320' title='bbox 466 2711 548 2742; x_wconf 70' lang='lat' dir='ltr'>Voi„</span> <span class='ocrx_word' id='word_1_321' title='bbox 574 2710 651 2742; x_wconf 76' lang='lat' dir='ltr'>XV.</span> 
     </span>
    </p>
   </div>
   <div class='ocr_carea' id='block_1_20' title="bbox 286 75 1919 136">
    <p class='ocr_par' dir='ltr' id='par_1_20' title="bbox 286 75 1919 136">
     <span class='ocr_line' id='line_1_49' title="bbox 286 75 1919 136; baseline -0.004 -13"><span class='ocrx_word' id='word_1_322' title='bbox 286 87 388 125; x_wconf 88' lang='lat' dir='ltr'>Xlll.</span> <span class='ocrx_word' id='word_1_323' title='bbox 439 88 473 122; x_wconf 74' lang='lat'>2.</span> <span class='ocrx_word' id='word_1_324' title='bbox 504 83 944 122; x_wconf 61' lang='lat' dir='ltr'>COMMENTARHJN</span> <span class='ocrx_word' id='word_1_325' title='bbox 970 81 1125 120; x_wconf 84' lang='lat' dir='ltr'>EPIST.</span> <span class='ocrx_word' id='word_1_326' title='bbox 1153 77 1301 115; x_wconf 87' lang='lat' dir='ltr'><strong>PAULI</strong></span> <span class='ocrx_word' id='word_1_327' title='bbox 1328 77 1396 112; x_wconf 91' lang='lat' dir='ltr'>AD</span> <span class='ocrx_word' id='word_1_328' title='bbox 1416 75 1689 136; x_wconf 29' lang='lat' dir='ltr'><strong>AROMANOS.</strong></span> <span class='ocrx_word' id='word_1_329' title='bbox 1743 80 1845 118; x_wconf 85' lang='lat' dir='ltr'>CAP.</span> <span class='ocrx_word' id='word_1_330' title='bbox 1875 84 1919 122; x_wconf 83' lang='lat' dir='ltr'>V.</span> 
     </span>
    </p>
   </div>
   <div class='ocr_carea' id='block_1_21' title="bbox 1080 432 1093 1608">
    <p class='ocr_par' dir='ltr' id='par_1_21' title="bbox 1080 432 1093 1608">
     <span class='ocr_line' id='line_1_50' title="bbox 1080 432 1093 1608; baseline 0 0"><span class='ocrx_word' id='word_1_331' title='bbox 1080 432 1093 1608; x_wconf 95' lang='lat' dir='ltr'> </span> 
     </span>
    </p>
   </div>
   <div class='ocr_carea' id='block_1_22' title="bbox 1073 1388 1085 2174">
    <p class='ocr_par' dir='ltr' id='par_1_22' title="bbox 1073 1388 1085 2174">
     <span class='ocr_line' id='line_1_51' title="bbox 1073 1388 1085 2174; baseline 0 0"><span class='ocrx_word' id='word_1_332' title='bbox 1073 1388 1085 2174; x_wconf 95' lang='lat' dir='ltr'> </span> 
     </span>
    </p>
   </div>
   <div class='ocr_carea' id='block_1_23' title="bbox 2047 87 2120 122">
    <p class='ocr_par' dir='ltr' id='par_1_23' title="bbox 2047 87 2120 122">
     <span class='ocr_line' id='line_1_52' title="bbox 2047 87 2120 122; baseline 0.014 -1"><span class='ocrx_word' id='word_1_333' title='bbox 2047 87 2120 122; x_wconf 76' lang='lat'>626</span> 
     </span>
    </p>
   </div>
   <div class='ocr_carea' id='block_1_24' title="bbox 1125 162 2118 262">
    <p class='ocr_par' dir='ltr' id='par_1_24' title="bbox 1125 162 2118 262">
     <span class='ocr_line' id='line_1_53' title="bbox 1128 162 2118 216; baseline 0.008 -18"><span class='ocrx_word' id='word_1_334' title='bbox 1128 162 1280 203; x_wconf 78' lang='lat' dir='ltr'>Christi,</span> <span class='ocrx_word' id='word_1_335' title='bbox 1310 164 1389 197; x_wconf 86' lang='lat' dir='ltr'>ideo</span> <span class='ocrx_word' id='word_1_336' title='bbox 1420 164 1463 196; x_wconf 84' lang='lat' dir='ltr'>de</span> <span class='ocrx_word' id='word_1_337' title='bbox 1487 175 1524 196; x_wconf 83' lang='lat' dir='ltr'>ea</span> <span class='ocrx_word' id='word_1_338' title='bbox 1551 163 1619 197; x_wconf 88' lang='lat' dir='ltr'>iam</span> <span class='ocrx_word' id='word_1_339' title='bbox 1646 165 1769 211; x_wconf 86' lang='lat' dir='ltr'>incipit</span> <span class='ocrx_word' id='word_1_340' title='bbox 1796 170 2016 213; x_wconf 87' lang='lat' dir='ltr'>concionari,</span> <span class='ocrx_word' id='word_1_341' title='bbox 2045 172 2118 216; x_wconf 85' lang='lat' dir='ltr'>Qui</span> 
     </span>
     <span class='ocr_line' id='line_1_54' title="bbox 1125 214 1622 262; baseline 0 -13"><span class='ocrx_word' id='word_1_342' title='bbox 1125 224 1174 250; x_wconf 88' lang='lat' dir='ltr'>est</span> <span class='ocrx_word' id='word_1_343' title='bbox 1197 214 1349 262; x_wconf 79' lang='lat' dir='ltr'>(inquit)</span> <span class='ocrx_word' id='word_1_344' title='bbox 1368 216 1479 248; x_wconf 82' lang='lat' dir='ltr'>forma</span> <span class='ocrx_word' id='word_1_345' title='bbox 1498 216 1622 249; x_wconf 80' lang='lat' dir='ltr'>futuri.</span> 
     </span>
    </p>
   </div>
   <div class='ocr_carea' id='block_1_25' title="bbox 1492 297 1746 329">
    <p class='ocr_par' dir='ltr' id='par_1_25' title="bbox 1492 297 1746 329">
     <span class='ocr_line' id='line_1_55' title="bbox 1492 297 1746 329; baseline 0.008 -2"><span class='ocrx_word' id='word_1_346' title='bbox 1492 297 1552 327; x_wconf 76' lang='lat' dir='ltr'>De</span> <span class='ocrx_word' id='word_1_347' title='bbox 1583 297 1746 329; x_wconf 65' lang='lat' dir='ltr'>Gratia,</span> 
     </span>
    </p>
   </div>
   <div class='ocr_carea' id='block_1_26' title="bbox 1101 365 2111 2703">
    <p class='ocr_par' dir='ltr' id='par_1_26' title="bbox 1119 365 2111 564">
     <span class='ocr_line' id='line_1_56' title="bbox 1223 365 2111 419; baseline 0.01 -20"><span class='ocrx_word' id='word_1_348' title='bbox 1223 365 1322 399; x_wconf 81' lang='lat' dir='ltr'>Sicut</span> <span class='ocrx_word' id='word_1_349' title='bbox 1346 377 1450 410; x_wconf 78' lang='lat' dir='ltr'>supra</span> <span class='ocrx_word' id='word_1_350' title='bbox 1477 367 1565 400; x_wconf 86' lang='lat' dir='ltr'>dixit</span> <span class='ocrx_word' id='word_1_351' title='bbox 1590 368 1633 400; x_wconf 91' lang='lat' dir='ltr'>de</span> <span class='ocrx_word' id='word_1_352' title='bbox 1660 378 1822 411; x_wconf 86' lang='lat' dir='ltr'>peccato,</span> <span class='ocrx_word' id='word_1_353' title='bbox 1851 372 1893 404; x_wconf 87' lang='lat' dir='ltr'>de</span> <span class='ocrx_word' id='word_1_354' title='bbox 1911 385 2011 406; x_wconf 86' lang='lat' dir='ltr'>cansa</span> <span class='ocrx_word' id='word_1_355' title='bbox 2032 389 2111 419; x_wconf 88' lang='lat' dir='ltr'>pec-</span> 
     </span>
     <span class='ocr_line' id='line_1_57' title="bbox 1120 416 2110 461; baseline 0.009 -13"><span class='ocrx_word' id='word_1_356' title='bbox 1120 416 1205 457; x_wconf 87' lang='lat' dir='ltr'>cati,</span> <span class='ocrx_word' id='word_1_357' title='bbox 1240 417 1282 449; x_wconf 87' lang='lat' dir='ltr'>de</span> <span class='ocrx_word' id='word_1_358' title='bbox 1315 417 1569 460; x_wconf 82' lang='lat' dir='ltr'>propagatione</span> <span class='ocrx_word' id='word_1_359' title='bbox 1596 425 1627 451; x_wconf 88' lang='lat' dir='ltr'>et</span> <span class='ocrx_word' id='word_1_360' title='bbox 1654 419 1799 461; x_wconf 75' lang='lat' dir='ltr'>effectu,</span> <span class='ocrx_word' id='word_1_361' title='bbox 1837 421 1882 454; x_wconf 82' lang='lat' dir='ltr'>ita</span> <span class='ocrx_word' id='word_1_362' title='bbox 1916 424 1984 458; x_wconf 78' lang='lat' dir='ltr'>iam</span> <span class='ocrx_word' id='word_1_363' title='bbox 2011 427 2110 461; x_wconf 82' lang='lat' dir='ltr'>docet</span> 
     </span>
     <span class='ocr_line' id='line_1_58' title="bbox 1119 467 2109 520; baseline 0.01 -22"><span class='ocrx_word' id='word_1_364' title='bbox 1119 468 1160 500; x_wconf 89' lang='lat' dir='ltr'>de</span> <span class='ocrx_word' id='word_1_365' title='bbox 1177 467 1307 510; x_wconf 82' lang='lat' dir='ltr'>gratia,</span> <span class='ocrx_word' id='word_1_366' title='bbox 1337 468 1380 499; x_wconf 75' lang='lat' dir='ltr'>de</span> <span class='ocrx_word' id='word_1_367' title='bbox 1398 480 1516 508; x_wconf 84' lang='lat' dir='ltr'>causa,</span> <span class='ocrx_word' id='word_1_368' title='bbox 1544 470 1805 511; x_wconf 83' lang='lat' dir='ltr'>propagatione,</span> <span class='ocrx_word' id='word_1_369' title='bbox 1836 480 1868 505; x_wconf 87' lang='lat' dir='ltr'>et</span> <span class='ocrx_word' id='word_1_370' title='bbox 1886 474 2010 509; x_wconf 75' lang='lat' dir='ltr'>effectu</span> <span class='ocrx_word' id='word_1_371' title='bbox 2030 489 2109 520; x_wconf 74' lang='lat' dir='ltr'>gra-</span> 
     </span>
     <span class='ocr_line' id='line_1_59' title="bbox 1119 517 1986 564; baseline 0.006 -13"><span class='ocrx_word' id='word_1_372' title='bbox 1119 518 1206 560; x_wconf 88' lang='lat' dir='ltr'>tiae,</span> <span class='ocrx_word' id='word_1_373' title='bbox 1231 517 1279 550; x_wconf 83' lang='lat' dir='ltr'>Ut</span> <span class='ocrx_word' id='word_1_374' title='bbox 1297 518 1439 558; x_wconf 86' lang='lat' dir='ltr'>doceat,</span> <span class='ocrx_word' id='word_1_375' title='bbox 1460 526 1636 561; x_wconf 84' lang='lat' dir='ltr'>peccatum</span> <span class='ocrx_word' id='word_1_376' title='bbox 1657 521 1733 554; x_wconf 87' lang='lat' dir='ltr'>tolli</span> <span class='ocrx_word' id='word_1_377' title='bbox 1751 534 1812 564; x_wconf 90' lang='lat' dir='ltr'>per</span> <span class='ocrx_word' id='word_1_378' title='bbox 1829 524 1986 564; x_wconf 71' lang='lat' dir='ltr'>gratiam,</span> 
     </span>
    </p>

    <p class='ocr_par' dir='ltr' id='par_1_27' title="bbox 1115 567 2108 959">
     <span class='ocr_line' id='line_1_60' title="bbox 1217 567 2108 620; baseline 0.013 -22"><span class='ocrx_word' id='word_1_379' title='bbox 1217 567 1412 610; x_wconf 84' lang='lat' dir='ltr'>Coniungit</span> <span class='ocrx_word' id='word_1_380' title='bbox 1437 576 1552 601; x_wconf 81' lang='lat' dir='ltr'>autem</span> <span class='ocrx_word' id='word_1_381' title='bbox 1575 570 1722 612; x_wconf 82' lang='lat' dir='ltr'>gratiam</span> <span class='ocrx_word' id='word_1_382' title='bbox 1748 580 1778 605; x_wconf 88' lang='lat' dir='ltr'>et</span> <span class='ocrx_word' id='word_1_383' title='bbox 1799 575 1931 606; x_wconf 90' lang='lat' dir='ltr'>donum</span> <span class='ocrx_word' id='word_1_384' title='bbox 1952 588 2013 618; x_wconf 90' lang='lat' dir='ltr'>per</span> <span class='ocrx_word' id='word_1_385' title='bbox 2029 590 2108 620; x_wconf 83' lang='lat' dir='ltr'>gra-</span> 
     </span>
     <span class='ocr_line' id='line_1_61' title="bbox 1117 617 2108 666; baseline 0.013 -19"><span class='ocrx_word' id='word_1_386' title='bbox 1117 620 1212 654; x_wconf 74' lang='lat' dir='ltr'>tiam,</span> <span class='ocrx_word' id='word_1_387' title='bbox 1260 617 1481 652; x_wconf 75' lang='lat' dir='ltr'>Vocabulum</span> <span class='ocrx_word' id='word_1_388' title='bbox 1499 620 1630 662; x_wconf 86' lang='lat' dir='ltr'>gratiae</span> <span class='ocrx_word' id='word_1_389' title='bbox 1645 621 1815 664; x_wconf 81' lang='lat' dir='ltr'>significat</span> <span class='ocrx_word' id='word_1_390' title='bbox 1835 626 2021 666; x_wconf 85' lang='lat' dir='ltr'>gratuitam</span> <span class='ocrx_word' id='word_1_391' title='bbox 2042 629 2108 661; x_wconf 90' lang='lat' dir='ltr'>mi-</span> 
     </span>
     <span class='ocr_line' id='line_1_62' title="bbox 1116 668 2107 715; baseline 0.003 -12"><span class='ocrx_word' id='word_1_392' title='bbox 1116 670 1356 705; x_wconf 87' lang='lat' dir='ltr'>sericordiam.</span> <span class='ocrx_word' id='word_1_393' title='bbox 1410 669 1493 704; x_wconf 81' lang='lat' dir='ltr'>Ideo</span> <span class='ocrx_word' id='word_1_394' title='bbox 1514 668 1570 704; x_wconf 89' lang='lat' dir='ltr'>hic</span> <span class='ocrx_word' id='word_1_395' title='bbox 1591 672 1759 715; x_wconf 77' lang='lat' dir='ltr'>significat</span> <span class='ocrx_word' id='word_1_396' title='bbox 1781 675 1959 707; x_wconf 81' lang='lat' dir='ltr'>verissime</span> <span class='ocrx_word' id='word_1_397' title='bbox 1985 679 2107 711; x_wconf 85' lang='lat' dir='ltr'>remis-</span> 
     </span>
     <span class='ocr_line' id='line_1_63' title="bbox 1116 722 2106 770; baseline 0.008 -16"><span class='ocrx_word' id='word_1_398' title='bbox 1116 722 1249 754; x_wconf 86' lang='lat' dir='ltr'>sionem</span> <span class='ocrx_word' id='word_1_399' title='bbox 1276 727 1517 764; x_wconf 88' lang='lat' dir='ltr'>peccatorum,</span> <span class='ocrx_word' id='word_1_400' title='bbox 1554 728 1588 756; x_wconf 87' lang='lat' dir='ltr'>et</span> <span class='ocrx_word' id='word_1_401' title='bbox 1605 724 1791 765; x_wconf 81' lang='lat' dir='ltr'>gratuitam</span> <span class='ocrx_word' id='word_1_402' title='bbox 1820 728 2106 770; x_wconf 81' lang='lat' dir='ltr'>acceptationem,</span> 
     </span>
     <span class='ocr_line' id='line_1_64' title="bbox 1116 769 2106 822; baseline 0.007 -17"><span class='ocrx_word' id='word_1_403' title='bbox 1116 784 1203 817; x_wconf 79' lang='lat' dir='ltr'>quae</span> <span class='ocrx_word' id='word_1_404' title='bbox 1221 772 1255 805; x_wconf 82' lang='lat' dir='ltr'>fit</span> <span class='ocrx_word' id='word_1_405' title='bbox 1274 783 1336 819; x_wconf 81' lang='lat' dir='ltr'>per</span> <span class='ocrx_word' id='word_1_406' title='bbox 1352 769 1545 808; x_wconf 76' lang='lat' dir='ltr'>Christum.</span> <span class='ocrx_word' id='word_1_407' title='bbox 1591 772 1735 806; x_wconf 91' lang='lat' dir='ltr'>Donum</span> <span class='ocrx_word' id='word_1_408' title='bbox 1755 787 1816 818; x_wconf 85' lang='lat' dir='ltr'>per</span> <span class='ocrx_word' id='word_1_409' title='bbox 1830 779 1977 817; x_wconf 78' lang='lat' dir='ltr'>gratiam</span> <span class='ocrx_word' id='word_1_410' title='bbox 1998 779 2106 822; x_wconf 85' lang='lat' dir='ltr'>signi-</span> 
     </span>
     <span class='ocr_line' id='line_1_65' title="bbox 1115 822 2106 871; baseline 0.008 -15"><span class='ocrx_word' id='word_1_411' title='bbox 1115 824 1193 856; x_wconf 84' lang='lat' dir='ltr'>ficat</span> <span class='ocrx_word' id='word_1_412' title='bbox 1216 823 1444 855; x_wconf 84' lang='lat' dir='ltr'>donationem</span> <span class='ocrx_word' id='word_1_413' title='bbox 1469 822 1624 866; x_wconf 85' lang='lat' dir='ltr'>Spiritus</span> <span class='ocrx_word' id='word_1_414' title='bbox 1646 825 1777 865; x_wconf 85' lang='lat' dir='ltr'>sancti,</span> <span class='ocrx_word' id='word_1_415' title='bbox 1812 827 1871 871; x_wconf 91' lang='lat' dir='ltr'>qui</span> <span class='ocrx_word' id='word_1_416' title='bbox 1900 829 2015 863; x_wconf 87' lang='lat' dir='ltr'>incoat</span> <span class='ocrx_word' id='word_1_417' title='bbox 2041 843 2106 864; x_wconf 81' lang='lat' dir='ltr'>no-</span> 
     </span>
     <span class='ocr_line' id='line_1_66' title="bbox 1116 875 2105 919; baseline 0.009 -13"><span class='ocrx_word' id='word_1_418' title='bbox 1116 887 1194 907; x_wconf 81' lang='lat' dir='ltr'>vam</span> <span class='ocrx_word' id='word_1_419' title='bbox 1212 881 1243 906; x_wconf 90' lang='lat' dir='ltr'>et</span> <span class='ocrx_word' id='word_1_420' title='bbox 1260 881 1436 906; x_wconf 80' lang='lat' dir='ltr'>aeternam</span> <span class='ocrx_word' id='word_1_421' title='bbox 1458 875 1566 907; x_wconf 69' lang='lat' dir='ltr'>vitam</span> <span class='ocrx_word' id='word_1_422' title='bbox 1595 876 1631 909; x_wconf 90' lang='lat' dir='ltr'>in</span> <span class='ocrx_word' id='word_1_423' title='bbox 1655 877 1802 919; x_wconf 86' lang='lat' dir='ltr'>animis,</span> <span class='ocrx_word' id='word_1_424' title='bbox 1830 886 1861 911; x_wconf 89' lang='lat' dir='ltr'>et</span> <span class='ocrx_word' id='word_1_425' title='bbox 1889 879 2014 914; x_wconf 85' lang='lat' dir='ltr'>excitat</span> <span class='ocrx_word' id='word_1_426' title='bbox 2039 894 2105 915; x_wconf 89' lang='lat' dir='ltr'>no-</span> 
     </span>
     <span class='ocr_line' id='line_1_67' title="bbox 1116 931 1328 959; baseline 0.005 -2"><span class='ocrx_word' id='word_1_427' title='bbox 1116 938 1177 959; x_wconf 80' lang='lat' dir='ltr'>vos</span> <span class='ocrx_word' id='word_1_428' title='bbox 1201 931 1328 958; x_wconf 83' lang='lat' dir='ltr'>motus.</span> 
     </span>
    </p>

    <p class='ocr_par' dir='ltr' id='par_1_28' title="bbox 1107 975 2106 1668">
     <span class='ocr_line' id='line_1_68' title="bbox 1214 975 2106 1019; baseline 0.011 -11"><span class='ocrx_word' id='word_1_429' title='bbox 1214 975 1373 1008; x_wconf 86' lang='lat' dir='ltr'>Primum</span> <span class='ocrx_word' id='word_1_430' title='bbox 1408 975 1515 1018; x_wconf 79' lang='lat' dir='ltr'>igitur</span> <span class='ocrx_word' id='word_1_431' title='bbox 1547 976 1681 1010; x_wconf 78' lang='lat' dir='ltr'>confert</span> <span class='ocrx_word' id='word_1_432' title='bbox 1706 976 1821 1011; x_wconf 86' lang='lat' dir='ltr'>Adam</span> <span class='ocrx_word' id='word_1_433' title='bbox 1856 987 1887 1013; x_wconf 90' lang='lat' dir='ltr'>et</span> <span class='ocrx_word' id='word_1_434' title='bbox 1910 979 2106 1019; x_wconf 87' lang='lat' dir='ltr'>Christum.</span> 
     </span>
     <span class='ocr_line' id='line_1_69' title="bbox 1112 1026 2104 1074; baseline 0.008 -14"><span class='ocrx_word' id='word_1_435' title='bbox 1112 1027 1208 1060; x_wconf 73' lang='lat' dir='ltr'>Ilaec</span> <span class='ocrx_word' id='word_1_436' title='bbox 1224 1026 1364 1060; x_wconf 77' lang='lat' dir='ltr'>collatio</span> <span class='ocrx_word' id='word_1_437' title='bbox 1384 1027 1485 1059; x_wconf 81' lang='lat' dir='ltr'>valde</span> <span class='ocrx_word' id='word_1_438' title='bbox 1505 1027 1657 1060; x_wconf 84' lang='lat' dir='ltr'>illustrat</span> <span class='ocrx_word' id='word_1_439' title='bbox 1683 1035 1872 1074; x_wconf 88' lang='lat' dir='ltr'>utrumque</span> <span class='ocrx_word' id='word_1_440' title='bbox 1895 1035 2104 1069; x_wconf 75' lang='lat' dir='ltr'>membrum,</span> 
     </span>
     <span class='ocr_line' id='line_1_70' title="bbox 1113 1078 2104 1127; baseline 0.007 -16"><span class='ocrx_word' id='word_1_441' title='bbox 1113 1078 1274 1111; x_wconf 84' lang='lat' dir='ltr'>Declarat</span> <span class='ocrx_word' id='word_1_442' title='bbox 1293 1084 1407 1110; x_wconf 87' lang='lat' dir='ltr'>autem</span> <span class='ocrx_word' id='word_1_443' title='bbox 1427 1078 1573 1110; x_wconf 82' lang='lat' dir='ltr'>modunl</span> <span class='ocrx_word' id='word_1_444' title='bbox 1591 1079 1718 1118; x_wconf 86' lang='lat' dir='ltr'>meriti,</span> <span class='ocrx_word' id='word_1_445' title='bbox 1747 1083 1839 1124; x_wconf 88' lang='lat' dir='ltr'>quod</span> <span class='ocrx_word' id='word_1_446' title='bbox 1861 1089 2007 1127; x_wconf 86' lang='lat' dir='ltr'>uterque</span> <span class='ocrx_word' id='word_1_447' title='bbox 2027 1086 2104 1119; x_wconf 87' lang='lat' dir='ltr'>aliis</span> 
     </span>
     <span class='ocr_line' id='line_1_71' title="bbox 1114 1126 2104 1171; baseline 0.01 -11"><span class='ocrx_word' id='word_1_448' title='bbox 1114 1128 1298 1166; x_wconf 80' lang='lat' dir='ltr'>meruerit,</span> <span class='ocrx_word' id='word_1_449' title='bbox 1339 1126 1454 1160; x_wconf 89' lang='lat' dir='ltr'>Adam</span> <span class='ocrx_word' id='word_1_450' title='bbox 1483 1128 1611 1161; x_wconf 83' lang='lat' dir='ltr'>meruit</span> <span class='ocrx_word' id='word_1_451' title='bbox 1634 1128 1712 1161; x_wconf 86' lang='lat' dir='ltr'>aliis</span> <span class='ocrx_word' id='word_1_452' title='bbox 1745 1139 1899 1171; x_wconf 87' lang='lat' dir='ltr'>reatum,</span> <span class='ocrx_word' id='word_1_453' title='bbox 1941 1132 2104 1170; x_wconf 83' lang='lat' dir='ltr'>Christus</span> 
     </span>
     <span class='ocr_line' id='line_1_72' title="bbox 1114 1178 2104 1221; baseline 0.009 -10"><span class='ocrx_word' id='word_1_454' title='bbox 1114 1179 1243 1211; x_wconf 89' lang='lat' dir='ltr'>meruit</span> <span class='ocrx_word' id='word_1_455' title='bbox 1258 1178 1335 1211; x_wconf 89' lang='lat' dir='ltr'>aliis</span> <span class='ocrx_word' id='word_1_456' title='bbox 1353 1178 1687 1214; x_wconf 78' lang='lat' dir='ltr'>reconciliationem.</span> <span class='ocrx_word' id='word_1_457' title='bbox 1742 1179 1837 1214; x_wconf 88' lang='lat' dir='ltr'>Haec</span> <span class='ocrx_word' id='word_1_458' title='bbox 1853 1183 1994 1218; x_wconf 88' lang='lat' dir='ltr'>collatio</span> <span class='ocrx_word' id='word_1_459' title='bbox 2012 1187 2104 1221; x_wconf 90' lang='lat' dir='ltr'>clare</span> 
     </span>
     <span class='ocr_line' id='line_1_73' title="bbox 1113 1229 2102 1274; baseline 0.009 -12"><span class='ocrx_word' id='word_1_460' title='bbox 1113 1230 1239 1262; x_wconf 78' lang='lat' dir='ltr'>refellit</span> <span class='ocrx_word' id='word_1_461' title='bbox 1273 1229 1492 1262; x_wconf 79' lang='lat' dir='ltr'>adversarios</span> <span class='ocrx_word' id='word_1_462' title='bbox 1511 1254 1520 1266; x_wconf 94' lang='lat'>,</span> <span class='ocrx_word' id='word_1_463' title='bbox 1561 1229 1621 1274; x_wconf 90' lang='lat' dir='ltr'>qni</span> <span class='ocrx_word' id='word_1_464' title='bbox 1662 1230 1902 1273; x_wconf 84' lang='lat' dir='ltr'>imaginantur</span> <span class='ocrx_word' id='word_1_465' title='bbox 1944 1232 2102 1271; x_wconf 86' lang='lat' dir='ltr'>homines</span> 
     </span>
     <span class='ocr_line' id='line_1_74' title="bbox 1113 1280 2101 1323; baseline 0.009 -11"><span class='ocrx_word' id='word_1_466' title='bbox 1113 1281 1220 1312; x_wconf 87' lang='lat' dir='ltr'>iustos</span> <span class='ocrx_word' id='word_1_467' title='bbox 1240 1292 1311 1312; x_wconf 89' lang='lat' dir='ltr'>esse</span> <span class='ocrx_word' id='word_1_468' title='bbox 1331 1280 1472 1323; x_wconf 85' lang='lat' dir='ltr'>propria</span> <span class='ocrx_word' id='word_1_469' title='bbox 1499 1280 1695 1322; x_wconf 55' lang='lat' dir='ltr'>dignitates</span> <span class='ocrx_word' id='word_1_470' title='bbox 1735 1281 1803 1315; x_wconf 74' lang='lat' dir='ltr'>Hic</span> <span class='ocrx_word' id='word_1_471' title='bbox 1819 1285 1912 1317; x_wconf 85' lang='lat' dir='ltr'>enim</span> <span class='ocrx_word' id='word_1_472' title='bbox 1932 1287 2023 1320; x_wconf 84' lang='lat' dir='ltr'>clare</span> <span class='ocrx_word' id='word_1_473' title='bbox 2045 1289 2101 1321; x_wconf 88' lang='lat' dir='ltr'>di-</span> 
     </span>
     <span class='ocr_line' id='line_1_75' title="bbox 1111 1330 2100 1374; baseline 0.009 -11"><span class='ocrx_word' id='word_1_474' title='bbox 1111 1331 1174 1364; x_wconf 88' lang='lat' dir='ltr'>cit:</span> <span class='ocrx_word' id='word_1_475' title='bbox 1218 1330 1316 1364; x_wconf 82' lang='lat' dir='ltr'>Sicut</span> <span class='ocrx_word' id='word_1_476' title='bbox 1342 1330 1401 1362; x_wconf 89' lang='lat' dir='ltr'>alii</span> <span class='ocrx_word' id='word_1_477' title='bbox 1427 1337 1568 1373; x_wconf 87' lang='lat' dir='ltr'>propter</span> <span class='ocrx_word' id='word_1_478' title='bbox 1594 1331 1709 1364; x_wconf 78' lang='lat' dir='ltr'>Adam</span> <span class='ocrx_word' id='word_1_479' title='bbox 1742 1334 1791 1365; x_wconf 86' lang='lat' dir='ltr'>rei</span> <span class='ocrx_word' id='word_1_480' title='bbox 1822 1343 1930 1374; x_wconf 82' lang='lat' dir='ltr'>sunt,</span> <span class='ocrx_word' id='word_1_481' title='bbox 1969 1338 2016 1371; x_wconf 86' lang='lat' dir='ltr'>ita</span> <span class='ocrx_word' id='word_1_482' title='bbox 2040 1340 2100 1372; x_wconf 86' lang='lat' dir='ltr'>alii</span> 
     </span>
     <span class='ocr_line' id='line_1_76' title="bbox 1112 1378 2100 1424; baseline 0.011 -11"><span class='ocrx_word' id='word_1_483' title='bbox 1112 1388 1254 1424; x_wconf 88' lang='lat' dir='ltr'>propter</span> <span class='ocrx_word' id='word_1_484' title='bbox 1279 1378 1459 1414; x_wconf 79' lang='lat' dir='ltr'>Christum</span> <span class='ocrx_word' id='word_1_485' title='bbox 1485 1381 1567 1414; x_wconf 87' lang='lat' dir='ltr'>insti</span> <span class='ocrx_word' id='word_1_486' title='bbox 1592 1390 1685 1415; x_wconf 88' lang='lat' dir='ltr'>sunt.</span> <span class='ocrx_word' id='word_1_487' title='bbox 1747 1382 1792 1417; x_wconf 88' lang='lat' dir='ltr'>Et</span> <span class='ocrx_word' id='word_1_488' title='bbox 1817 1383 1901 1419; x_wconf 86' lang='lat' dir='ltr'>baec</span> <span class='ocrx_word' id='word_1_489' title='bbox 1927 1391 2100 1424; x_wconf 86' lang='lat' dir='ltr'>sententia</span> 
     </span>
     <span class='ocr_line' id='line_1_77' title="bbox 1110 1430 2100 1484; baseline 0.011 -21"><span class='ocrx_word' id='word_1_490' title='bbox 1110 1444 1210 1476; x_wconf 83' lang='lat' dir='ltr'>saepe</span> <span class='ocrx_word' id='word_1_491' title='bbox 1236 1432 1416 1475; x_wconf 86' lang='lat' dir='ltr'>repetitur.</span> <span class='ocrx_word' id='word_1_492' title='bbox 1477 1432 1533 1464; x_wconf 79' lang='lat' dir='ltr'>De</span> <span class='ocrx_word' id='word_1_493' title='bbox 1560 1430 1625 1466; x_wconf 88' lang='lat' dir='ltr'>hoc</span> <span class='ocrx_word' id='word_1_494' title='bbox 1653 1435 1759 1467; x_wconf 88' lang='lat' dir='ltr'>modo</span> <span class='ocrx_word' id='word_1_495' title='bbox 1786 1437 1902 1470; x_wconf 87' lang='lat' dir='ltr'>meriti</span> <span class='ocrx_word' id='word_1_496' title='bbox 1932 1438 2100 1484; x_wconf 84' lang='lat' dir='ltr'>loquitur,</span> 
     </span>
     <span class='ocr_line' id='line_1_78' title="bbox 1109 1482 2100 1531; baseline 0.009 -15"><span class='ocrx_word' id='word_1_497' title='bbox 1109 1495 1188 1516; x_wconf 90' lang='lat' dir='ltr'>cum</span> <span class='ocrx_word' id='word_1_498' title='bbox 1221 1483 1288 1516; x_wconf 88' lang='lat' dir='ltr'>ait:</span> <span class='ocrx_word' id='word_1_499' title='bbox 1330 1482 1445 1515; x_wconf 87' lang='lat' dir='ltr'>Adam</span> <span class='ocrx_word' id='word_1_500' title='bbox 1471 1490 1519 1516; x_wconf 87' lang='lat' dir='ltr'>est</span> <span class='ocrx_word' id='word_1_501' title='bbox 1553 1484 1750 1528; x_wconf 85' lang='lat' dir='ltr'>exemplum</span> <span class='ocrx_word' id='word_1_502' title='bbox 1774 1484 1923 1528; x_wconf 86' lang='lat' dir='ltr'>Christi,</span> <span class='ocrx_word' id='word_1_503' title='bbox 1957 1490 2100 1531; x_wconf 87' lang='lat' dir='ltr'>scilicet,</span> 
     </span>
     <span class='ocr_line' id='line_1_79' title="bbox 1108 1531 2099 1581; baseline 0.009 -15"><span class='ocrx_word' id='word_1_504' title='bbox 1108 1534 1203 1578; x_wconf 85' lang='lat' dir='ltr'>qnod</span> <span class='ocrx_word' id='word_1_505' title='bbox 1229 1535 1271 1566; x_wconf 93' lang='lat' dir='ltr'>ad</span> <span class='ocrx_word' id='word_1_506' title='bbox 1298 1531 1363 1565; x_wconf 85' lang='lat' dir='ltr'>hoc</span> <span class='ocrx_word' id='word_1_507' title='bbox 1388 1533 1531 1572; x_wconf 87' lang='lat' dir='ltr'>attinet,</span> <span class='ocrx_word' id='word_1_508' title='bbox 1574 1534 1655 1578; x_wconf 90' lang='lat' dir='ltr'>quia</span> <span class='ocrx_word' id='word_1_509' title='bbox 1682 1543 1830 1581; x_wconf 86' lang='lat' dir='ltr'>uterque</span> <span class='ocrx_word' id='word_1_510' title='bbox 1857 1539 1935 1572; x_wconf 91' lang='lat' dir='ltr'>aliis</span> <span class='ocrx_word' id='word_1_511' title='bbox 1958 1543 2099 1577; x_wconf 86' lang='lat' dir='ltr'>meruit.</span> 
     </span>
     <span class='ocr_line' id='line_1_80' title="bbox 1107 1583 2099 1626; baseline 0.009 -9"><span class='ocrx_word' id='word_1_512' title='bbox 1107 1583 1196 1617; x_wconf 84' lang='lat' dir='ltr'>Nam</span> <span class='ocrx_word' id='word_1_513' title='bbox 1220 1585 1256 1616; x_wconf 91' lang='lat' dir='ltr'>in</span> <span class='ocrx_word' id='word_1_514' title='bbox 1283 1584 1471 1617; x_wconf 77' lang='lat' dir='ltr'>collatione</span> <span class='ocrx_word' id='word_1_515' title='bbox 1502 1596 1575 1617; x_wconf 90' lang='lat' dir='ltr'>non</span> <span class='ocrx_word' id='word_1_516' title='bbox 1607 1596 1746 1620; x_wconf 85' lang='lat' dir='ltr'>necesse</span> <span class='ocrx_word' id='word_1_517' title='bbox 1776 1596 1826 1622; x_wconf 88' lang='lat' dir='ltr'>est</span> <span class='ocrx_word' id='word_1_518' title='bbox 1853 1591 1972 1624; x_wconf 84' lang='lat' dir='ltr'>omnia</span> <span class='ocrx_word' id='word_1_519' title='bbox 2001 1592 2099 1626; x_wconf 89' lang='lat' dir='ltr'>simi—</span> 
     </span>
     <span class='ocr_line' id='line_1_81' title="bbox 1108 1635 1255 1668; baseline 0 -1"><span class='ocrx_word' id='word_1_520' title='bbox 1108 1635 1154 1668; x_wconf 85' lang='lat' dir='ltr'>lia</span> <span class='ocrx_word' id='word_1_521' title='bbox 1173 1646 1255 1667; x_wconf 82' lang='lat' dir='ltr'>esse.</span> 
     </span>
    </p>

    <p class='ocr_par' dir='ltr' id='par_1_29' title="bbox 1104 1684 2098 1922">
     <span class='ocr_line' id='line_1_82' title="bbox 1209 1684 2098 1733; baseline 0.012 -15"><span class='ocrx_word' id='word_1_522' title='bbox 1209 1684 1291 1718; x_wconf 85' lang='lat' dir='ltr'>ldeo</span> <span class='ocrx_word' id='word_1_523' title='bbox 1307 1684 1437 1718; x_wconf 75' lang='lat' dir='ltr'>Paulus</span> <span class='ocrx_word' id='word_1_524' title='bbox 1457 1684 1530 1728; x_wconf 89' lang='lat' dir='ltr'>ipse</span> <span class='ocrx_word' id='word_1_525' title='bbox 1547 1686 1644 1720; x_wconf 80' lang='lat' dir='ltr'>addit</span> <span class='ocrx_word' id='word_1_526' title='bbox 1670 1689 1944 1733; x_wconf 85' lang='lat' dir='ltr'>correctionem,</span> <span class='ocrx_word' id='word_1_527' title='bbox 1972 1700 2012 1727; x_wconf 88' lang='lat' dir='ltr'>ut</span> <span class='ocrx_word' id='word_1_528' title='bbox 2034 1695 2098 1728; x_wconf 85' lang='lat' dir='ltr'>ad-</span> 
     </span>
     <span class='ocr_line' id='line_1_83' title="bbox 1107 1736 2097 1789; baseline 0.011 -21"><span class='ocrx_word' id='word_1_529' title='bbox 1107 1744 1247 1769; x_wconf 84' lang='lat' dir='ltr'>moneat</span> <span class='ocrx_word' id='word_1_530' title='bbox 1279 1736 1388 1769; x_wconf 88' lang='lat' dir='ltr'>multa</span> <span class='ocrx_word' id='word_1_531' title='bbox 1419 1747 1490 1769; x_wconf 80' lang='lat' dir='ltr'>esse</span> <span class='ocrx_word' id='word_1_532' title='bbox 1522 1737 1707 1771; x_wconf 88' lang='lat' dir='ltr'>dissimilia</span> <span class='ocrx_word' id='word_1_533' title='bbox 1733 1740 1770 1772; x_wconf 86' lang='lat' dir='ltr'>in</span> <span class='ocrx_word' id='word_1_534' title='bbox 1798 1738 1862 1774; x_wconf 86' lang='lat' dir='ltr'>hac</span> <span class='ocrx_word' id='word_1_535' title='bbox 1895 1743 2097 1789; x_wconf 85' lang='lat' dir='ltr'>collatione,</span> 
     </span>
     <span class='ocr_line' id='line_1_84' title="bbox 1106 1787 2095 1835; baseline 0.011 -16"><span class='ocrx_word' id='word_1_536' title='bbox 1106 1787 1154 1819; x_wconf 91' lang='lat' dir='ltr'>sic</span> <span class='ocrx_word' id='word_1_537' title='bbox 1180 1787 1272 1819; x_wconf 76' lang='lat' dir='ltr'>enlm</span> <span class='ocrx_word' id='word_1_538' title='bbox 1295 1787 1428 1832; x_wconf 86' lang='lat' dir='ltr'>inquit:</span> <span class='ocrx_word' id='word_1_539' title='bbox 1466 1787 1534 1821; x_wconf 74' lang='lat' dir='ltr'>Sed</span> <span class='ocrx_word' id='word_1_540' title='bbox 1560 1800 1632 1821; x_wconf 93' lang='lat' dir='ltr'>non</span> <span class='ocrx_word' id='word_1_541' title='bbox 1659 1789 1748 1823; x_wconf 88' lang='lat' dir='ltr'>sicut</span> <span class='ocrx_word' id='word_1_542' title='bbox 1774 1792 1960 1835; x_wconf 68' lang='lat' dir='ltr'>delictum,</span> <span class='ocrx_word' id='word_1_543' title='bbox 1989 1795 2038 1829; x_wconf 89' lang='lat' dir='ltr'>sic</span> <span class='ocrx_word' id='word_1_544' title='bbox 2063 1805 2095 1831; x_wconf 82' lang='lat' dir='ltr'>et</span> 
     </span>
     <span class='ocr_line' id='line_1_85' title="bbox 1105 1838 2095 1880; baseline 0.012 -11"><span class='ocrx_word' id='word_1_545' title='bbox 1105 1839 1257 1878; x_wconf 88' lang='lat' dir='ltr'>donum,</span> <span class='ocrx_word' id='word_1_546' title='bbox 1284 1838 1320 1870; x_wconf 84' lang='lat' dir='ltr'>id</span> <span class='ocrx_word' id='word_1_547' title='bbox 1339 1845 1407 1878; x_wconf 87' lang='lat' dir='ltr'>est,</span> <span class='ocrx_word' id='word_1_548' title='bbox 1435 1839 1544 1871; x_wconf 85' lang='lat' dir='ltr'>multa</span> <span class='ocrx_word' id='word_1_549' title='bbox 1575 1846 1655 1873; x_wconf 85' lang='lat' dir='ltr'>sunt</span> <span class='ocrx_word' id='word_1_550' title='bbox 1674 1841 1858 1875; x_wconf 82' lang='lat' dir='ltr'>dissimilia</span> <span class='ocrx_word' id='word_1_551' title='bbox 1878 1844 1915 1877; x_wconf 91' lang='lat' dir='ltr'>in</span> <span class='ocrx_word' id='word_1_552' title='bbox 1934 1843 1998 1879; x_wconf 86' lang='lat' dir='ltr'>bac</span> <span class='ocrx_word' id='word_1_553' title='bbox 2023 1848 2095 1880; x_wconf 92' lang='lat' dir='ltr'>col-</span> 
     </span>
     <span class='ocr_line' id='line_1_86' title="bbox 1104 1889 1539 1922; baseline 0 0"><span class='ocrx_word' id='word_1_554' title='bbox 1104 1889 1235 1922; x_wconf 86' lang='lat' dir='ltr'>latione</span> <span class='ocrx_word' id='word_1_555' title='bbox 1253 1889 1370 1922; x_wconf 88' lang='lat' dir='ltr'>delicti</span> <span class='ocrx_word' id='word_1_556' title='bbox 1389 1896 1420 1921; x_wconf 88' lang='lat' dir='ltr'>et</span> <span class='ocrx_word' id='word_1_557' title='bbox 1440 1889 1539 1922; x_wconf 89' lang='lat' dir='ltr'>doni.</span> 
     </span>
    </p>

    <p class='ocr_par' dir='ltr' id='par_1_30' title="bbox 1103 1939 2095 2075">
     <span class='ocr_line' id='line_1_87' title="bbox 1206 1939 2094 1986; baseline 0.011 -14"><span class='ocrx_word' id='word_1_558' title='bbox 1206 1939 1365 1973; x_wconf 89' lang='lat' dir='ltr'>Primum</span> <span class='ocrx_word' id='word_1_559' title='bbox 1390 1951 1443 1972; x_wconf 82' lang='lat' dir='ltr'>res</span> <span class='ocrx_word' id='word_1_560' title='bbox 1470 1940 1727 1975; x_wconf 79' lang='lat' dir='ltr'>diversissimae</span> <span class='ocrx_word' id='word_1_561' title='bbox 1749 1951 1849 1986; x_wconf 87' lang='lat' dir='ltr'>sunt,</span> <span class='ocrx_word' id='word_1_562' title='bbox 1890 1954 2005 1981; x_wconf 81' lang='lat' dir='ltr'>reatus</span> <span class='ocrx_word' id='word_1_563' title='bbox 2033 1961 2094 1983; x_wconf 90' lang='lat' dir='ltr'>seu</span> 
     </span>
     <span class='ocr_line' id='line_1_88' title="bbox 1104 1991 2095 2036; baseline 0.01 -13"><span class='ocrx_word' id='word_1_564' title='bbox 1104 1998 1304 2034; x_wconf 83' lang='lat' dir='ltr'>peccatum,</span> <span class='ocrx_word' id='word_1_565' title='bbox 1341 1997 1374 2025; x_wconf 86' lang='lat' dir='ltr'>et</span> <span class='ocrx_word' id='word_1_566' title='bbox 1402 1991 1502 2024; x_wconf 84' lang='lat' dir='ltr'>venia</span> <span class='ocrx_word' id='word_1_567' title='bbox 1527 2003 1587 2025; x_wconf 87' lang='lat' dir='ltr'>seu</span> <span class='ocrx_word' id='word_1_568' title='bbox 1610 1993 1741 2036; x_wconf 84' lang='lat' dir='ltr'>gratia,</span> <span class='ocrx_word' id='word_1_569' title='bbox 1775 2007 1871 2029; x_wconf 88' lang='lat' dir='ltr'>mors</span> <span class='ocrx_word' id='word_1_570' title='bbox 1896 2005 2034 2032; x_wconf 81' lang='lat' dir='ltr'>aeterna</span> <span class='ocrx_word' id='word_1_571' title='bbox 2061 2007 2095 2034; x_wconf 85' lang='lat' dir='ltr'>et</span> 
     </span>
     <span class='ocr_line' id='line_1_89' title="bbox 1103 2049 1350 2075; baseline 0 -1"><span class='ocrx_word' id='word_1_572' title='bbox 1103 2050 1172 2075; x_wconf 65' lang='lat' dir='ltr'>Vita</span> <span class='ocrx_word' id='word_1_573' title='bbox 1198 2049 1350 2075; x_wconf 87' lang='lat' dir='ltr'>aeterna.</span> 
     </span>
    </p>

    <p class='ocr_par' dir='ltr' id='par_1_31' title="bbox 1101 2092 2092 2534">
     <span class='ocr_line' id='line_1_90' title="bbox 1203 2092 2092 2145; baseline 0.009 -19"><span class='ocrx_word' id='word_1_574' title='bbox 1203 2092 1367 2126; x_wconf 86' lang='lat' dir='ltr'>Secundo</span> <span class='ocrx_word' id='word_1_575' title='bbox 1386 2092 1580 2136; x_wconf 87' lang='lat' dir='ltr'>plurimum</span> <span class='ocrx_word' id='word_1_576' title='bbox 1605 2093 1749 2130; x_wconf 87' lang='lat' dir='ltr'>interest</span> <span class='ocrx_word' id='word_1_577' title='bbox 1774 2097 1811 2130; x_wconf 88' lang='lat' dir='ltr'>in</span> <span class='ocrx_word' id='word_1_578' title='bbox 1836 2098 1940 2131; x_wconf 89' lang='lat' dir='ltr'>modo</span> <span class='ocrx_word' id='word_1_579' title='bbox 1964 2111 2092 2145; x_wconf 87' lang='lat' dir='ltr'>propa—</span> 
     </span>
     <span class='ocr_line' id='line_1_91' title="bbox 1101 2143 2092 2191; baseline 0.009 -16"><span class='ocrx_word' id='word_1_580' title='bbox 1101 2145 1218 2187; x_wconf 85' lang='lat' dir='ltr'>gandi.</span> <span class='ocrx_word' id='word_1_581' title='bbox 1286 2145 1343 2178; x_wconf 90' lang='lat' dir='ltr'>Ab</span> <span class='ocrx_word' id='word_1_582' title='bbox 1372 2143 1486 2176; x_wconf 83' lang='lat' dir='ltr'>Adam</span> <span class='ocrx_word' id='word_1_583' title='bbox 1522 2152 1737 2188; x_wconf 80' lang='lat' dir='ltr'>propagatur</span> <span class='ocrx_word' id='word_1_584' title='bbox 1770 2157 1894 2183; x_wconf 87' lang='lat' dir='ltr'>natura</span> <span class='ocrx_word' id='word_1_585' title='bbox 1923 2162 2003 2191; x_wconf 89' lang='lat' dir='ltr'>rea,</span> <span class='ocrx_word' id='word_1_586' title='bbox 2039 2152 2092 2184; x_wconf 90' lang='lat' dir='ltr'>vi-</span> 
     </span>
     <span class='ocr_line' id='line_1_92' title="bbox 1102 2194 2091 2242; baseline 0.008 -14"><span class='ocrx_word' id='word_1_587' title='bbox 1102 2196 1188 2228; x_wconf 88' lang='lat' dir='ltr'>tiosa</span> <span class='ocrx_word' id='word_1_588' title='bbox 1213 2202 1245 2228; x_wconf 87' lang='lat' dir='ltr'>et</span> <span class='ocrx_word' id='word_1_589' title='bbox 1265 2195 1369 2227; x_wconf 90' lang='lat' dir='ltr'>morti</span> <span class='ocrx_word' id='word_1_590' title='bbox 1387 2194 1557 2236; x_wconf 81' lang='lat' dir='ltr'>obnoxia,</span> <span class='ocrx_word' id='word_1_591' title='bbox 1588 2203 1620 2228; x_wconf 91' lang='lat' dir='ltr'>et</span> <span class='ocrx_word' id='word_1_592' title='bbox 1637 2206 1852 2241; x_wconf 83' lang='lat' dir='ltr'>propagatur</span> <span class='ocrx_word' id='word_1_593' title='bbox 1867 2201 2091 2242; x_wconf 82' lang='lat' dir='ltr'>generatione</span> 
     </span>
     <span class='ocr_line' id='line_1_93' title="bbox 1101 2244 2090 2287; baseline 0.009 -9"><span class='ocrx_word' id='word_1_594' title='bbox 1101 2246 1244 2279; x_wconf 82' lang='lat' dir='ltr'>carnali.</span> <span class='ocrx_word' id='word_1_595' title='bbox 1299 2244 1456 2279; x_wconf 88' lang='lat' dir='ltr'>Econtra</span> <span class='ocrx_word' id='word_1_596' title='bbox 1477 2258 1494 2278; x_wconf 90' lang='lat' dir='ltr'>a</span> <span class='ocrx_word' id='word_1_597' title='bbox 1511 2244 1651 2279; x_wconf 79' lang='lat' dir='ltr'>Cin-isto</span> <span class='ocrx_word' id='word_1_598' title='bbox 1671 2249 1823 2283; x_wconf 88' lang='lat' dir='ltr'>donatur</span> <span class='ocrx_word' id='word_1_599' title='bbox 1838 2252 2090 2287; x_wconf 84' lang='lat' dir='ltr'>reconciliatio.</span> 
     </span>
     <span class='ocr_line' id='line_1_94' title="bbox 1102 2296 2090 2343; baseline 0.009 -14"><span class='ocrx_word' id='word_1_600' title='bbox 1102 2296 1195 2330; x_wconf 85' lang='lat' dir='ltr'>Haec</span> <span class='ocrx_word' id='word_1_601' title='bbox 1212 2309 1283 2330; x_wconf 89' lang='lat' dir='ltr'>non</span> <span class='ocrx_word' id='word_1_602' title='bbox 1301 2304 1514 2341; x_wconf 77' lang='lat' dir='ltr'>propagatur</span> <span class='ocrx_word' id='word_1_603' title='bbox 1531 2298 1754 2338; x_wconf 87' lang='lat' dir='ltr'>generatione</span> <span class='ocrx_word' id='word_1_604' title='bbox 1771 2301 1920 2343; x_wconf 86' lang='lat' dir='ltr'>carnali,</span> <span class='ocrx_word' id='word_1_605' title='bbox 1947 2304 2005 2336; x_wconf 89' lang='lat' dir='ltr'>sed</span> <span class='ocrx_word' id='word_1_606' title='bbox 2023 2304 2090 2338; x_wconf 86' lang='lat' dir='ltr'>fide</span> 
     </span>
     <span class='ocr_line' id='line_1_95' title="bbox 1102 2346 2089 2395; baseline 0.008 -15"><span class='ocrx_word' id='word_1_607' title='bbox 1102 2348 1283 2391; x_wconf 86' lang='lat' dir='ltr'>accipitur.</span> <span class='ocrx_word' id='word_1_608' title='bbox 1320 2348 1419 2382; x_wconf 81' lang='lat' dir='ltr'>Sicut</span> <span class='ocrx_word' id='word_1_609' title='bbox 1439 2346 1581 2379; x_wconf 80' lang='lat' dir='ltr'>loannis</span> <span class='ocrx_word' id='word_1_610' title='bbox 1599 2348 1712 2390; x_wconf 81' lang='lat' dir='ltr'>primo</span> <span class='ocrx_word' id='word_1_611' title='bbox 1731 2351 1899 2395; x_wconf 83' lang='lat' dir='ltr'>scripturn</span> <span class='ocrx_word' id='word_1_612' title='bbox 1920 2360 1990 2387; x_wconf 86' lang='lat' dir='ltr'>est:</span> <span class='ocrx_word' id='word_1_613' title='bbox 2018 2354 2089 2388; x_wconf 87' lang='lat' dir='ltr'>De-</span> 
     </span>
     <span class='ocr_line' id='line_1_96' title="bbox 1102 2397 2090 2449; baseline 0.004 -20"><span class='ocrx_word' id='word_1_614' title='bbox 1102 2399 1154 2432; x_wconf 86' lang='lat' dir='ltr'>dit</span> <span class='ocrx_word' id='word_1_615' title='bbox 1181 2399 1230 2431; x_wconf 90' lang='lat' dir='ltr'>eis</span> <span class='ocrx_word' id='word_1_616' title='bbox 1257 2405 1461 2442; x_wconf 84' lang='lat' dir='ltr'>potestatem</span> <span class='ocrx_word' id='word_1_617' title='bbox 1487 2398 1576 2429; x_wconf 83' lang='lat' dir='ltr'>filios</span> <span class='ocrx_word' id='word_1_618' title='bbox 1605 2397 1670 2430; x_wconf 87' lang='lat' dir='ltr'>Dei</span> <span class='ocrx_word' id='word_1_619' title='bbox 1694 2400 1787 2441; x_wconf 79' lang='lat' dir='ltr'>fieri,</span> <span class='ocrx_word' id='word_1_620' title='bbox 1816 2400 1891 2441; x_wconf 90' lang='lat' dir='ltr'>his,</span> <span class='ocrx_word' id='word_1_621' title='bbox 1927 2405 1988 2449; x_wconf 84' lang='lat' dir='ltr'>qui</span> <span class='ocrx_word' id='word_1_622' title='bbox 2015 2418 2090 2438; x_wconf 74' lang='lat' dir='ltr'>cre..</span> 
     </span>
     <span class='ocr_line' id='line_1_97' title="bbox 1102 2447 2090 2499; baseline 0.009 -18"><span class='ocrx_word' id='word_1_623' title='bbox 1102 2451 1209 2488; x_wconf 85' lang='lat' dir='ltr'>dunt,</span> <span class='ocrx_word' id='word_1_624' title='bbox 1238 2458 1300 2485; x_wconf 90' lang='lat' dir='ltr'>etc.</span> <span class='ocrx_word' id='word_1_625' title='bbox 1369 2449 1478 2488; x_wconf 89' lang='lat' dir='ltr'>Item,</span> <span class='ocrx_word' id='word_1_626' title='bbox 1517 2447 1614 2483; x_wconf 84' lang='lat' dir='ltr'>toan.</span> <span class='ocrx_word' id='word_1_627' title='bbox 1641 2448 1694 2483; x_wconf 81' lang='grc'>4.;</span> <span class='ocrx_word' id='word_1_628' title='bbox 1732 2452 1809 2486; x_wconf 74' lang='lat' dir='ltr'>Nisi</span> <span class='ocrx_word' id='word_1_629' title='bbox 1836 2454 1915 2499; x_wconf 87' lang='lat' dir='ltr'>quis</span> <span class='ocrx_word' id='word_1_630' title='bbox 1949 2463 2090 2490; x_wconf 82' lang='lat' dir='ltr'>renatus</span> 
     </span>
     <span class='ocr_line' id='line_1_98' title="bbox 1101 2501 1289 2534; baseline 0.005 -1"><span class='ocrx_word' id='word_1_631' title='bbox 1101 2501 1207 2533; x_wconf 85' lang='lat' dir='ltr'>suerit</span> <span class='ocrx_word' id='word_1_632' title='bbox 1227 2509 1289 2534; x_wconf 87' lang='lat' dir='ltr'>etc.</span> 
     </span>
    </p>

    <p class='ocr_par' dir='ltr' id='par_1_32' title="bbox 1101 2549 2092 2703">
     <span class='ocr_line' id='line_1_99' title="bbox 1203 2549 2091 2601; baseline 0.008 -17"><span class='ocrx_word' id='word_1_633' title='bbox 1203 2551 1299 2584; x_wconf 78' lang='lat' dir='ltr'>Haec</span> <span class='ocrx_word' id='word_1_634' title='bbox 1325 2549 1580 2583; x_wconf 84' lang='lat' dir='ltr'>dissimilitudo</span> <span class='ocrx_word' id='word_1_635' title='bbox 1615 2554 1876 2595; x_wconf 78' lang='lat' dir='ltr'>propagationis</span> <span class='ocrx_word' id='word_1_636' title='bbox 1902 2556 2091 2601; x_wconf 76' lang='lat' dir='ltr'>diligenter</span> 
     </span>
     <span class='ocr_line' id='line_1_100' title="bbox 1101 2599 2091 2652; baseline 0.008 -18"><span class='ocrx_word' id='word_1_637' title='bbox 1101 2603 1321 2635; x_wconf 83' lang='lat' dir='ltr'>observanda</span> <span class='ocrx_word' id='word_1_638' title='bbox 1341 2609 1405 2640; x_wconf 82' lang='lat' dir='ltr'>est,</span> <span class='ocrx_word' id='word_1_639' title='bbox 1435 2608 1578 2644; x_wconf 83' lang='lat' dir='ltr'>propter</span> <span class='ocrx_word' id='word_1_640' title='bbox 1596 2599 1866 2648; x_wconf 62' lang='lat' dir='ltr'>Analniptistas,</span> <span class='ocrx_word' id='word_1_641' title='bbox 1890 2608 1952 2652; x_wconf 86' lang='lat' dir='ltr'>qui</span> <span class='ocrx_word' id='word_1_642' title='bbox 1972 2609 2091 2652; x_wconf 88' lang='lat' dir='ltr'>prodi-</span> 
     </span>
     <span class='ocr_line' id='line_1_101' title="bbox 1103 2649 2092 2703; baseline 0.008 -18"><span class='ocrx_word' id='word_1_643' title='bbox 1103 2653 1200 2697; x_wconf 90' lang='lat' dir='ltr'>giosa</span> <span class='ocrx_word' id='word_1_644' title='bbox 1220 2653 1448 2686; x_wconf 80' lang='lat' dir='ltr'>deliramenta</span> <span class='ocrx_word' id='word_1_645' title='bbox 1467 2649 1523 2685; x_wconf 88' lang='lat' dir='ltr'>hic</span> <span class='ocrx_word' id='word_1_646' title='bbox 1541 2653 1870 2691; x_wconf 79' lang='lat' dir='ltr'>comminiscuntur.</span> <span class='ocrx_word' id='word_1_647' title='bbox 1899 2659 1972 2692; x_wconf 84' lang='lat' dir='ltr'>Alii</span> <span class='ocrx_word' id='word_1_648' title='bbox 1992 2671 2092 2703; x_wconf 88' lang='lat' dir='ltr'>pror-</span> 
     </span>
    </p>
   </div>
   <div class='ocr_carea' id='block_1_27' title="bbox 1426 2701 1475 2736">
    <p class='ocr_par' dir='ltr' id='par_1_33' title="bbox 1426 2701 1475 2736">
     <span class='ocr_line' id='line_1_102' title="bbox 1426 2701 1475 2736; baseline 0 0"><span class='ocrx_word' id='word_1_649' title='bbox 1426 2701 1475 2736; x_wconf 81' lang='lat'>40</span> 
     </span>
    </p>
   </div>
  </div>
 </body>
</html>
