2415 2942
88 89 161 124 753
253 87 352 122 Xlll.

86 175 289 216 funeribus,
316 185 355 207 ac
372 165 488 218 postea
507 172 638 206 Nicena
658 172 814 217 synodus
834 176 866 204 et
886 170 973 204 aliae
991 183 1074 214 pro-

86 224 281 260 hibuerunt
311 223 402 259 hanc
430 237 592 270 pompam
622 223 805 257 natalium.

190 283 285 328 Ergo
311 292 347 319 ut
373 286 416 318 de
439 284 582 317 caeteris
608 283 742 317 dictum
772 287 840 320 est,
874 279 1073 314 testimonia

87 334 253 370 historica
273 337 310 370 in
329 335 554 369 Tertulliano
583 339 746 378 prosunt,
772 332 835 365 ubi
861 343 1073 364 commemo—

87 395 160 428 rat,
188 388 273 432 qnid
293 387 441 420 senserit
459 387 556 430 prior
570 384 737 419 Ecclesia.
788 382 857 416 Sed
881 382 956 415 eius
973 394 1072 415 enar-

87 439 242 471 rationes
279 445 311 471 et
344 437 599 483 disputationes
635 447 708 468 non
741 433 960 477 recipiantur
996 440 1073 466 tan-

85 501 192 534 quam
218 490 400 532 dogmata,
449 488 516 521 nisi
548 493 720 532 quatenus
743 485 973 518 consentiunt
995 495 1074 517 cum

88 540 279 584 apostolica
304 540 488 585 scriptura.

453 629 507 662 De
534 627 725 674 Cypriano.

185 697 383 745 Cyprianus
398 697 486 732 vixit
511 696 648 730 circiter
667 707 800 729 annum
820 694 972 729 Domini
988 694 1074 730 260.

85 751 241 784 continet
266 749 366 783 utilia
392 748 611 788 testimonia,
646 748 689 780 de
710 745 907 786 Trinitate,
943 747 985 779 de
1011 747 1070 780 ba-

84 801 212 844 ptismo
232 800 476 844 parvulorum,
503 800 546 832 de
562 810 628 832 usu
645 810 773 831 coenae
790 797 955 836 Domini,
979 804 1013 831 et
1029 799 1071 830 de

84 852 195 884 forma
222 851 401 884 electionis
424 848 705 893 Episcoporum‚
740 861 828 895 quos
852 848 973 881 scribit
1000 849 1070 881 ele-

82 909 154 935 ctos
176 913 248 934 esse
272 913 291 934 a
316 908 417 935 coetu
451 899 629 934 Ecclesiae
649 928 658 940 ,
697 908 729 934 et
755 913 829 933 eam
861 900 1068 933 electionem

80 952 340 996 comprobatam
391 963 463 986 esse
503 949 674 986 adhibitis
720 952 899 997 aliquibus
944 951 1071 984 vicinis

80 1001 272 1048 EpiscopiS.

182 1060 250 1095 Sed
267 1067 400 1095 veteres
419 1060 523 1094 etiam
541 1066 707 1094 taxarunt
726 1058 957 1105 Cyprianum,
976 1061 1070 1106 quod

80 1111 184 1147 sentit
209 1112 402 1157 baptizatos
437 1113 480 1145 ab
507 1110 711 1151 haereticis,
740 1122 862 1144 rursus
887 1112 1071 1159 baptizan-

80 1164 142 1196 dos
166 1174 250 1198 esse.
304 1161 469 1196 Effundit
488 1163 581 1196 inter
602 1163 871 1196 declamandum
890 1163 1069 1196 interdum

79 1214 250 1248 absurdas
278 1214 486 1253 sententias,
521 1227 600 1248 cum
624 1220 804 1257 exaggerat
828 1214 1070 1248 immoderatis

79 1262 286 1310 hyperbolis
311 1276 469 1305 causam,
500 1277 603 1310 quam
634 1264 798 1299 instituit.
852 1263 899 1298 Ut
920 1266 962 1297 de
985 1277 1069 1308 poe-

79 1316 134 1349 nis
160 1316 338 1349 canonicis
363 1316 553 1349 admodum
577 1316 713 1349 duriter
742 1315 885 1356 scribit,
918 1316 966 1348 ait
994 1328 1067 1348 non

79 1367 195 1400 valere
227 1366 516 1405 absolutionem,
559 1367 628 1400 nisi
659 1366 742 1400 illae
774 1377 907 1408 poenae
935 1367 1068 1399 fuerint

76 1417 268 1454 absolutae.
322 1416 400 1450 Hoc
425 1418 557 1451 dictum
577 1424 748 1463 quantum
775 1415 904 1451 habeat
930 1418 1066 1451 incom-

76 1468 192 1509 modI,
230 1481 304 1502 non
329 1475 379 1502 est
404 1469 605 1504 obscurum.

180 1525 418 1560 Vehementer
446 1527 550 1560 etiam
575 1527 776 1561 declamitat
808 1527 851 1560 de
878 1527 1066 1566 coelibatu,

79 1577 143 1610 etsi
168 1588 247 1610 eum
268 1578 411 1622 quidem
428 1578 546 1611 locum
563 1578 719 1621 mitigat,
743 1578 839 1611 iubet
858 1576 1066 1612 contrahere

81 1627 243 1670 coniugia
270 1627 349 1661 illos
371 1627 483 1672 ipsos,
520 1628 582 1672 qni
613 1635 693 1661 vota
720 1629 893 1669 fecerant,
938 1629 967 1662 si
993 1641 1065 1662 non

81 1685 220 1711 servent
250 1678 476 1722 promissum.
537 1677 579 1711 In
612 1679 734 1712 libello
772 1680 814 1712 de
845 1679 1064 1725 eleemosyna

79 1729 214 1774 inquit,
244 1735 381 1772 peccata
400 1736 480 1762 ante
494 1729 707 1773 baptismum
733 1730 915 1763 commissa
933 1731 1064 1764 remitti

79 1787 223 1824 propter
245 1777 381 1813 Christi
407 1780 625 1824 passionem,
664 1782 721 1814 sed
749 1787 827 1825 post
851 1781 1065 1825 baptismum

79 1831 316 1876 quaerendam
348 1842 420 1864 esse
454 1832 697 1865 remissionem
725 1844 788 1876 per
818 1831 1065 1878 eleemosynas,

78 1881 177 1915 Idem
203 1881 330 1922 repetit
354 1883 398 1914 de
422 1882 548 1925 lapsis,
597 1890 822 1916 consumtum
856 1895 928 1916 esse
958 1885 1066 1916 bene-

76 1932 194 1967 ficium
211 1930 345 1966 Christi
362 1933 400 1966 in
424 1933 617 1976 baptismo,
647 1941 764 1978 postea
790 1946 851 1978 per
872 1935 1064 1979 eleemosy-

78 1995 141 2018 nas
172 1984 411 2028 quaerendam
441 1995 513 2017 esse
548 1985 801 2018 remissionem.
859 1984 953 2019 Haec
985 1993 1067 2019 sunt

79 2035 182 2078 plena
206 2035 455 2076 absurditatis,
492 2048 582 2080 quae
609 2036 813 2070 admonitus
837 2034 930 2069 haud
960 2037 1067 2069 dubie

78 2085 295 2120 correxisset.
356 2084 436 2118 Non
465 2087 574 2129 igitur
597 2087 689 2121 dicta
716 2088 825 2132 ipsius
857 2087 977 2121 omnia
1002 2100 1065 2131 pro

78 2136 301 2179 dogmatibus
324 2133 488 2170 habenda
511 2144 604 2170 sunt.

177 2194 231 2229 De
252 2207 360 2228 coena
377 2195 522 2229 Domini
548 2197 636 2229 solet
659 2196 711 2229 uti
732 2198 848 2230 verbis
874 2197 1066 2231 oblationis

78 2253 111 2280 et
136 2246 315 2287 sacrificii,
342 2246 432 2280 sicut
456 2248 600 2288 caeteri,
634 2247 695 2291 qui
720 2248 842 2282 dicunt
867 2249 1065 2291 promiscue

78 2297 259 2330 offerimus
287 2298 484 2339 orationes,
526 2298 706 2331 offerimus
736 2311 879 2341 panem,
922 2300 1065 2342 vinum,

79 2347 258 2381 offerimus
282 2360 408 2392 corpus
432 2355 465 2382 et
487 2349 695 2392 sanguinem
724 2347 876 2384 Christi:
921 2363 1001 2384 nam
1029 2351 1064 2383 id

79 2410 219 2443 quoque
249 2399 425 2442 reperitur
456 2401 549 2444 apud
585 2399 814 2445 Cyprianum.
876 2400 970 2435 Hinc
1003 2403 1064 2434 ad-

79 2449 222 2481 versarii
246 2450 357 2483 nostri
381 2458 528 2486 sumunt
553 2451 776 2496 testimonia,
806 2452 848 2484 ad
871 2453 1066 2486 defenden-

80 2500 160 2532 dam
193 2497 509 2544 prophanationem
543 2514 672 2536 coenae
704 2501 853 2536 Domini
888 2503 927 2536 in
956 2502 1066 2537 Missa

82 2557 217 2593 privata
244 2557 306 2587 etc.

182 2608 313 2652 Magna
331 2611 384 2651 vis
401 2618 451 2646 est
467 2612 746 2654 consuetudinis,
762 2619 796 2647 et
810 2609 902 2646 hanc
916 2623 1067 2658 sequeu-

79 2667 129 2694 tes
148 2671 249 2704 saepe
271 2661 464 2706 improprie
481 2664 679 2709 loquuntur
697 2662 876 2697 homines:
914 2672 953 2697 ut
971 2676 1066 2697 nunc

130 2713 305 2745 Marma.
336 2715 438 2746 Orn.
468 2716 549 2747 Ver..
572 2717 648 2749 XV.

406 89 440 122 2.
478 83 842 121 COMMENTARH
872 83 922 118 IN
948 81 1101 118 EPIST.
1130 78 1278 116 PAULI
1304 79 1371 116 AD
1400 78 1662 116 ROMANOS.
1715 79 1821 116 CAP.
1848 79 1947 116 XIV.

2042 80 2115 115 754

1129 167 1273 200 Missam
1293 168 1463 206 dicimus,
1492 179 1570 201 cum
1588 167 1680 200 nulli
1700 174 1781 202 nota
1799 168 1842 202 sit
1863 167 2020 201 nominis
2037 173 2111 214 ety-

1126 219 1287 261 mologia.
1344 219 1393 252 lta
1419 225 1551 252 veteres
1576 219 1797 253 retinuerunt
1817 220 1986 253 vocabula
2012 219 2112 252 obla-

1126 269 1232 301 tionis
1263 277 1295 303 et
1319 270 1498 311 sacrificii,
1540 282 1613 303 non
1636 271 1826 304 admodum
1851 276 2011 304 curantes
2037 277 2112 315 ety-

1126 320 1334 362 mologiam,
1379 326 1439 353 aut
1481 321 1660 364 propriam
1702 321 2005 364 significationem.
2066 320 2111 354 Et

1126 370 1206 414 quia
1225 371 1313 403 vidit
1333 370 1554 413 Augustinus
1570 372 1704 416 aliquid
1728 373 1763 405 in
1788 369 1842 405 his
1863 372 2110 416 appellationi—

1127 422 1190 453 bus
1215 432 1286 454 esse
1309 421 1546 459 incommodi,
1580 422 1653 465 ipse
1677 423 1796 463 leniit,
1825 424 2030 456 sacrificium
2055 423 2109 455 in-

1125 472 1202 516 quit
1225 471 1295 505 dici
1320 484 1384 516 pro
1411 473 1580 505 memoria
1610 474 1788 514 sacrificii,
1834 480 1866 507 et
1892 474 2109 507 oblationem

1125 534 1188 566 pro
1214 523 1380 556 memoria
1404 523 1606 556 oblationis.
1660 523 1735 557 Hae
1759 531 1841 558 sunt
1863 525 2111 570 metonymiae,

1124 580 1162 607 ut
1181 574 1331 608 dicimus
1350 572 1482 607 Pascha
1502 587 1564 618 pro
1589 576 1757 608 memoria
1782 587 1841 608 seu
1860 576 1960 618 signo
1981 575 2111 609 transi-

1125 631 1200 662 tus,
1228 626 1288 658 sed
1315 626 1400 658 nolo
1426 632 1547 668 argute
1576 626 1629 658 vel
1653 626 1898 670 interpretari,
1934 626 1988 658 vel
2008 638 2111 659 excu-

1124 687 1199 709 sare
1230 677 1446 709 locutionem
1478 677 1639 709 usitatam
1676 677 1772 710 illius
1805 676 1982 721 temporis.
2053 676 2112 710 Sic

1125 729 1218 760 enim
1244 727 1396 771 populus
1428 727 1657 772 loquebatur,
1699 729 1760 773 qui
1785 728 1963 763 interdum
1990 727 2113 771 recipit

1124 791 1353 822 impropriam
1371 790 1503 811 vocem.

1229 844 1393 878 irenaeus
1426 844 1518 877 clare
1549 844 1653 882 dicit,
1680 841 1772 877 hane
1799 845 2015 879 oblationem
2041 856 2113 879 esse

1124 896 1313 939 gratiarum
1332 896 1518 930 actionem.
1575 895 1669 928 ldem
1688 896 1885 930 sentiebant
1904 897 2049 937 caeteri,
2075 904 2114 930 ut

1125 955 1269 981 testatur
1301 959 1430 980 nomen
1461 944 1720 981 Eucharistiae.
1775 946 1894 989 Quare
1928 955 2113 983 senserunt

1126 1011 1196 1032 esse.
1220 998 1474 1035 ceremoniam,
1503 1010 1570 1043 qna
1596 1005 1748 1041 aguntur
1770 999 1910 1040 gratiae.
1964 998 2002 1032 Id
2021 997 2113 1031 nihil

1127 1049 1230 1083 habet
1246 1050 1476 1082 incommodi.
1530 1048 1733 1092 Accipimus
1752 1049 1845 1081 enim
1865 1057 1903 1083 ut
1920 1051 2113 1083 admouea-

1126 1113 1205 1134 mur
1230 1100 1392 1134 beneficii
1417 1101 1520 1133 nobis
1543 1100 1663 1133 donati
1692 1112 1709 1132 a
1737 1097 1901 1141 Christo,
1942 1108 1973 1134 et
2008 1101 2112 1135 fidem

1124 1153 1376 1191 exuscitemus,
1414 1151 1543 1184 deinde
1578 1162 1720 1194 agamus
1742 1151 1869 1194 gratias
1898 1163 1961 1195 pro
1985 1164 2026 1185 eo
2052 1153 2113 1184 be-

1126 1203 1267 1243 neficio,
1285 1215 1348 1236 nec
1365 1202 1448 1235 inde
1465 1202 1625 1245 sequitur
1643 1202 1676 1234 id
1695 1213 1783 1245 opus
1801 1214 1863 1244 pro
1881 1203 1959 1235 aliis
1978 1203 2112 1236 facien-

1123 1255 1208 1286 dum
1229 1265 1318 1293 esse,
1336 1253 1415 1286 aliis
1432 1254 1682 1297 applicandum
1699 1264 1771 1285 esse
1789 1260 1852 1289 etc.
1895 1253 1990 1287 Haec
2010 1266 2113 1287 mon-

1122 1311 1192 1337 stra
1218 1317 1262 1337 ne
1280 1304 1422 1348 quidem
1446 1304 1645 1347 cogitarunt
1671 1310 1797 1347 patres.
1850 1302 1945 1348 Ergo
1964 1317 2042 1338 cum
2062 1305 2112 1337 le-

1121 1356 1235 1398 gimus
1268 1367 1399 1388 nomen
1432 1355 1590 1388 sacrificii
1617 1362 1649 1388 et
1675 1353 1892 1398 oblationis,
1936 1355 2112 1399 intelliga-

1122 1418 1198 1438 mus
1224 1414 1284 1439 aut
1308 1407 1446 1448 signum
1474 1405 1636 1439 sacrificii
1661 1413 1694 1440 et
1719 1405 1929 1444 oblationis,
1956 1414 2016 1440 ant
2033 1418 2112 1450 gra-

1123 1458 1250 1490 tiarum
1275 1459 1469 1499 actionem,
1512 1470 1585 1490 non
1620 1457 1829 1500 affingamus
1859 1458 2112 1503 applicationes

1122 1521 1183 1552 pro
1211 1509 1301 1543 aliis.

1222 1567 1405 1601 Interdum
1441 1579 1513 1601 uno
1547 1567 1691 1600 nomine
1725 1575 1851 1602 vocant
1884 1568 2111 1609 oblationem,

1121 1626 1232 1653 totum
1258 1619 1348 1651 illud
1374 1619 1555 1661 negotium
1583 1620 1677 1663 quod
1704 1618 1754 1652 ibi
1784 1621 1915 1663 agitur,
1947 1620 2110 1654 videlicet

1120 1670 1296 1704 orationes
1319 1676 1351 1702 et
1373 1682 1515 1703 coenam
1535 1668 1694 1703 Domini.
1748 1669 1826 1704 Hoc
1848 1682 1926 1703 cum
1944 1671 2001 1710 fit,
2029 1682 2110 1704 ora-

1122 1722 1233 1754 tiones
1252 1720 1498 1764 intelligantur
1515 1732 1586 1754 esse
1604 1721 1813 1757 oblationes,

1220 1780 1403 1822 Leguntur
1433 1780 1536 1814 etiam
1569 1782 1662 1824 apud
1697 1780 1915 1826 Cyprianum
1943 1781 1986 1814 de
2012 1791 2110 1813 mor—

1120 1832 1189 1865 tuis
1213 1833 1382 1876 quaedam
1408 1832 1534 1872 verba,
1578 1844 1666 1877 quae
1691 1833 1904 1867 recentiores
1929 1832 2020 1864 male
2047 1832 2109 1864 de-

1119 1889 1302 1927 torquent:
1331 1881 1507 1916 Sacriflcia
1535 1895 1598 1927 pro
1625 1883 1673 1915 eis
1700 1883 1903 1923 offerimus,
1939 1883 1999 1916 sed
2025 1880 2109 1915 haec

1120 1935 1203 1967 dicit
1222 1935 1264 1966 de
1283 1934 1510 1978 martyribus.
1565 1933 1702 1967 Horum
1729 1935 1822 1967 enim
1847 1935 1951 1967 fiebat
1975 1933 2107 1966 mentio

1121 1986 1156 2017 in
1198 1985 1457 2028 precatIOnibus
1475 2012 1484 2024 ,
1527 1997 1605 2019 cum
1636 1992 1825 2027 agerentur
1854 1985 1985 2028 gratiae
2014 1983 2107 2024 Deo,

1121 2037 1213 2081 quod
1231 2036 1310 2068 illos
1324 2037 1527 2070 adiuvisset.
1581 2035 1848 2070 SicutGraecus
1860 2035 1984 2070 Canon
2005 2035 2106 2068 dicit:

1121 2086 1316 2120 Offerimus
1336 2099 1398 2131 pro
1418 2084 1652 2128 patriarchis,
1680 2084 1887 2131 Prophetis,
1915 2086 2107 2130 Apostolis,

1120 2139 1155 2170 id
1181 2145 1256 2178 est,
1305 2139 1440 2181 agimus
1466 2138 1594 2181 gratias
1612 2165 1621 2178 ,
1671 2140 1766 2184 quod
1798 2137 1992 2172 Ecclesiam
2022 2137 2105 2169 inde

1120 2201 1229 2234 usque
1250 2189 1294 2222 ab
1318 2189 1420 2222 initio
1446 2190 1510 2223 tibi
1535 2189 1695 2232 elegisti,
1737 2189 1934 2229 redemisti,
1975 2187 2106 2222 sancti-

1120 2240 1228 2274 ficasti
1245 2248 1308 2274 etc.
1362 2239 1457 2273 Haec
1480 2240 1547 2274 fuit
1566 2241 1669 2274 initio
1686 2240 1860 2274 sententia
1879 2238 2007 2273 horum
2026 2251 2106 2272 ver—

1120 2292 1266 2332 borum,
1299 2303 1371 2324 non
1396 2292 1600 2335 petebatur,
1632 2298 1669 2324 ut
1688 2291 1836 2324 mortuis
1853 2289 1948 2324 Deus
1971 2290 2106 2323 relaxa-

1120 2349 1171 2376 ret
1195 2353 1335 2386 poenas.
1402 2342 1525 2375 Postea
1559 2349 1775 2375 accesserunt
1809 2349 1965 2386 tempore
1993 2341 2106 2375 malae

1120 2394 1324 2437 opiniones,
1368 2400 1400 2427 et
1424 2394 1551 2438 partim
1577 2394 1682 2426 verba
1709 2393 1826 2437 priora
1852 2400 1986 2427 mutata
2010 2400 2104 2430 sunt,

1120 2444 1246 2487 partim
1271 2451 1406 2478 retenta
1432 2445 1545 2477 forma
1573 2451 1730 2477 veterum
1756 2444 1970 2485 verborum,
2007 2444 2103 2477 aliud

1119 2496 1290 2530 intellexit
1314 2495 1517 2539 posteritas,
1544 2507 1650 2540 quam
1670 2494 1805 2540 priores
1822 2495 2079 2529 intellexerant.

1218 2563 1312 2608 Ergo
1331 2563 1533 2598 testimonia
1551 2562 1773 2608 antiquitatis
1789 2575 1861 2597 non
1878 2563 2104 2608 patrocinan-

1117 2622 1175 2648 tur
1196 2614 1451 2649 recentioribus
1479 2615 1667 2655 abusibus,
1709 2626 1798 2659 quae
1830 2615 1957 2659 partim
1988 2614 2102 2646 aliena

1118 2673 1233 2700 sunta
1262 2665 1506 2710 praesentibus
1522 2665 1703 2707 moribus,
1731 2665 1858 2709 partim
1883 2665 1911 2698 si
1935 2664 2020 2709 quid
2040 2661 2103 2697 ha-

1363 2714 1412 2750 48
