2415 2942
217 77 289 112 307

222 162 338 196 diunt.
405 157 451 192 Et
486 158 527 190 ad
561 155 689 200 Ephcs.
723 157 773 190 2:
809 154 971 190 Extructi
995 156 1076 190 estis
1100 167 1204 200 super

225 213 496 245 fundamentum
510 206 760 250 Apostolorum
781 213 813 239 ct
831 205 1109 250 Prophetarum,
1133 206 1207 239 exi-

229 268 338 295 stente
367 259 480 301 lapide
505 257 664 299 angulari
689 256 767 289 lesu
788 254 949 297 Christo,
985 257 1019 290 id
1045 263 1115 296 est,
1149 268 1209 290 ex-

229 311 331 348 tructi
351 310 429 342 estis
448 319 549 350 super
565 304 743 339 Christum
762 319 822 350 per
840 308 1035 341 doctrinam
1058 304 1208 350 prophe-

231 363 334 395 ticam
368 366 398 391 et
428 358 675 400 apostolicam,
717 369 805 401 quae
835 366 1004 392 monstrat
1029 356 1211 391 Christum

231 410 501 443 fundamentum
538 408 675 446 efficax,
718 408 804 440 daus
827 409 953 449 vitam,
995 415 1027 442 et
1053 420 1132 441 vere
1155 419 1213 450 ge—

232 468 345 501 stans,
372 471 410 492 ac
434 458 570 490 salvans
587 456 794 499 Ecclesiam,
826 467 858 492 et
881 457 1004 492 Esaiae
1028 456 1104 493 59.:
1143 457 1214 490 Ye-

235 513 309 544 niet
328 511 413 542 Sion
432 510 626 548 redemtor,
654 515 686 541 et
704 506 758 541 liis
776 509 834 553 qui
852 511 998 543 redeunt
1016 510 1059 542 ab
1084 508 1214 553 iniqui-

235 569 306 595 tate
323 562 358 592 in
379 559 500 599 Iacob,
532 556 598 591 hoc
614 565 662 591 est
678 559 800 592 foedus
819 572 933 593 meum
961 571 1039 592 cum
1062 560 1128 599 eis,
1162 559 1216 590 di-

238 613 282 645 cit
300 611 482 649 dominus,
515 608 655 652 spiritus
672 621 766 642 meus
783 611 845 655 qui
866 611 969 643 estin
987 617 1035 650 te,
1062 616 1094 643 et
1113 609 1217 641 verba

237 673 315 695 mea
332 673 420 706 quae
437 660 534 703 posui
553 660 586 691 in
613 672 671 691 orc
699 667 777 699 tuo,
812 672 883 693 non
908 661 1069 693 recedent
1093 660 1135 692 de
1159 670 1219 692 ore

240 720 320 751 tuo,
338 723 400 743 nec
418 712 459 743 de
479 722 538 742 ore
555 710 696 742 seminis
711 711 761 743 tui
781 711 815 742 in
835 711 1095 753 sempiternum.
1124 707 1219 741 Haec

242 761 429 805 descriptio
449 761 596 793 affirmat
613 759 777 793 Messiam
793 761 981 794 allaturum
1001 771 1072 792 esse
1097 759 1220 791 remis-

242 814 376 846 sionem
404 818 621 855 peccatorum
650 811 710 849 iis,
744 811 804 854 qui
830 817 938 852 agunt
959 808 1222 853 poenitentiam,

243 871 275 896 et
309 863 406 895 addit
438 861 588 904 amplius
615 860 779 892 daturum
813 859 943 903 populo
977 870 1040 892 suo
1063 859 1222 896 verbum,

244 914 338 957 quod
355 918 404 944 est
423 912 458 943 in
476 922 534 943 ore
554 907 765 952 Prophetae,
795 910 828 942 id
851 917 917 950 est,
945 908 1183 953 praedicatum
1207 919 1224 940 a

243 959 447 1008 Prophetis,
482 967 515 994 ct
540 960 711 1003 Spiritum
733 967 902 994 sanctum.
966 959 1016 992 lta
1044 958 1227 1001 coniungit

244 1012 495 1054 Evangelium,
523 1010 693 1054 Spiritum
714 1018 890 1051 sanctum,
917 1010 1127 1043 deletionem
1148 1020 1227 1052 pec—

246 1063 311 1096 cati
330 1069 362 1095 et
390 1062 531 1100 mortis,
567 1059 633 1093 hoc
657 1068 725 1101 est,
760 1062 988 1094 donationem
1014 1060 1171 1093 iusticiae
1196 1065 1229 1092 et

245 1114 337 1146 vitae
362 1120 535 1146 aeternae.
595 1110 650 1143 Ad
678 1109 739 1143 has
763 1118 795 1144 ct
820 1111 950 1144 similes
976 1110 1229 1154 descriptiones

247 1165 379 1197 dictum
398 1160 531 1195 Christi
549 1162 584 1193 in
602 1159 666 1194 hoc
684 1168 777 1194 textu
794 1162 983 1204 adiungite.

351 1212 453 1246 Nunc
471 1212 629 1257 sequitur
653 1212 839 1255 descriptio
859 1212 1010 1256 Spiritus
1033 1210 1158 1251 sancti,
1192 1210 1231 1242 in

250 1276 318 1310 qua
351 1263 505 1307 primum
539 1269 684 1295 testatur
716 1263 792 1294 dari
816 1262 988 1306 Spiritum
1015 1268 1172 1294 sanctum
1197 1271 1232 1293 se

249 1321 397 1359 petente.
449 1313 538 1345 Nam
562 1319 703 1355 propter
729 1310 909 1345 Christum
933 1312 1120 1356 recipitur,
1152 1311 1233 1344 dili-

251 1366 363 1407 gitur,
397 1363 629 1396 sanctificatur
653 1370 684 1395 et
703 1363 854 1395 salvatur
871 1360 1036 1397 Ecclesia.
1096 1360 1234 1395 Deinde

251 1416 413 1449 nominat
439 1414 599 1456 spiritum
618 1413 724 1445 alium
750 1413 959 1456 paracletum
985 1412 1148 1456 spiritum
1175 1423 1234 1444 ve-

252 1466 377 1500 ritatis.
431 1462 566 1496 Omnes
582 1464 674 1496 docti
697 1464 731 1495 in
748 1463 899 1497 Ecclesia
925 1464 1103 1496 iusserunt
1126 1462 1235 1506 parti-

254 1517 386 1555 culam,
420 1514 547 1553 alium,
581 1514 808 1547 considerari.
870 1513 964 1546 Ilaec
987 1513 1080 1545 enim
1107 1514 1236 1545 discer-

254 1568 308 1599 nit
326 1565 496 1610 Spiritum
521 1571 678 1597 sanctum
706 1577 724 1596 a
751 1571 849 1607 patre
873 1570 905 1596 et
939 1576 957 1596 a
982 1564 1075 1602 filio,
1116 1570 1149 1596 et
1182 1575 1236 1595 re-

255 1619 344 1650 futat
381 1615 592 1659 impietatem
623 1614 835 1653 multorum,
877 1614 938 1659 qui
979 1614 1238 1647 contenderunt

257 1666 428 1711 Spiritum
460 1671 617 1698 sanctum
650 1677 721 1697 non
750 1676 822 1698 esse
846 1676 1052 1709 personam,
1086 1665 1145 1697 sed
1172 1661 1238 1696 hoc

257 1716 428 1750 vocabulo
459 1715 647 1757 significari
681 1722 739 1748 ant
769 1723 901 1759 patrem
932 1715 1139 1757 agitantem,
1180 1721 1239 1747 aut

259 1774 408 1801 creatam
431 1766 666 1808 agitationem.
718 1765 786 1799 Sed
811 1763 894 1798 haec
917 1765 1106 1808 particula,
1140 1765 1240 1804 alius,

261 1829 418 1861 expresse
436 1816 603 1849 discernit
625 1813 681 1848 hic
704 1815 875 1858 Spiritum
901 1823 1057 1849 sanctum
1084 1828 1100 1847 a
1133 1823 1239 1858 patre.

259 1868 355 1902 Dicit
371 1867 465 1900 enim
481 1864 659 1899 Christus:
690 1865 800 1899 Dabit
823 1872 919 1910 pater
935 1867 1035 1899 vobis
1053 1866 1160 1898 alium
1179 1878 1242 1910 pa-

261 1919 442 1952 racletum.
495 1915 691 1950 Discrimen
709 1923 757 1949 est
784 1917 910 1959 igitur,
947 1924 979 1949 et
1000 1929 1018 1949 a
1042 1923 1139 1960 patre
1167 1923 1200 1949 et
1223 1928 1241 1948 a

262 1969 350 2002 filio:
405 1979 468 2000 nec
502 1966 671 2008 significat
694 1966 845 2010 Spiritus
875 1967 1062 2010 agitantem
1098 1973 1241 2009 patrem.

263 2018 451 2053 Addantur
469 2023 582 2049 autem
606 2024 638 2050 et
663 2017 728 2049 alia
755 2018 973 2056 testimonia,
1009 2017 1043 2048 in
1068 2017 1240 2059 baptismo

263 2067 395 2103 Christi
422 2067 586 2111 peculiari
615 2067 725 2110 specie
751 2074 892 2111 apparet
917 2066 1069 2109 Spiritus
1093 2073 1242 2108 sanctus,

266 2127 299 2153 vt
325 2119 538 2151 discernitur
564 2129 580 2149 a
609 2124 704 2161 patre
729 2124 760 2149 ct
792 2118 875 2150 filio.
941 2117 1013 2150 Iam
1044 2116 1073 2149 si
1105 2122 1241 2149 tantum

265 2170 405 2211 agitatio
424 2175 536 2201 creata
554 2174 639 2200 esset
658 2168 693 2199 in
711 2174 825 2200 mente
838 2194 846 2207 ,
880 2179 951 2199 non
979 2173 1158 2211 appareret
1184 2178 1243 2210 pe-

267 2220 388 2252 culiari
405 2219 528 2262 specie.
580 2217 642 2251 Est
659 2218 765 2259 igitur
782 2229 926 2261 persona
953 2217 1020 2250 alia
1043 2229 1061 2249 a
1085 2223 1182 2260 patre
1210 2223 1243 2250 et

254 2271 356 2309 talio,
392 2281 482 2314 quae
507 2269 576 2301 alio
594 2268 671 2300 loco
687 2268 896 2301 describitur
920 2266 974 2300 liis
998 2268 1129 2300 verbis:
1155 2266 1243 2300 Pro-

270 2321 394 2352 cedens
418 2332 434 2351 a
463 2326 557 2363 patre
585 2326 617 2351 et
642 2317 735 2358 filio,
770 2318 932 2350 videlicet
951 2318 1052 2350 ssatus
1075 2330 1092 2350 a
1116 2318 1242 2350 volun-

268 2377 336 2402 tat(¹
354 2370 480 2412 patris,
508 2377 539 2402 et
556 2369 735 2402 voluntate
760 2369 824 2401 filii
850 2370 1061 2412 procedens,
1097 2380 1135 2400 ac
1160 2380 1245 2401 con-

265 2428 407 2452 nectens
422 2427 542 2452 mutuo
560 2431 676 2452 amore
702 2427 833 2462 patrem
851 2426 880 2452 et
898 2419 1020 2459 filium,
1038 2426 1246 2452 connectens

267 2471 370 2503 etiam
387 2470 527 2511 angelos
544 2477 575 2502 et
593 2467 753 2502 homines
769 2469 863 2510 Deo,
883 2470 918 2502 in
935 2481 1021 2514 qnos
1038 2469 1166 2502 effusus
1186 2477 1246 2509 est,

267 2528 299 2553 et
315 2521 389 2552 luce
407 2520 525 2552 divina
544 2520 734 2552 accendens
752 2528 902 2560 mentes,
932 2528 963 2553 et
986 2520 1120 2563 agitans
1142 2521 1246 2553 moti-

267 2572 333 2603 bus
358 2570 632 2613 congruentibus
654 2570 824 2603 voluntati
841 2570 919 2604 Dei.
975 2568 1009 2604 O
1039 2571 1243 2603 immensam

268 2629 296 2653 ct
319 2619 586 2654 inenarrabilem
608 2620 798 2654 bonitatem
816 2620 901 2664 Dei,
939 2621 1000 2667 qui
1021 2621 1172 2666 seipsum
1197 2622 1243 2655 sic

808 71 932 106 PlllL.
959 71 1075 109 MEL.
1101 68 1309 107 SCRIPTA
1336 69 1634 107 EXEGEthA.

1267 2649 1271 2652 .
1296 2630 1350 2657 tus
1372 2630 1510 2657 sanctus
1536 2622 1730 2667 opitulatur
1755 2620 1949 2654 infirmitati
1974 2627 2125 2654 nostrae.

2160 71 2235 107 308

1257 157 1413 202 impertit
1429 157 1554 197 nobis,
1586 163 1619 190 et
1636 167 1708 190 sese
1723 156 1760 189 in
1777 168 1841 190 nos
1865 158 2035 197 effundit,
2071 155 2162 190 sieut
2186 156 2243 189 in-

1258 209 1310 242 fra
1328 220 1450 242 rursus
1468 207 1600 252 inquit:
1630 206 1822 240 Veniemus
1839 208 1881 241 ad
1899 221 1997 250 eum,
2031 213 2064 240 et
2087 206 2244 240 mansio-

1260 270 1340 292 nem
1357 259 1450 303 apud
1467 270 1545 292 eum
1563 258 1741 293 faciemus.

1479 360 1757 399 Consolatorem
1783 362 1887 399 dabit
1914 363 2024 401 vobis.

1366 443 1556 488 Postquam
1581 442 1808 476 constitutum
1833 449 1883 476 est
1907 442 2140 486 appellatione
2165 441 2247 486 Spi-

1266 495 1352 528 ritus
1371 494 1479 526 sancti
1503 504 1687 537 personam
1712 493 1917 535 significari,
1953 493 2094 537 quando
2121 492 2249 526 dicitur

1267 546 1350 591 quid
1382 545 1424 577 sit
1448 543 1564 581 Deus,
1599 554 1693 575 nunc
1724 543 1826 576 etiam
1850 545 1991 587 propria
2015 544 2127 584 dona,
2160 553 2249 587 quae

1269 608 1330 640 per
1352 595 1465 639 ipsum
1494 594 1693 626 efficiuntur
1717 593 1753 625 in
1771 591 1943 637 Ecclesia,
1980 593 2016 626 in
2042 593 2250 631 ministerio,

1269 654 1301 680 et
1322 646 1358 678 in
1383 644 1530 687 singulis
1554 644 1832 679 considerentur.
1893 643 2052 677 Primum
2076 644 2119 677 de
2144 643 2251 676 mini-

1269 696 1374 730 sterio
1392 696 1557 735 sciamus,
1585 701 1676 727 certo
1701 694 1872 738 Spiritum
1898 701 2056 728 sanctum
2080 695 2252 727 efficacem

1272 758 1343 779 esse
1360 758 1420 790 per
1436 743 1668 788 Evangelium
1689 751 1721 777 et
1739 751 1950 777 sacramenta
1963 771 1972 785 ,
1988 751 2027 778 ut
2042 745 2086 777 ad
2103 743 2209 779 Rom.
2222 743 2254 779 1.

1272 796 1418 829 dicitur:
1446 793 1679 838 Evangelium
1703 802 1752 828 est
1776 795 1930 838 potentia
1950 794 2016 827 Dei
2040 796 2082 828 ad
2107 795 2253 828 salutem

1273 846 1372 879 omni
1401 845 1567 877 credenti.
1635 843 1682 877 Et
1711 846 1744 880 2.
1776 846 1817 878 ad
1846 843 2009 880 Corinth.
2034 845 2070 880 3.
2093 843 2255 887 Evange-

1274 897 1362 929 lium
1379 895 1509 927 dicitur
1526 905 1598 927 esse
1609 893 1848 927 Ministerium
1864 896 2025 938 spiritus,
2052 896 2086 928 id
2103 902 2171 936 est,
2196 905 2257 938 per

1276 946 1371 991 quod
1387 944 1541 988 Spiritus
1555 951 1693 977 sanctus
1709 951 1758 977 est
1773 945 1909 983 efficax,
1944 946 2103 978 accendit
2128 956 2256 978 novam

1276 997 1389 1030 lucem
1411 1002 1443 1028 et
1468 994 1641 1027 iusticiam
1668 995 1705 1026 in
1726 995 1909 1033 cordibus,
1946 995 1994 1027 sic
2019 996 2113 1027 enim
2129 994 2260 1028 Paulus

1278 1048 1351 1091 ipse
1376 1046 1634 1089 interpretatur.
1686 1043 1878 1078 Conservat
1905 1057 1985 1088 ergo
2004 1045 2158 1089 Spiritus
2179 1056 2261 1077 san-

1279 1104 1353 1131 ctus
1368 1096 1482 1129 lucem
1501 1102 1534 1128 et
1553 1096 1738 1139 puritatem
1756 1093 1941 1137 Evangelii
1957 1096 1992 1127 in
2020 1095 2197 1140 aliquibus
2215 1095 2259 1135 ‘in

1280 1146 1422 1191 publico
1456 1145 1671 1184 ministerio,
1705 1157 1770 1177 nec
1794 1146 1933 1187 penitus
1962 1146 2071 1178 deleri
2091 1145 2193 1186 sinit,
2227 1151 2262 1177 et

1281 1204 1331 1230 est
1356 1196 1473 1229 efficax
1499 1195 1537 1227 in
1562 1192 1618 1227 his
1642 1195 1701 1239 qui
1725 1194 1874 1227 audiunt
1890 1193 2123 1237 Evangelium
2152 1203 2184 1228 et
2207 1207 2262 1228 sa—

1282 1246 1468 1280 cramentis
1490 1252 1650 1279 utuntur.
1703 1244 1866 1278 Secundo
1892 1245 1929 1276 in
1954 1245 2119 1277 cordibus
2143 1244 2263 1287 singu-

1282 1298 1399 1330 lorum
1420 1296 1481 1340 qui
1506 1302 1759 1329 convertuntur
1783 1296 1825 1327 ad
1843 1294 1979 1335 Deum,
2009 1295 2166 1328 accendit
2183 1294 2265 1341 Spi-

1283 1348 1372 1381 ritus
1390 1353 1529 1380 sanctus
1551 1358 1678 1378 novam
1704 1346 1835 1386 lucem,
1868 1352 1907 1379 ut
1930 1343 2123 1388 Evangelio
2147 1356 2266 1377 assen-

1285 1399 1436 1438 tiantur,
1476 1397 1601 1430 excitat
1627 1403 1741 1429 motus
1764 1396 2016 1435 invocationis,
2056 1395 2267 1436 dilectionis,

1287 1455 1321 1482 et
1339 1448 1486 1481 aliarum
1503 1447 1673 1480 virtutum
1691 1447 1914 1489 congruentis
1939 1447 2005 1489 legi
2023 1445 2087 1479 Dei
2099 1471 2108 1485 ,
2145 1457 2270 1479 conso-

1288 1499 1380 1532 latur
1395 1509 1478 1538 nos,
1507 1505 1539 1531 et
1556 1497 1670 1530 incoat
1690 1498 1725 1529 in
1751 1497 1853 1529 nobis
1876 1497 1980 1529 vitam
2008 1503 2204 1536 aeternam,
2230 1503 2271 1529 ut

1288 1550 1330 1582 ad
1349 1548 1418 1583 Ro.
1437 1549 1471 1584 8.
1488 1548 1632 1581 dicitur:
1666 1547 1857 1590 Accepistis
1881 1547 2042 1591 spiritum
2070 1546 2270 1590 adoptionis

1288 1600 1440 1632 filiorum
1453 1625 1461 1639 ‚
1477 1599 1514 1631 in
1533 1610 1602 1643 quo
1620 1598 1808 1630 clamamus
1824 1596 1925 1630 Abba
1944 1604 2048 1640 pater.
2089 1595 2134 1629 Et
2148 1599 2183 1631 2.
2201 1595 2271 1630 Co-

1289 1647 1398 1684 rinth.
1421 1650 1473 1683 3.:
1508 1648 1818 1681 Transformamur
1842 1648 1879 1679 in
1903 1648 2047 1680 eandem
2069 1647 2270 1690 imaginem,

1289 1701 1419 1733 scilicet
1434 1697 1587 1738 Christi,
1614 1705 1781 1742 tanquam
1799 1710 1816 1731 a
1835 1698 1971 1730 domini
1987 1697 2123 1742 spiritu.

1392 1765 1486 1799 Haec
1510 1766 1603 1797 dona
1629 1771 1661 1797 et
1685 1763 1751 1797 hoc
1776 1765 1852 1797 loco
1878 1765 2087 1804 recitantur,
2116 1763 2271 1807 Spiritus

1292 1823 1430 1850 sanctus
1445 1816 1640 1859 appellatur
1656 1814 1871 1852 Paracletus,
1896 1815 1989 1858 quod
2009 1814 2147 1857 proprie
2163 1814 2273 1856 signi-

1291 1868 1369 1901 ficat
1385 1868 1610 1903 advocatum,
1628 1871 1668 1898 ut
1685 1865 1721 1897 in
1742 1865 1883 1897 iudicio.
1926 1863 2039 1896 Multa
2055 1864 2162 1905 igitur
2177 1875 2272 1896 com-

1294 1919 1413 1961 plexus
1430 1923 1477 1949 est
1496 1914 1674 1954 Christus,
1707 1914 1914 1957 significavit
1929 1912 2120 1946 Ecclesiam
2142 1911 2272 1947 habere

1292 1968 1429 2000 assidua
1455 1966 1644 1999 certamina
1669 1977 1746 1998 cum
1781 1964 1923 1997 diabolo
1952 1971 1984 1997 et
2013 1964 2086 1996 eius
2117 1964 2270 2006 organis,

1293 2025 1325 2051 et
1348 2029 1426 2050 cum
1452 2023 1570 2049 nostra
1594 2016 1804 2048 infirmitate.
1871 2013 1983 2048 Datur
2008 2026 2088 2057 ergo
2117 2013 2274 2057 Spiritus

1293 2074 1450 2106 sanctus,
1485 2073 1523 2099 ut
1548 2066 1593 2099 sit
1617 2066 1803 2098 advocatus
1827 2066 1949 2098 iuvans
1971 2077 2034 2097 nos
2067 2066 2212 2098 consilio
2241 2073 2274 2099 et

1293 2117 1551 2159 consolatione,
1591 2128 1739 2148 monens
1762 2123 1792 2149 et
1815 2116 2024 2148 confirmans
2048 2127 2126 2159 nos,
2169 2123 2207 2148 ut
2236 2115 2273 2147 in

1293 2168 1491 2200 ministerio
1516 2173 1633 2200 monet
1659 2174 1692 2200 et
1715 2167 1895 2199 confirmat
1916 2166 2115 2205 leremiam,
2149 2165 2274 2209 Bapti-

1293 2225 1393 2252 stam.
1448 2217 1611 2255 Petrum,
1638 2224 1757 2250 contra
1776 2217 1996 2250 autoritatem
2013 2227 2215 2260 synagogae,
2241 2222 2274 2250 et

1294 2277 1414 2303 contra
1433 2268 1610 2301 saevitiam
1627 2275 1870 2313 tyrannorum.
1921 2266 1979 2300 Sic
2003 2266 2106 2299 nobis
2130 2265 2276 2310 singulis

1295 2327 1344 2353 est
1359 2315 1590 2365 παράκλητος
1614 2319 1651 2351 in
1668 2319 1833 2351 omnibns
1857 2317 1982 2350 nostris
2005 2316 2186 2360 periculis,
2219 2329 2275 2350 re-

1295 2371 1344 2413 git
1373 2382 1436 2403 nos
1471 2370 1635 2410 consilio,
1668 2376 1700 2402 et
1731 2369 1910 2402 confirmat
1934 2378 2015 2405 nos,
2049 2374 2082 2400 et
2109 2367 2276 2402 exuscitat

1296 2433 1359 2454 nos
1376 2423 1416 2453 ad
1436 2420 1707 2454 invocationem.
1749 2417 1862 2451 David
1881 2418 2013 2461 regitur
2035 2418 2201 2458 consilio,
2232 2430 2277 2451 ne

1296 2471 1435 2505 Saulem
1455 2469 1659 2511 interficiat,
1685 2477 1717 2503 et
1734 2470 1976 2508 confirmatur,
2005 2480 2047 2500 ne
2066 2475 2142 2501 ruat
2159 2469 2194 2500 in
2214 2469 2274 2501 de-

1295 2522 1526 2565 sperationem
1540 2548 1548 2561 ,
1565 2528 1596 2554 et
1613 2521 1822 2553 exuscitatur
1837 2521 1878 2552 ad
1898 2519 2146 2553 invocandum.
2181 2517 2274 2551 Haec

1296 2573 1496 2616 complexus
1515 2565 1562 2604 est
1579 2570 1708 2604 Paulus
1723 2572 1763 2604 ad
1780 2569 1884 2604 Rom.
1902 2570 1935 2604 8.
1961 2569 2136 2614 inquiens:
2164 2568 2275 2610 Spiri-

2175 2617 2276 2652 Hanc
