2415 2942
275 105 371 143 1255

277 192 408 226 Paulus
424 189 521 234 loqui
540 188 582 220 de
598 197 677 219 vera
695 181 923 218 conversione
941 181 984 214 ad
1002 181 1134 219 Deum,
1157 189 1261 223 quam

279 243 404 276 usitate
431 239 587 272 nominat
607 236 760 270 Ecclesia
781 231 1058 270 poenitentiam,
1084 229 1183 263 cuius
1201 226 1262 260 has

279 300 392 336 parte-s
409 302 480 324 esse
496 289 644 322 dicimus
655 285 928 321 Contritionem,
943 282 1067 315 Fidem
1085 287 1117 313 et
1134 290 1260 312 novam

280 342 543 376 Obeilientiam.
597 337 772 371 Contritio
792 334 848 367 hic
865 333 1080 376 significatur
1104 328 1158 363 his
1185 341 1260 362 ver-

281 393 351 425 bis:
394 392 529 424 Exuere
562 400 687 430 corpus
717 393 936 429 peccatorum
955 410 964 424 ,
1003 381 1203 415 mortificari
1229 386 1262 411 et

282 442 489 486 consepeliri
509 453 586 473 cum
605 437 756 472 Christo.
809 435 1059 477 Significantur
1082 444 1162 474 crgo
1189 429 1260 462 veri

283 505 428 537 pavores
456 499 487 525 et
515 491 672 527 dolores,
713 487 832 532 quales
859 492 941 518 sunt
966 486 1001 516 in
1034 481 1261 516 conversione

281 556 359 576 cum
395 544 430 575 in
466 542 643 584 agnitione
675 545 895 582 peccatorum
923 536 1072 568 sentitur
1100 533 1152 567 ira
1184 530 1262 570 Dei,

280 595 369 627 sicut
393 594 538 626 dicitur:
565 592 661 625 Sicut
689 591 741 622 leo
761 587 926 621 contrivit
945 585 1064 618 omnia
1084 595 1159 616 ossa
1177 594 1262 614 mea.

281 645 494 688 Quanquam
513 643 606 675 enim
627 653 697 673 non
715 646 794 672 sunt
813 638 944 670 similes
962 637 996 668 in
1015 635 1179 667 omnihus
1197 633 1259 665 do—

281 696 395 727 lorum
411 695 555 737 gradus,
575 700 689 724 tamen
708 692 743 722 in
760 688 986 722 conversione
1005 685 1157 729 aliquam
1178 695 1260 716 con-

281 746 461 779 tritionem
493 743 720 776 necessariam
751 751 821 772 esse
848 750 919 771 non
948 737 1094 769 dubium
1121 741 1189 773 est,
1224 739 1260 766 nt

283 796 411 829 lesaiae
435 795 494 828 66.
524 795 668 827 dicitur:
712 789 765 823 Ad
790 801 893 834 quem
918 787 1099 831 respiciam
1125 785 1191 817 nisi
1218 785 1260 816 ad

282 848 470 880 contritum
498 852 530 878 et
555 842 777 876 humiliatum
811 840 936 883 spiritu
954 863 963 877 ‚
1000 844 1031 870 et
1056 842 1260 871 trementem

282 909 458 930 sermones
482 906 584 928 meos.
647 893 690 925 lit
716 890 750 924 hi
777 902 920 934 pavores
954 896 986 922 et
1010 889 1149 920 dolores
1180 893 1262 918 tunc

283 955 362 981 sunt
375 975 383 991 ‚
410 944 610 980 mortificari
627 951 660 977 et
678 942 815 986 sepeliri
834 953 911 973 cum
927 937 1069 973 Christo
1082 966 1090 978 ,
1118 949 1195 970 cum
1215 937 1262 968 si-

280 1000 353 1031 mul
372 1004 453 1030 sunt
471 997 569 1029 initia
589 995 689 1033 fidei,
717 1004 804 1037 quae
828 991 909 1024 facit
934 997 972 1023 ut
991 991 1132 1023 doleant
1156 988 1262 1021 corda

281 1061 316 1082 se
343 1049 530 1082 offendisse
558 1046 692 1083 Deum,
733 1050 772 1077 ut
805 1054 876 1075 non
911 1042 1061 1074 fremant
1095 1041 1263 1072 adversus

282 1112 379 1140 eum,
417 1101 475 1132 sed
508 1096 715 1137 confugiunt
739 1095 781 1127 ad
809 1105 887 1125 eum
926 1099 1066 1136 propter
1095 1091 1264 1124 mediato-

280 1162 366 1184 rem.
433 1149 482 1182 lta
511 1147 567 1181 hic
595 1147 702 1180 dicit:
737 1144 828 1178 listis
854 1143 980 1187 sepulti
1010 1154 1088 1175 cum
1113 1139 1266 1178 Christo,

281 1202 413 1234 scilicet
437 1200 473 1232 in
502 1198 564 1232 hac
597 1198 686 1235 vita,
720 1208 815 1228 nunc
851 1196 937 1227 iacet
965 1191 1048 1226 haec
1075 1200 1197 1225 natura
1229 1191 1265 1222 in

281 1251 464 1284 doloribus
488 1251 578 1284 etin
605 1259 722 1287 cruce,
749 1258 821 1279 non
850 1251 970 1287 regnat
995 1244 1174 1277 furoribus
1201 1242 1266 1274 ‹lu-

281 1303 493 1335 bitationum
525 1308 557 1333 et
589 1300 755 1331 salsarum
783 1296 991 1340 opinionum
1015 1301 1047 1327 et
1079 1304 1264 1337 pravarum

281 1353 532 1397 cupiditatum,
565 1350 681 1394 qualia
700 1348 787 1380 mala
806 1353 951 1389 regnant
968 1346 1003 1377 in
1023 1345 1151 1387 impiis.

385 1418 516 1464 Estque
549 1418 737 1459 diligenter
761 1413 1014 1447 consideranda
1044 1410 1183 1444 collatio
1214 1421 1265 1441 se-

283 1472 445 1516 pulturae
482 1467 611 1503 Christi
649 1468 689 1498 ad
721 1471 934 1509 praesentem
971 1463 1078 1494 vitam
1105 1460 1264 1493 omnium

284 1523 422 1565 piorum
451 1520 486 1552 in
512 1518 678 1551 Ecclesia.
751 1514 841 1547 lacet
866 1516 900 1546 in
928 1511 992 1545 hac
1017 1513 1084 1545 vita
1112 1510 1265 1543 Ecclesia

284 1574 348 1604 sub
376 1583 476 1603 cruce
498 1577 529 1602 et
556 1568 753 1605 doloribus,
783 1572 819 1598 ut
845 1562 1006 1598 Christus
1031 1563 1067 1594 in
1095 1561 1266 1605 sepulcro,

284 1628 465 1667 expectans
485 1621 653 1662 integram
673 1617 874 1649 novitatem.

386 1687 492 1730 Quod
516 1692 630 1718 autem
656 1684 691 1715 in
719 1683 869 1716 secunda
896 1687 994 1726 parte
1023 1679 1267 1712 conversionis

284 1740 409 1772 usitate
430 1738 592 1780 ponimns
611 1736 730 1772 tidem,
759 1734 793 1764 id
822 1733 973 1764 sumitur
999 1744 1037 1763 ex
1062 1731 1146 1763 loz-is
1166 1730 1265 1762 Pauli

285 1790 389 1824 Rom.
411 1789 444 1823 6.
470 1795 501 1821 et
526 1785 627 1825 hinc,
655 1786 715 1817 uhi
740 1782 999 1816 mortificationi
1018 1783 1160 1813 additur
1177 1781 1265 1813 vivi-

286 1841 411 1880 ficatio,
438 1851 526 1884 quae
546 1838 581 1870 fit
598 1837 675 1876 fide,
700 1836 793 1868 iuxta
813 1835 962 1866 dictum:
991 1832 1105 1865 Iustus
1123 1833 1188 1864 fide
1206 1843 1266 1864 sua

288 1893 392 1926 vivet.
458 1889 537 1922 Non
573 1888 666 1921 enim
704 1886 915 1918 manendum
950 1891 998 1916 est
1034 1884 1070 1915 in
1099 1890 1208 1915 morte
1237 1891 1268 1917 et

286 1950 426 1976 aeterna
451 1941 550 1981 fuga,
589 1939 647 1972 sed
673 1938 750 1970 ideo
773 1935 1012 1969 convertimur
1036 1941 1073 1967 ut
1098 1934 1268 1972 vivamus,

289 1993 382 2026 iuxta
403 1993 550 2024 dictum:
582 1988 670 2021 Vivo
690 2000 770 2030 ego,
797 1987 879 2019 nolo
906 1992 1050 2017 mortem
1069 1985 1267 2027 peccatoris,

287 2046 344 2076 sed
365 2050 401 2076 ut
419 2046 643 2075 convertatur
659 2046 692 2072 et
707 2039 811 2070 vivat.
861 2036 917 2069 Fit
935 2042 1048 2068 autem
1069 2035 1268 2073 vivificatio,

287 2095 374 2127 sicut
395 2095 463 2126 iam
488 2092 620 2124 dictum
645 2096 711 2129 est,
745 2087 832 2120 Fide
851 2099 938 2131 quae
957 2083 1189 2129 apprehendit
1214 2098 1269 2118 re-

287 2144 489 2176 missionem
518 2147 737 2185 peccatorum
767 2145 799 2171 et
825 2137 1156 2170 reconciliationem.
1224 2135 1269 2169 Et

290 2195 324 2228 fit
343 2193 550 2227 nominatim
569 2190 699 2223 mentio
718 2190 796 2222 fidei
822 2189 858 2220 in
887 2188 1044 2220 doctrina
1069 2187 1269 2219 conversio-

290 2246 343 2277 nis
361 2258 419 2278 seu
440 2243 693 2285 poenitentiae,
719 2248 755 2273 ut
783 2246 918 2272 taxetur
937 2236 1104 2270 horribile
1125 2239 1268 2270 menda-

290 2296 383 2328 cium
408 2295 649 2337 Papistarum‚
677 2292 736 2336 qui
759 2291 881 2322 ‹licunt
899 2290 1112 2320 manendum
1139 2300 1209 2320 esse
1233 2289 1268 2320 in

289 2346 518 2384 dubitatione,
537 2351 568 2377 et
580 2343 723 2376 omnino
736 2341 874 2373 silentio
885 2337 1141 2372 obruunthanc
1153 2340 1267 2379 fidem,

290 2408 355 2441 qua
375 2397 596 2429 statuendum
614 2401 681 2433 est,
711 2393 774 2426 tibi
794 2392 830 2423 in
855 2391 1083 2423 conversione
1109 2402 1188 2422 vere
1215 2402 1269 2422 re-

289 2447 379 2479 mitti
407 2454 602 2489 peccatum‚
636 2452 668 2477 et
695 2450 726 2476 te
748 2454 827 2475 vere
852 2441 1005 2484 reputari
1029 2441 1178 2477 iustum,
1205 2442 1267 2473 ‹lo-

291 2497 365 2530 nari
385 2496 518 2539 Spiritu
537 2501 652 2527 sancto
672 2501 704 2527 et
722 2492 935 2526 haereditate
952 2492 1041 2525 vitae
1058 2499 1227 2525 aeternae.

391 2563 565 2597 Attribuit
586 2568 699 2594 autem
721 2560 989 2593 vivificationem
1016 2559 1126 2592 nostri
1152 2570 1269 2590 resur—

290 2615 435 2649 rectioni
478 2612 606 2645 Christi
627 2638 634 2651 ‚
686 2611 874 2654 inquiens:
916 2610 1030 2643 Simul
1075 2609 1268 2642 resuscitati

290 2667 370 2699 estis
399 2677 459 2709 per
485 2665 608 2703 fidem²
649 2662 754 2693 simul
783 2661 1064 2694 vivificavit·vos
1100 2672 1178 2693 cum
1218 2672 1269 2692 eo,

878 95 1003 131 PHIL.
1030 92 1146 130 MEL.
1172 86 1380 127 SCRIPTA
1407 86 1703 125 EXEGETICA.

1295 2554 1297 2559 ’
1323 2553 1392 2586 Lex
1410 2553 1495 2585 iram
1512 2551 1630 2584 efficit.

2205 87 2299 125 1256

1317 173 1410 217 Quia
1438 173 1600 209 Christus
1639 174 1860 209 resuscitatus
1889 175 1938 209 sic
1964 182 2111 219 regnat,
2154 181 2194 209 ut
2220 175 2296 208 col-

1317 225 1399 268 ligat
1437 232 1611 259 aeternam
1651 223 1842 258 Ecclesiam
1876 238 1960 259 voce
1993 224 2204 270 Evangelii,
2251 225 2297 259 sit

1317 276 1353 308 in
1381 287 1417 308 ea
1440 277 1578 316 efficax,
1621 275 1771 309 vivificet
1798 288 1893 316 eam,
1934 277 1990 310 (let
2018 276 2188 320 Spiritum
2213 287 2294 308 san—

1316 333 1428 365 ctum,
1456 334 1487 360 et
1507 327 1716 360 mirabiliter
1735 334 1889 370 protegat
1914 338 1952 360 ac
1968 333 2079 360 servet
2097 339 2172 360 eam
2201 327 2294 360 inter

1294 397 1300 401 -
1316 374 1502 409 horribiles
1520 377 1742 410 confusiones
1760 384 1792 411 et
1811 378 1969 411 tenebras
1985 377 2120 420 generis
2137 375 2293 413 humani.

1316 426 1367 459 Ac
1395 439 1551 470 expresse
1575 428 1677 467 dicit,
1706 428 1778 460 fieri
1805 426 1894 461 hanc
1921 427 2190 461 vivificationem
2215 427 2295 468 fide,

1316 484 1347 509 et
1382 475 1472 510 hanc
1503 479 1604 510 fidem
1645 490 1716 511 esse
1745 485 1890 511 motum·
1915 478 2085 512 (livinitus
2115 489 2298 511 accensum

1315 527 1482 569 significat
1495 555 1504 568 ,
1532 541 1608 561 cum
1627 529 1692 569 ait,
1719 528 1839 561 Fidem
1857 541 1928 562 esse
1945 529 2130 562 efficaciam
2147 527 2232 569 Dei,
2258 528 2293 560 id

1315 585 1362 610 est
1376 605 1385 618 ‚
1413 591 1480 622 qua
1500 579 1593 612 Deus
1611 587 1659 612 est
1678 580 1807 613 efficax.
1862 579 1984 613 Postea
2004 580 2164 623 pluribus
2179 579 2296 612 verbis

1316 630 1461 660 eandem
1478 630 1685 664 sententiam
1704 632 1746 662 ‹le
1764 631 1992 663 conversione
2009 629 2139 663 Paulus
2157 629 2296 673 repetit:

1314 677 1432 736 Eratis
1459 681 1607 718 mortni,
1642 681 1776 725 inquit,
1812 688 1955 725 propter
1979 687 2114 727 peccata
2143 687 2174 713 et
2200 691 2300 724 prae-

1316 736 1473 772 putium,
1510 731 1542 762 id
1571 737 1638 770 est,
1675 739 1816 774 propter
1841 738 2001 765 naturam
2024 731 2243 763 immundam
2267 736 2301 763 et

1318 792 1429 820 ream,
1464 782 1576 825 qualis
1610 790 1794 824 propagata
1821 791 1869 815 est
1904 782 2127 824 generatione
2157 780 2300 815 carnali.

1315 829 1438 862 Talem
1476 838 1636 863 naturam
1672 833 1888 864 immundam
1918 839 1948 866 et
1985 844 2078 864 ream
2114 829 2301 865 habentem

1317 888 1493 924 peccatum
1521 881 1666 924 originis
1697 883 1856 916 nominat
1887 882 2127 927 praeputium.

1318 961 1363 996 At
1387 975 1481 998 nunc
1506 961 1681 1008 vivificati
1697 963 1782 997 estis
1799 961 1890 996 dala
1910 963 2119 998 remissione
2136 963 2299 998 omnium

1436 1019 1663 1062 peccalorum
1682 1019 1710 1048 et
1729 1012 1842 1047 deleto
1859 1011 2107 1062 chirographo
2125 1019 2186 1050 etc.

1420 1081 1460 1115 In
1476 1081 1530 1116 his
1545 1082 1661 1116 verbis
1676 1088 1710 1115 et
1730 1082 1997 1126 imputationem
2017 1082 2173 1117 iusticiae
2192 1090 2225 1118 et
2246 1084 2300 1116 vi-

1319 1132 1552 1167 vificationem
1583 1133 1839 1177 complectitur.
1915 1133 2005 1166 Nam
2032 1135 2075 1167 ad
2099 1134 2303 1178 imputatio-

1319 1196 1398 1216 nem
1417 1184 1572 1218 iusticiae
1592 1184 1740 1228 pertinet
1762 1184 1796 1216 id
1826 1185 1916 1228 quod
1936 1184 2003 1225 ait,
2025 1185 2142 1218 omnia
2162 1192 2300 1229 peccata

1320 1235 1462 1268 remissa
1481 1247 1552 1267 esse
1576 1235 1692 1277 gratis.
1744 1233 1882 1267 Deinde
1905 1235 2020 1276 addit,
2054 1236 2205 1269 deletum
2230 1247 2302 1269 esse

1320 1283 1612 1329 chirographum,
1647 1286 1681 1318 id
1706 1291 1773 1325 est,
1805 1286 2012 1318 sententiam
2039 1287 2304 1320 condemnatio—

1321 1336 1393 1374 nis,
1422 1349 1511 1381 quae
1528 1343 1575 1369 est
1593 1336 1770 1369 conclusio
1789 1348 1827 1368 ex
1854 1337 1927 1378 lege
1955 1336 2086 1371 divina.
2141 1336 2223 1370 Ideo
2240 1338 2303 1370 ad-

1320 1388 1390 1425 dit,
1413 1385 1696 1429 Chirographum
1717 1394 1836 1419 contra
1858 1398 1920 1419 nos
1944 1387 2049 1420 fuisse
2076 1399 2136 1430 per
2155 1388 2304 1429 decreta,

1321 1437 1356 1469 id
1382 1444 1449 1475 est,
1478 1449 1539 1480 per
1562 1438 1682 1479 legem.
1750 1436 1808 1469 Sic
1841 1437 2006 1471 discernit
2032 1435 2305 1482 chirographum

1320 1501 1337 1520 a
1366 1489 1439 1530 lege
1472 1495 1638 1531 tanquam
1674 1487 1936 1519 conclusionem
1966 1499 1984 1520 a
2014 1489 2302 1532 praecedentibus

1321 1538 1631 1581 propositionibus.
1685 1537 1773 1569 Nam
1803 1537 1972 1570 indicium
1999 1539 2230 1572 conscientiae
2252 1545 2303 1573 est.

1320 1589 1453 1631 integer
1476 1588 1696 1633 syllogismus
1719 1588 1891 1631 practicus
1913 1599 1952 1619 ex
1975 1588 2048 1630 lege
2074 1589 2215 1630 ductus,
2241 1601 2304 1633 ap—

1321 1641 1473 1683 probans
1495 1638 1738 1671 convenientia
1767 1650 1845 1670 cum
1875 1638 1966 1680 lege,
2004 1646 2036 1673 et
2060 1641 2300 1673 condemnans

1320 1690 1514 1730 contraria,
1558 1695 1591 1721 et
1618 1689 1775 1733 sequitur
1803 1688 1927 1721 ordine
1958 1689 2128 1723 divinitus
2157 1692 2299 1724 condito

1321 1740 1649 1773 condemnationem
1668 1739 1770 1772 dolor
1789 1745 1822 1772 et
1840 1739 1984 1778 vindex,
2014 1740 2074 1784 qui
2093 1741 2215 1773 crescit
2227 1740 2301 1775 Deo

1321 1792 1496 1824 iudicante
1520 1797 1553 1824 et
1575 1792 1774 1825 destruente
1796 1797 1957 1823 naturam
1977 1802 2090 1831 ream,
2117 1798 2153 1824 nt
2172 1791 2209 1824 in
2226 1791 2299 1825 Da-

1320 1842 1400 1874 vide
1435 1842 1604 1874 iudicium
1639 1840 1869 1874 conscientiae
1903 1847 1953 1874 est
1983 1839 2039 1874 hic
2065 1842 2302 1887 syllogismus:

1321 1890 1511 1926 Moechum
1537 1899 1567 1925 et
1593 1890 1803 1924 homicidam
1824 1890 1916 1924 Deus
1940 1892 2059 1924 abiicit
2083 1893 2120 1924 in
2145 1899 2302 1927 aeternas

1321 1955 1460 1987 poenas.
1522 1942 1633 1976 David
1662 1949 1710 1975 est
1732 1939 1897 1974 moechus
1922 1948 1952 1975 et
1978 1940 2172 1984 homicida,
2206 1951 2238 1978 et
2261 1957 2301 1978 eo

1321 1994 1492 2033 deterior,
1521 1994 1600 2038 quia
1629 1994 1736 2035 magis
1759 1993 1913 2035 ingratus
1941 1999 1992 2026 est
2010 1993 2083 2026 Deo
2108 2006 2211 2038 quam
2228 1995 2302 2035 alii,

1321 2058 1399 2077 cum
1426 2045 1547 2077 suisset
1573 2051 1716 2076 ornatus
1744 2043 1944 2086 ingentibus
1966 2043 2082 2079 donis.
2137 2043 2229 2078 Hinc
2247 2057 2302 2080 se..

1321 2096 1442 2141 quitur
1458 2095 1636 2128 conclusio
1654 2106 1692 2127 ex
1709 2095 1798 2137 lege:
1825 2093 1919 2137 Ergo
1939 2092 2054 2127 David
2079 2101 2128 2129 est
2153 2096 2303 2131 reiectus

1322 2159 1339 2180 a
1365 2144 1472 2180 Deo.

1433 2196 1529 2230 Haec
1558 2196 1736 2229 conclusio
1768 2196 1973 2230 nominatur
2005 2193 2302 2240 Chirographum,

1322 2248 1357 2280 id
1379 2255 1446 2286 est,
1475 2247 1644 2281 sententia
1666 2247 1701 2279 in
1720 2254 1835 2280 mente
1852 2255 1884 2280 et
1901 2247 2004 2280 corde
2031 2254 2196 2291 tanquam
2218 2248 2306 2281 scri-

1323 2306 1379 2342 pta
1399 2299 1472 2341 lege
1491 2305 1522 2331 et
1542 2298 1721 2340 agnitione
1739 2298 1873 2341 lapsus,
1901 2309 1940 2331 ac
1965 2297 2069 2330 simul
2093 2298 2308 2340 imprimitur

1323 2351 1445 2393 ingens
1464 2349 1582 2388 dolor,
1610 2349 1670 2392 qui
1694 2349 1834 2389 crescit,
1865 2360 1942 2382 cum
1967 2349 2098 2382 accedit
2119 2349 2307 2391 singularis

1324 2412 1446 2433 sensus
1472 2400 1543 2433 irae
1563 2398 1627 2432 Dei
1646 2399 1833 2432 iudicantis
1859 2406 1892 2432 et
1911 2399 2121 2432 destruentis
2143 2407 2304 2433 naturam

1324 2464 1415 2484 ream
1445 2463 1505 2494 per
1528 2451 1659 2492 legem,
1693 2450 1780 2482 sicut
1808 2450 1959 2482 dicitnr:
2001 2448 2154 2483 Aculeus
2182 2451 2304 2484 mortis

1322 2508 1499 2546 peccatum
1531 2508 1598 2539 est,
1635 2500 1788 2544 potentia
1823 2500 2039 2544 peccatilex.
2100 2499 2228 2536 Roma.
2251 2500 2302 2535 4.:

1666 2550 1766 2583 Item:
1796 2550 1891 2584 Sicut
1917 2551 1970 2583 teo
1995 2551 2160 2585 contrivit
2183 2552 2302 2585 omnia

1322 2615 1397 2636 ossa
1422 2615 1508 2637 mea.
1567 2600 1612 2635 Et
1637 2601 1775 2634 Psalmo
1794 2601 1871 2634 57.:
1898 2600 1979 2634 Non
2002 2608 2051 2634 est
2078 2613 2142 2644 pax
2167 2602 2304 2636 ossibus

1325 2655 1410 2687 meis
1434 2666 1451 2686 a
1479 2654 1564 2686 facie
1586 2659 1804 2695 peccatorum
1825 2664 1994 2686 meorum.
2047 2651 2185 2685 Psalmo
2207 2652 2306 2688 114.:

2402 2559 2409 2669 ῑ

2404 2677 2411 2840 l
