2415 2942
115 123 191 159 905
389 122 489 157 XIII.

120 209 317 246 conciliatio
332 237 340 251 ,
366 215 399 242 et
418 209 563 243 donatio
582 209 737 254 Spiritus
762 208 889 247 sancti,
911 208 1004 241 iuxta
1024 206 1108 242 haec

121 263 229 302 dicta,
256 258 431 294 lohannes
447 261 500 295 3.:
538 260 611 303 Qui
639 272 711 293 non
742 259 875 299 credit,
911 266 1027 292 manet
1057 260 1107 292 ira

118 312 182 346 Dei
199 323 304 356 super
329 324 421 345 eum.
476 311 577 345 Aeto.
608 311 683 344 10.:
710 309 969 344 Remissionem
988 321 1107 352 pecca-

82 395 85 399 .
117 370 233 396 torum
261 363 419 406 accipere
443 374 505 406 per
529 374 658 396 nomen
680 361 754 394 eins
781 371 924 400 omneS‚
951 361 1011 405 qui
1031 372 1106 393 cre—

116 415 205 447 dunt
224 414 258 446 in
277 425 368 448 eum.
415 412 467 454 Et¹
481 412 598 446 Galat.
615 413 666 448 3.:
685 411 731 445 Ut
749 411 1018 455 promissionem
1035 411 1106 455 spi-

117 465 204 498 ritus
228 464 439 507 accipiamus
459 476 519 508 per
536 464 638 496 fidem
658 469 722 497 etc.

219 514 431 559 Quanquam
450 515 542 547 enim
561 513 745 557 praecessit
772 513 956 551 meritum,
986 519 1103 546 tamen

118 567 164 600 ita
181 566 384 599 ordinatum
402 565 468 598 fuit
485 565 529 598 ab
544 564 666 602 initio,
693 569 731 596 ut
757 570 840 597 tunc
865 564 1012 606 singulis
1039 564 1103 595 ad—

116 617 323 661 plicaretur‚
351 628 429 649 cnm
453 616 520 648 fide
542 614 750 658 acciperent.
805 613 875 647 Nec
904 615 1102 657 imaginan-

116 669 199 700 dum
222 674 289 705 est,
318 673 454 711 peccata
471 665 622 699 Neronis
646 665 787 698 remissa
813 677 907 708 esse,
935 667 992 698 sed
1021 672 1101 698 tan-

115 726 188 752 turn
219 715 285 750 hoc
303 718 333 750 ei
351 718 485 754 deesse,
511 717 605 761 quod
624 727 696 749 non
713 716 758 749 sit
776 716 899 750 iustus.

213 767 314 801 Hanc
331 767 592 801 distractionem
619 767 826 810 excogitavit
853 767 1034 807 diabolus,
1062 773 1100 800 ut

115 819 242 863 peccati
264 818 540 861 magnitudinem
569 824 794 858 extenuaret,
823 824 855 851 et
880 818 1101 851 confirmaret

115 869 334 903 securitatem
408 867 526 910 Quare
550 875 672 901 contra
697 869 781 903 tales
808 869 945 902 furores
971 869 1101 902 muniti

115 921 223 953 simus
255 919 386 952 divinis
410 919 620 952 testimoniis
653 919 858 963 perspicuis.
923 919 1013 953 Cum
1039 933 1101 953 au-

115 977 183 1004 tem
212 970 328 1014 inquit
347 968 495 1002 Paulus:
524 969 729 1004 Resurrexit
754 978 897 1014 propter
927 971 1100 1004 iusticiam

113 1028 289 1061 nostram,
318 1020 473 1062 intellige
497 1028 778 1054 consummatum
804 1022 1033 1062 beneficium,
1064 1022 1100 1054 id

114 1079 183 1111 est,
212 1078 355 1115 propter
383 1071 625 1104 remissionem
659 1079 900 1116 peccatorum,
944 1073 1100 1106 reconci-

114 1122 313 1162 liationem,
348 1122 621 1155 vivificationem
648 1130 681 1156 et
707 1123 1011 1164 iustificationem‚
1048 1124 1100 1156 vi-

114 1180 204 1210 tam,
241 1173 415 1205 iusticiam
439 1178 471 1205 et
497 1172 663 1206 laetitiam
693 1181 884 1208 aeternam.
947 1174 1045 1208 Sicut
1068 1182 1101 1207 et

114 1222 241 1256 Daniel
264 1223 442 1268 loquitur,
460 1223 644 1268 inquiens:
675 1223 859 1259 Peccatum
877 1225 1052 1259 delebitur
1069 1233 1101 1260 et

114 1274 309 1308 adducetur
327 1273 462 1307 iusticia
481 1275 703 1319 sempiterna,

486 1396 624 1461 Caput
665 1410 719 1450 V.

142 1497 344 1546 Iustl'ficati
379 1513 463 1547 ergo
492 1498 568 1544 fide
610 1513 734 1548 pacem
763 1499 941 1537 habemus
966 1501 1071 1551 apud

503 1550 626 1585 Deum
642 1557 705 1587 elc-

214 1627 359 1661 lnitium
378 1627 513 1671 Capitis
539 1629 654 1673 quinti
679 1637 730 1664 est
754 1631 931 1675 epilogus,
966 1632 1002 1664 in
1028 1645 1098 1677 quo

111 1678 315 1713 brevissime
340 1679 484 1721 repetita
512 1686 562 1712 est
579 1680 785 1724 principalis
817 1683 1029 1726 propositio,
1064 1690 1098 1716 et

112 1730 255 1763 additur
286 1729 511 1772 amplificatio
538 1732 729 1764 necessaria
760 1732 802 1764 de
838 1733 1016 1766 effectibus
1043 1745 1098 1766 re·-

113 1780 392 1820 conciliationis,
438 1780 600 1813 videlicet
635 1782 678 1814 de
711 1784 1013 1817 consummatione
1036 1785 1098 1817 be-

111 1831 227 1864 neficii
246 1828 385 1865 Christi.

213 1880 310 1924 Quid
335 1881 428 1915 enim
452 1883 631 1926 prodesset
654 1883 825 1927 accepisse
855 1884 1095 1919 remissionem

109 1939 350 1978 peccatorum,
378 1933 406 1965 si
429 1945 504 1965 non
521 1941 726 1978 sequeretur
745 1935 814 1968 vita
834 1942 866 1968 et
883 1936 1019 1970 iusticia
1039 1950 1098 1970 ae-

110 1984 232 2017 terna?
293 1982 375 2016 ldeo
402 1984 471 2016 iam
496 1985 538 2016 de
571 1983 625 2017 his
652 1985 830 2019 beneficiis
855 1987 1097 2029 concionatur,

110 2046 199 2079 quae
223 2034 326 2066 fidem
351 2042 566 2078 sequuntur,
604 2042 637 2069 et
659 2036 765 2069 simul
790 2039 977 2080 respondet
995 2040 1097 2072 obie-

112 2085 221 2118 ctioni
247 2085 405 2116 oninium
431 2083 632 2119 hominum:
676 2086 771 2129 Quid
800 2089 1003 2130 gloriamini
1035 2103 1096 2124 vos

113 2146 185 2168 esse
208 2132 400 2167 Ecclesiam
428 2134 512 2176 Dei,
540 2148 599 2169 vos
626 2138 734 2170 iustos
752 2145 783 2171 ct
803 2138 877 2172 Deo
896 2152 992 2173 caros
1013 2153 1096 2182 esse,
1122 2161 1123 2167 κ

112 2198 189 2219 cum
211 2186 284 2218 sitis
303 2186 462 2218 omnium
489 2184 674 2219 hominum
695 2189 901 2230 miserrimi,
929 2192 1003 2223 sine
1028 2193 1094 2224 im·
1121 2222 1123 2226 ,

109 2237 227 2281 perio,
255 2236 330 2268 sine
346 2238 567 2277 defensione,
594 2238 773 2282 dissipati,
798 2248 961 2284 vagantes
980 2243 1093 2276 incer-

110 2288 161 2323 tis„
172 2287 330 2328 sedibus,
359 2294 392 2321 ct
408 2288 529 2320 multis
547 2289 660 2321 modis
676 2292 899 2324 aerumnosi?

212 2336 338 2371 Adhas
356 2339 572 2372 obiectiones
591 2342 794 2384 respondet:
813 2341 949 2384 Fateor,
966 2344 1094 2388 inquit,
1120 2373 1121 2377 ,

111 2386 300 2422 Ecclesiam
318 2388 384 2422 Dei
404 2398 496 2423 certo
515 2391 663 2424 consilio
681 2392 869 2425 subiectam
899 2406 971 2426 esse
988 2396 1094 2435 cruci,
1119 2430 1121 2433 ,

114 2440 169 2471 sed
189 2446 300 2472 tamen
327 2447 377 2474 est
402 2437 522 2473 haeres
545 2449 706 2475 aeternae
730 2443 840 2484 vitae,
876 2445 1032 2478 iusticiae
1061 2453 1094 2480 et
1119 2436 1121 2470 Ξ

112 2490 281 2530 laetitiae,
314 2488 403 2523 hanc
427 2499 520 2525 certo
546 2501 766 2537 expectamus
791 2495 883 2528 inter
910 2493 1092 2540 has-aeru-

111 2552 228 2581 mnas,
262 2547 294 2573 et
316 2542 415 2575 addit
437 2551 639 2585 argumenta
676 2546 945 2587 consolationis,
979 2555 1093 2581 sumta

111 2603 151 2624 ex
176 2592 384 2624 testimoniis
409 2595 537 2626 amoris
564 2595 629 2628 Dei
653 2606 731 2638 erga
758 2608 822 2629 nos
847 2597 882 2630 in
906 2599 981 2641 ipso
1007 2599 1091 2640 filio,

112 2649 144 2674 et
169 2654 208 2675 ex
234 2642 435 2676 testimonio
452 2645 604 2688 Spiritus
629 2647 757 2688 sancti,
792 2649 828 2680 in
852 2649 1093 2683 consolatione

111 2694 268 2726 cordium
288 2700 486 2728 nostrorum
505 2696 599 2730 inter
614 2698 708 2745 ipsas
726 2711 920 2734 aerumnas.

542 124 577 160 3.
613 119 910 159 ENARRATtO
939 122 1092 159 Erls'r.
1120 120 1268 157 PAULI
1296 119 1362 154 AD
1390 117 1653 156 ROMANOS.
1707 119 1810 158 CAP.
1841 121 1883 157 V.

1117 2715 1121 2744 i

2078 122 2151 158 906

1267 205 1364 239 Haec
1397 214 1447 241 est
1475 207 1602 250 epilogi
1629 218 1775 241 summa.
1845 207 1969 241 Postea
1996 207 2149 242 instituit

1163 257 1267 290 aliam
1301 264 1454 300 partem,
1492 270 1580 302 quae
1610 265 1661 291 est
1692 265 1857 304 tanquam
1887 255 2072 292 methodus
2103 261 2145 292 de

1163 308 1359 351 praecipuis
1382 309 1540 341 articulis
1564 309 1763 350 doctrinae,
1807 321 1896 354 quae
1928 310 2070 354 propria
2095 317 2145 343 est

1161 356 1354 396 Ecclesiae,
1384 358 1547 392 videlicet
1581 361 1623 392 de
1650 367 1809 403 peccato,
1836 361 1930 393 unde
1961 360 2023 403 sit,
2058 361 2143 404 quid

1159 409 1221 447 sit,
1248 415 1281 442 et
1297 409 1401 453 quale
1416 409 1470 442 sit.
1505 408 1642 442 Deinde
1661 411 1739 454 quis
1758 411 1801 444 sit
1821 423 1903 444 usus
1927 411 2021 454 tegis.
2055 410 2146 444 'i'er-

1159 459 1207 493 tio
1224 460 1307 504 quid
1327 460 1369 493 sit
1388 460 1515 502 gratia,
1543 467 1575 493 et
1604 473 1692 505 quae
1718 462 1759 494 sit
1787 462 1916 504 gratiae
1935 462 2144 505 amplitudo,

1258 509 1361 543 Nunc
1380 511 1567 553 diligenter
1586 512 1829 545 consideretur
1848 513 2041 556 proprietas
2064 525 2144 545 ver-

1157 560 1284 594 borum
1310 567 1440 594 textus:
1470 560 1651 594 liistificati
1675 562 1761 602 fide,
1790 563 1824 594 id
1850 570 1917 603 est,
1943 564 2096 596 absoluti
2123 576 2143 596 a

1157 612 1324 654 peccatis,
1352 619 1385 645 et
1405 612 1619 645 reconciliati
1636 624 1674 645 ac
1700 614 1831 656 accepti
1851 612 1925 646 Deo
1950 625 2011 657 per
2030 615 2145 655 fidem,

1156 662 1308 702 scilicet,
1343 674 1432 707 quae
1466 663 1592 696 nititur
1618 664 1810 696 mediatore
1837 662 1978 697 Cliristo
2005 663 2079 697 Deo
2113 673 2145 698 et

1156 711 1320 754 homine,
1349 725 1467 757 pacem
1486 712 1654 747 habemus
1668 726 1746 757 erga
1764 714 1876 748 Deum
1890 741 1898 754 ,
1915 715 1949 746 id
1968 717 2038 750 est',
2054 727 2143 748 con—

1155 764 1364 797 solationem
1391 764 1462 808 ipsa
1478 764 1545 796 fide
1563 765 1750 803 sentimus,
1787 777 1855 810 qua
1880 765 2075 798 liberamur
2099 767 2143 799 ab

1155 815 1205 847 ira
1222 813 1286 847 Dei
1305 822 1336 848 et
1354 813 1544 847 horrendis
1561 816 1746 849 doloribus
1762 816 1956 849 inferorum
1969 844 1976 856 ,
2003 817 2045 848 de
2064 817 2143 862 qui-

1154 866 1219 898 bus
1259 866 1343 899 dicit
1372 864 1560 900 Ezechias:
1605 865 1704 900 Sicut
1737 867 1791 900 leo
1821 867 1988 900 contrivit
2024 868 2143 900 omnia

1156 928 1231 950 ossa
1250 929 1337 950 mea.

1256 967 1433 1013 Loquitur
1455 979 1536 1012 ergo
1563 967 1694 1002 Paulus
1720 969 1762 1001 de
1789 969 2047 1011 consolatione,
2073 982 2142 1015 qua

1154 1019 1258 1052 corda
1276 1019 1475 1053 liberantur
1493 1020 1536 1053 ab
1561 1019 1632 1052 illis
1651 1019 1835 1052 doloribus
1855 1027 1886 1053 et
1908 1021 2142 1059 vivificantur,

1153 1070 1243 1104 sicut
1265 1081 1369 1114 supra
1386 1070 1521 1115 inquit:
1551 1068 1666 1103 Iustus
1685 1070 1751 1103 fide
1774 1082 1835 1103 sua
1853 1071 1964 1112 vivet,
1981 1079 2013 1105 et
2033 1072 2140 1104 infra:

1154 1119 1226 1162 Qui
1257 1123 1406 1154 credunt
1436 1122 1473 1153 in
1505 1133 1602 1161 eum,
1644 1134 1715 1153 non
1749 1122 2022 1157 confundentur.
2094 1120 2141 1156 Et

1153 1170 1279 1204 Psalm.
1296 1175 1352 1207 2:
1382 1170 1483 1205 Beati
1509 1184 1630 1205 omnes
1647 1172 1706 1216 qui
1727 1172 1910 1206 confidunt
1933 1174 1969 1205 in
1989 1185 2040 1206 eo.
2095 1172 2140 1207 Et

1152 1220 1282 1258 Psalm.
1302 1222 1404 1257 118,:
1436 1222 1577 1255 Memor
1598 1230 1669 1256 esto
1689 1223 1785 1256 verbi
1805 1223 1857 1256 tui
1874 1236 1974 1257 servo
1993 1231 2073 1265 tuo,
2104 1224 2141 1256 in

1153 1284 1222 1315 quo
1241 1271 1330 1306 mihi
1346 1284 1441 1317 spem
1461 1273 1606 1311 dedisti,
1636 1273 1731 1306 Ilaec
1750 1286 1804 1306 me
1832 1275 2008 1308 consolata
2033 1282 2083 1308 est
2104 1276 2140 1308 in

1152 1320 1352 1357 humilitate
1380 1336 1473 1363 mea,
1516 1323 1609 1365 Quia
1643 1324 1824 1368 eloquium
1855 1332 1954 1357 tuum
1988 1326 2141 1359 vivificat

1153 1385 1219 1408 me.
1278 1372 1325 1407 Et
1342 1373 1471 1407 Psalm.
1493 1374 1596 1408 129.:
1632 1374 1811 1409 Sustinuit
1843 1376 1958 1408 anima
1990 1389 2063 1409 mea
2105 1378 2140 1409 iu

1152 1425 1258 1457 verbo
1275 1425 1366 1466 eius,
1393 1426 1548 1470 speravit
1565 1426 1682 1459 anima
1705 1438 1781 1459 mea
1799 1426 1836 1459 in
1851 1425 2007 1461 Domino
2029 1434 2093 1463 etc.

1413 1506 1461 1541 In
1479 1521 1539 1556 spe
1553 1507 1699 1555 gloriae
1717 1507 1801 1544 Dei
1817 1514 1878 1546 ele.

1255 1574 1447 1608 Manifesta
1480 1577 1690 1610 asseveratio
1723 1584 1792 1617 est,
1835 1579 1929 1622 quod
1962 1579 2139 1613 iustificati

1150 1625 1217 1658 fide
1249 1625 1410 1669 placeant
1437 1626 1512 1660 Deo
1543 1634 1687 1671 propter
1717 1629 1967 1668 mediatorem,
2006 1637 2038 1664 et
2069 1630 2140 1664 sint

1151 1674 1317 1709 haeredes
1334 1676 1425 1710 vitae
1443 1684 1616 1711 aeternae.
1670 1678 1771 1711 Hanc
1789 1679 1986 1712 doctrinam
2005 1688 2037 1714 et
2054 1693 2140 1714 con-

1150 1727 1356 1760 solationem
1388 1729 1431 1761 de
1461 1738 1703 1763 consummato
1736 1730 1904 1763 beneficio
1932 1738 2049 1764 tenere
2075 1744 2139 1765 ne-

1152 1790 1244 1810 cesse
1267 1785 1332 1811 est:
1360 1790 1403 1811 ne
1423 1781 1634 1824 cogitemus,
1665 1781 1727 1813 etsi
1750 1781 1818 1813 iam
1844 1794 2033 1815 conversus
2058 1794 2136 1816 sum

1151 1830 1194 1862 ad
1211 1828 1342 1869 Deum,
1371 1836 1403 1862 et
1425 1832 1640 1865 annunciata
1664 1839 1715 1865 est
1737 1830 1825 1865 milii
1845 1833 1999 1866 remissio
2018 1846 2138 1877 pecca-

1150 1887 1286 1921 torum,
1316 1887 1433 1913 tamen
1459 1889 1576 1926 postea
1603 1883 1778 1917 incertum
1804 1891 1874 1924 est,
1909 1896 1952 1916 an
1981 1884 2135 1928 placeam

1149 1930 1243 1971 Deo,
1270 1943 1349 1964 cum
1380 1938 1474 1966 tanta
1499 1934 1542 1966 sit
1569 1934 1773 1974 infirmitas,
1809 1943 1841 1968 et
1863 1946 1907 1967 an
1931 1937 1997 1968 sim
2016 1933 2138 1969 haeres

1149 1982 1281 2015 aeterni
1298 1982 1401 2018 vitae.
1454 1983 1633 2017 Adversus
1660 1982 1720 2017 lias
1739 1986 1979 2019 dubitationes
2002 1987 2138 2031 perspi-

1149 2045 1249 2065 cuam
1267 2034 1463 2067 doctrinam
1483 2042 1516 2068 et
1542 2036 1819 2069 consolationem
1846 2035 1903 2070 hic
1929 2039 2054 2078 tradit,
2084 2039 2137 2070 af-

1148 2085 1262 2117 firmat
1287 2097 1472 2118 conversos
1498 2087 1540 2119 ad
1562 2086 1693 2128 Deum,
1732 2088 1866 2131 placere
1890 2087 1962 2121 Deo
1994 2096 2137 2133 propter

1149 2136 1379 2169 mediatorem
1405 2137 1491 2177 fide,
1524 2144 1555 2171 et
1581 2146 1722 2182 propter
1746 2151 1825 2171 eum
1851 2146 1943 2172 certo
1969 2138 2137 2173 haeredes

1149 2198 1220 2219 esse
1241 2187 1331 2220 vitae
1347 2194 1527 2229 aeternae,
1556 2201 1629 2222 non
1656 2197 1799 2234 propter
1822 2191 1999 2234 propriam
2018 2191 2137 2235 digni-

1148 2245 1265 2272 tatem.

1251 2289 1350 2322 Sicut
1375 2296 1408 2323 et
1434 2289 1532 2324 Ioan.
1551 2291 1585 2326 3.
1612 2291 1760 2325 dicitur:
1802 2291 1860 2325 Sic
1889 2290 1986 2325 Deus
2012 2293 2136 2327 dilexit

1148 2342 1340 2380 mundum,
1367 2348 1404 2374 ut
1422 2342 1532 2374 filium
1550 2343 1772 2384 unigenitum
1792 2344 1946 2383 dederit,
1965 2350 2002 2377 ut
2020 2345 2135 2378 omnis

1148 2392 1210 2436 qui
1236 2392 1345 2425 credit
1367 2392 1402 2424 in
1429 2405 1507 2425 eum
1535 2406 1605 2426 non
1635 2401 1766 2435 pereat,
1790 2395 1849 2426 sed
1876 2392 2001 2428 habeat
2026 2395 2134 2428 vitam

1146 2450 1335 2477 aeternam.
1389 2442 1434 2477 Et
1452 2445 1482 2476 1.
1501 2444 1597 2479 loan.
1616 2443 1668 2478 5.:
1698 2443 1769 2486 Qui
1796 2442 1901 2478 habet
1919 2446 2047 2484 filium,
2073 2445 2135 2480 ha-

1146 2495 1205 2527 bet
1223 2494 1342 2528 vitam.
1397 2494 1442 2528 Et
1466 2495 1710 2529 Romanorum
1734 2503 1874 2528 octavo:
1904 2495 2004 2539 Quos
2032 2497 2133 2532 iusti-

1146 2547 1225 2579 ficat
1257 2548 1397 2578 cosdem
1429 2554 1460 2579 et
1492 2547 1673 2589 glorificat.
1740 2546 1790 2579 lta
1819 2544 1875 2580 hic
1898 2548 2031 2592 inquit:
2066 2548 2133 2582 Per

1118 2593 1119 2633 Ξ
1146 2595 1326 2630 Christum
1347 2595 1516 2630 habemns
1535 2610 1708 2631 accessum
1728 2599 1769 2630 ad
1788 2598 1899 2632 Deum
1922 2600 1957 2631 in
1974 2600 2132 2642 gratiam,

1146 2649 1180 2681 id
1213 2656 1280 2687 est,
1317 2649 1503 2691 gratuitam
1530 2649 1822 2693 acceptationem,
1851 2650 1886 2682 in
1905 2663 1971 2694 qua
1989 2657 2131 2688 stamus,

1147 2699 1296 2740 scilicet,
1325 2700 1514 2735 retinentes
1538 2700 1658 2734 fidem:
1686 2700 1816 2735 Sumus
1840 2709 1873 2735 et
1897 2701 2060 2746 deinceps
2078 2714 2134 2734 ac-
