2415 2942
279 128 352 162 375

285 213 493 251 luctantem,
521 220 551 244 et
570 212 676 243 libera
689 237 697 248 ,
724 222 761 242 ac
780 222 832 243 me
851 210 886 242 in
905 222 976 243 eam
996 210 1142 251 gloriam
1161 209 1261 243 resti-

284 272 359 299 tue,
389 274 486 306 qaam
506 263 595 305 apud
617 269 648 294 te
669 261 770 292 initio
789 260 916 299 habui,
944 268 1128 304 antequam
1157 273 1261 293 mnn-

283 316 347 345 dus
364 313 581 350 conderetur,
610 318 640 344 et
656 320 691 343 ut
709 322 811 352 snpra
833 312 869 343 in
889 311 1122 355 appellatione
1139 309 1262 351 Patris,

284 364 328 395 it..
350 361 402 394 liic
422 362 455 393 in
476 362 707 405 appellatione
720 360 800 394 Filii
814 362 1101 394 commonesactio
1117 369 1167 395 est
1183 375 1262 394 mu-

284 414 333 446 tui
353 413 491 444 amoris.
547 412 715 456 Sequitur
732 424 832 445 causa
850 412 981 452 finalis,
1009 425 1070 445 cur
1090 420 1180 456 petat
1198 425 1261 445 au-

283 464 405 495 xilium
425 470 456 496 et
474 463 736 501 liberationem,
766 470 801 495 ut
828 470 859 495 et
882 463 988 495 filius
1007 470 1086 496 tuus
1105 471 1137 496 te
1155 463 1262 506 glori-

283 515 378 552 ficet,
407 514 439 544 id
461 521 527 546 est:
557 511 623 545 llic
640 525 727 555 agon
749 513 825 545 ideo
843 526 860 545 a
878 520 910 546 te
928 514 1109 546 ordinatu:
1130 521 1197 553 est,
1225 519 1263 546 ut

285 562 348 596 liac
368 576 440 595 mea
457 564 653 596 obedientia
672 564 812 597 satisfiat
833 564 989 597 iusticim·
1015 572 1111 606 tuae,
1140 565 1188 596 ira
1210 564 1263 595 iu-

284 615 433 646 stissima
461 615 516 647 fiat
541 614 689 657 placata,
725 614 883 646 deleatur
909 622 1106 657 peccatum,
1143 622 1176 647 ct
1199 615 1262 647 tibi

284 662 481 697 lin-reditas
500 677 592 701 mea,
628 665 789 698 videlicet
815 664 967 697 Ecclesia
995 677 1070 697 meo
1095 665 1264 705 sanguine

285 716 500 754 redimatur,
543 715 758 747 celebratura
790 723 821 747 te
845 716 880 747 iu
913 722 1103 747 aeteruum.
1165 715 1264 747 lianc

284 778 422 798 causam
441 766 578 798 linalem
598 766 861 807 glorificationis
887 774 1060 801 recenset,
1096 772 1134 798 ut
1160 778 1265 798 omne

286 819 380 860 quod
400 816 525 849 dedisti
543 816 594 856 ei,
618 817 675 849 det
690 816 737 849 eis
757 816 861 848 vitam
888 822 1075 849 aeternam.

474 915 574 949 Haec
600 920 719 949 autem
747 920 796 948 est
824 915 898 948 vila
924 920 1086 951 aelerna.

386 998 466 1033 Hoc
498 1000 630 1032 dictum
665 999 756 1032 inter
788 999 972 1043 praecipua
1005 1007 1054 1033 est
1084 999 1268 1032 universae

284 1051 503 1093 evangelicae
544 1050 772 1089 narrationis,
822 1051 1054 1093 complectens
1096 1062 1266 1083 summam

285 1100 489 1144 Evangelii,
529 1102 622 1145 quod
654 1100 699 1133 ita
732 1107 782 1134 est
813 1100 1026 1143 affigendum
1059 1101 1198 1141 animo,
1231 1109 1267 1133 ut

286 1152 485 1195 saepissime
508 1151 697 1193 cogitetur,
725 1158 757 1183 et
782 1152 1033 1194 opponendum
1066 1151 1152 1194 legi,
1190 1149 1268 1194 phi-

287 1200 485 1246 losophiae,
526 1199 686 1234 ethnicae
716 1201 923 1244 sapientiae,
957 1200 1109 1235 Iudaicis
1130 1208 1163 1235 et
1188 1201 1269 1234 Ma-

287 1251 470 1286 hometicis
486 1252 683 1292 furoribus,
711 1258 744 1284 et
766 1253 931 1285 omnibus
948 1250 1111 1285 humanis
1128 1252 1268 1296 opinio-

289 1304 393 1336 nibus
411 1305 453 1335 de
470 1303 539 1335 vita
565 1304 682 1341 beata,
719 1310 751 1335 et
774 1303 945 1341 cultibus,
980 1315 1068 1346 qnos
1097 1303 1268 1345 excogita—

288 1362 372 1387 runt
389 1352 548 1386 homines
565 1363 658 1385 extra
682 1350 923 1395 Evangelium.
975 1352 1132 1385 Primum
1153 1361 1267 1387 auten·

288 1403 346 1437 hic
366 1404 524 1436 miranda
542 1403 698 1435 definitio
717 1403 804 1435 vitae
820 1410 979 1436 aeternae
998 1403 1179 1443 recitatur,
1209 1417 1269 1436 vo-

288 1463 343 1488 cat
367 1454 580 1497 agnitionem
599 1453 670 1486 veri
688 1452 752 1486 Dei
780 1462 812 1486 et
838 1451 988 1494 Christi,
1016 1455 1107 1498 quod
1137 1454 1269 1487 intelli-

289 1513 391 1549 gatur
409 1507 450 1537 de
469 1505 538 1538 vita
557 1504 672 1537 sutura
685 1531 693 1544 ‚
720 1512 752 1538 et
769 1505 811 1537 de
834 1504 1031 1536 incoatione
1051 1504 1141 1537 vitae
1158 1511 1269 1538 aeter-

291 1569 356 1588 nae
374 1556 409 1587 in
430 1553 491 1588 hac
507 1554 679 1598 praesenti
698 1554 766 1587 vita
779 1579 786 1592 ,
809 1555 851 1586 de
870 1554 985 1587 sutura
1005 1555 1269 1588 usitatissimum

290 1614 340 1639 est
364 1606 431 1638 dici
456 1618 530 1638 eam
559 1616 629 1638 esse
654 1612 876 1648 conspectum
903 1603 987 1642 Dei,
1018 1617 1077 1637 seu
1100 1605 1270 1638 visionem

291 1656 373 1695 Dei,
401 1663 433 1689 et
450 1662 540 1688 recte
556 1656 600 1688 ita
617 1654 756 1689 dicitur.
782 1653 870 1687 Cum
889 1655 981 1687 enim
1000 1667 1096 1688 mens
1118 1653 1270 1689 humana

291 1706 404 1740 Deum
432 1707 602 1739 faventem
630 1718 744 1738 coram
774 1705 937 1748 aspiciet,
981 1707 1188 1739 accendetur
1218 1707 1271 1739 in-

293 1757 499 1790 enarrabilis
516 1756 663 1795 laeticia,
690 1765 726 1789 ut
744 1756 878 1789 erudite
894 1755 1209 1799 dixitAugustinus
1229 1759 1272 1790 de

293 1809 419 1841 beatis:
457 1807 611 1840 'santum
634 1808 854 1849 gaudebunt,
894 1814 1062 1851 quantum
1094 1808 1273 1847 amabunt,

295 1868 430 1892 tantum
455 1859 640 1896 amabunt,
675 1865 844 1901 quantum
874 1864 1093 1899 cognoscent.
1154 1857 1272 1891 lntne-

295 1910 428 1943 buntur
443 1916 557 1942 autem
575 1909 689 1942 Deum
708 1908 947 1941 ostendentem
965 1920 999 1940 se
1019 1907 1186 1940 immensa
1208 1910 1274 1941 mi-

295 1960 502 1999 sericordia,
529 1966 561 1991 et
582 1958 842 2001 patefacientem
869 1957 1076 2002 sapientiam
1097 1971 1215 1999 suam,
1243 1967 1275 1993 et

296 2011 390 2049 luce,
417 2010 603 2052 sapientia,
628 2009 782 2049 iusticia,
811 2009 899 2049 vita,
928 2016 960 2042 et
983 2009 1113 2042 laetitia
1136 2016 1274 2043 aeterna

296 2073 359 2094 nos
379 2061 593 2104 implentem.

397 2127 464 2162 Sed
484 2127 615 2161 dictum
638 2125 768 2160 Christi
793 2125 860 2160 hoc
885 2128 960 2159 loco
986 2139 1058 2159 non
1081 2133 1215 2159 tantum
1233 2127 1276 2159 de

297 2181 412 2212 futura
432 2180 501 2212 vita
519 2178 689 2223 loquitur,
717 2177 778 2211 etsi
797 2184 1001 2220 conspectus
1020 2178 1055 2209 in
1074 2177 1190 2209 futura
1205 2177 1274 2210 vita

297 2230 478 2262 dissimilis
504 2236 554 2262 est
579 2227 778 2271 conspectui
804 2227 838 2259 in
865 2225 926 2259 hac
952 2228 1033 2260 vita.
1091 2226 1211 2267 Tunc,
1239 2234 1274 2260 ut

302 2279 486 2315 l.loannis
506 2280 539 2312 3.
556 2279 701 2312 dicitur:
732 2277 950 2320 Aspiciemus
964 2290 1054 2317 eum,
1081 2278 1195 2321 qualis
1209 2285 1273 2311 est:

298 2343 393 2363 nunc
418 2332 484 2364 fide
510 2329 767 2374 acquiescentes
792 2328 827 2360 in
854 2328 959 2361 verbo
983 2340 1060 2360 eum
1085 2328 1273 2368 intuemur,

299 2381 332 2413 id
361 2390 428 2421 est,
465 2381 656 2423 cogitamus
686 2380 786 2412 illum
820 2377 933 2411 Deum
961 2379 1046 2418 fide,
1085 2378 1146 2423 qui
1181 2378 1272 2412 misit

299 2432 409 2464 filium
436 2443 534 2463 suum
559 2430 750 2464 Dominum
771 2436 929 2462 nostrum
954 2429 1064 2462 lesum
1083 2427 1273 2469 Christum,

299 2490 419 2514 natum
438 2493 477 2512 ex
494 2479 608 2513 Maria
631 2481 787 2523 virgine,
835 2480 1036 2513 crucifixum
1065 2486 1097 2513 et
1124 2480 1272 2513 resusci-

297 2540 426 2570 tatum,
453 2538 485 2564 et
511 2543 571 2573 per
589 2543 665 2562 eum
687 2530 951 2574 promissionem
971 2529 1150 2573 Evangelii
1171 2530 1272 2563 nohis

297 2582 462 2620 tradidit,
496 2581 530 2613 iu
560 2578 652 2613 hunc
677 2581 878 2613 crucifixum
904 2588 936 2614 et
956 2582 1196 2614 resuscitatum
1216 2580 1271 2613 in-

294 2641 434 2666 tueatur
451 2643 548 2664 mens
563 2632 605 2663 de
622 2630 695 2663 Deo
714 2631 872 2664 mittente
895 2632 1068 2673 cogitans,
1094 2631 1181 2664 sicut
1198 2630 1270 2674 ipse

293 2695 358 2717 nos
374 2685 418 2717 ad
440 2694 512 2716 sese
537 2681 669 2725 alligat.
724 2680 867 2714 loannis
895 2681 968 2718 14.:
1003 2681 1074 2724 Qui
1093 2694 1147 2715 me
1165 2681 1268 2721 videt,

866 124 991 159 PHlL.
1020 124 1133 159 MEL.
1161 123 1366 159 SCRIPTA
1395 123 1693 159 EXEGETlCA.

2220 126 2293 160 376

1312 210 1403 243 videt
1423 217 1564 253 patrem.
1615 208 1676 242 Est
1700 220 1779 252 ergo
1797 210 1948 243 incoatio
1968 211 2056 244 vitae
2074 218 2231 244 aeternae
2252 213 2287 244 iu

1313 259 1374 293 hac
1399 261 1484 301 vita,
1521 260 1586 292 lide
1613 257 1706 292 hunc
1728 267 1907 293 aeternum
1934 260 2064 300 Deum,
2106 262 2163 306 qui
2199 262 2292 294 misit

1312 312 1421 344 lilium
1454 310 1565 343 lesum
1585 308 1786 350 Christum,
1814 322 1998 352 agnoscere
2023 312 2193 354 placatum
2221 323 2291 344 esse

1314 374 1372 405 per
1391 362 1521 398 lilium,
1547 368 1578 393 et
1596 373 1674 392 eum
1701 360 1882 400 iuvocare,
1918 369 2032 404 petere
2058 369 2089 394 et
2114 370 2292 406 expectare

1313 412 1588 444 consolationem
1611 411 1644 442 in
1664 411 1829 443 omnibus
1851 411 2040 445 aerumnis.
2094 411 2187 445 Haec
2206 425 2292 445 con-

1312 463 1437 495 solatio
1464 462 1498 493 in
1524 462 1613 493 veris
1639 461 1829 504 angoribus
1853 468 1902 495 est
1925 469 2045 504 gustus
2069 462 2158 495 vitae
2182 471 2293 496 acter-

1314 525 1395 553 nae,
1425 514 1553 556 dequo
1581 510 1635 544 hic
1653 512 1802 552 dicitur,
1829 518 1863 545 et
1886 513 1928 544 de
1950 524 2018 556 quo
2042 510 2191 552 Paulus,
2220 512 2294 546 Ro-

1316 576 1406 595 man.
1423 569 1564 596 octavo:
1595 562 1785 606 Accepistis
1802 562 1963 606 spiritum
1980 562 2180 608 adoptionis
2205 563 2295 596 filio-

1315 626 1411 653 rum,
1440 626 1508 658 quo
1524 613 1713 646 clamamus
1724 611 1825 645 Abba
1845 619 1952 656 pater„
1978 619 2012 646 et
2027 611 2294 648 2.C0rinth.3.:

1315 664 1468 707 Spiritus
1488 663 1648 703 vivilicat,
1676 663 1710 695 id
1730 669 1790 703 est,
1817 663 2019 696 consolatur
2037 664 2295 706 perterrefactas

1317 722 1464 752 mentes,
1495 721 1524 747 et
1546 713 1703 747 accendit
1729 714 1765 745 in
1791 713 1839 745 eis
1865 725 1992 746 novam
2019 714 2143 755 vitam,
2172 714 2296 755 lucem,

1317 765 1349 797 id
1370 772 1435 805 est,
1465 764 1669 807 sapientiam
1696 771 1728 797 et
1751 763 1935 799 iusticiam.
1988 762 2082 797 llaec
2105 764 2195 798 finnt
2218 765 2297 805 fide,

1317 828 1394 847 cum
1417 816 1520 848 corda
1544 821 1736 856 agnoscunt
1756 813 1820 848 Dei
1841 814 2114 848 misericordiam
2140 824 2170 848 et
2195 815 2295 848 auxi-

1318 866 1423 905 lium,
1463 872 1494 898 et
1524 865 1558 897 in
1578 864 1650 898 Deo
1667 865 1733 898 fide
1749 871 1892 909 propter
1910 865 2138 899 mediatorem
2155 865 2296 910 acquie-

1318 923 1429 951 scunt.

1419 966 1495 999 Huc
1515 966 1691 1010 pertinent
1711 966 1821 999 multa
1848 966 1959 1006 dicta,
1994 977 2082 1010 quae
2111 965 2228 999 omnia
2253 967 2296 998 de

1319 1015 1381 1049 liac
1399 1029 1466 1049 una
1485 1025 1517 1050 et
1535 1019 1653 1049 eadem
1672 1017 1993 1055 re'concionantur‚
2019 1023 2057 1048 ut
2074 1014 2199 1049 Mauh.
2222 1017 2295 1050 11.:

1321 1066 1444 1100 Venite
1463 1070 1505 1099 ad
1529 1079 1582 1099 me
1600 1079 1721 1099 omnes
1738 1067 1797 1111 qui
1817 1066 1982 1099 laboratis
2001 1073 2033 1099 et
2050 1066 2186 1098 onerati
2206 1066 2299 1106 estis,

1319 1125 1351 1150 et
1367 1130 1428 1159 ego
1446 1117 1594 1149 reficiam
1614 1128 1684 1149 vos.
1737 1116 1860 1151 loann.
1876 1116 1929 1151 7.:
1958 1115 1995 1149 Si
2021 1116 2098 1161 quis
2118 1116 2210 1155 sitit,
2238 1128 2297 1149 ve-

1319 1168 1393 1200 niat
1410 1170 1450 1200 ad
1470 1180 1523 1200 me
1549 1174 1581 1200 et
1602 1167 1708 1202 bibat.
1761 1166 1834 1209 Qui
1857 1167 1966 1200 credit
1990 1167 2027 1199 in
2052 1178 2123 1206 me,
2150 1166 2299 1200 flumina

1319 1230 1428 1263 aquae
1447 1219 1543 1250 vivae
1562 1217 1672 1250 ssueut
1689 1218 1733 1250 de
1750 1223 1871 1250 ventre
1887 1217 1973 1252 eius.
2027 1216 2148 1250 loann.
2171 1217 2223 1251 8.:
2258 1216 2299 1251 Si

1320 1269 1398 1313 quis
1413 1280 1607 1301 sermonem
1626 1279 1742 1300 meum
1767 1274 1900 1308 servat,
1933 1279 2005 1300 non
2028 1268 2179 1310 gustabit
2203 1279 2299 1300 mor-

1320 1328 1399 1353 tem.
1462 1318 1556 1352 Haec
1584 1318 1676 1351 dicta
1700 1318 1838 1356 omnia,
1872 1325 1904 1352 et
1922 1317 2050 1350 similia
2068 1317 2137 1351 sint
2161 1317 2196 1350 in
2215 1329 2300 1350 con-

1321 1377 1458 1412 spectu,
1495 1377 1527 1402 et
1551 1372 1700 1401 doceant
1723 1375 1856 1401 mentes
1882 1375 2019 1401 nostras
2042 1367 2110 1400 fide
2131 1379 2194 1400 nos
2218 1380 2298 1400 vere

1321 1420 1474 1462 accipere
1494 1418 1733 1451 remissionem
1753 1425 1992 1461 peccatorum,
2021 1424 2052 1450 et
2078 1418 2299 1450 reconciliari

1324 1470 1413 1512 Deo,
1441 1477 1474 1502 et
1492 1470 1557 1501 lide
1574 1469 1704 1501 incoari
1723 1469 1758 1500 in
1784 1468 1886 1501 nobis
1912 1468 2017 1501 vitam
2043 1475 2238 1508 aeternam,
2266 1468 2302 1500 id

1322 1529 1388 1560 est,
1416 1520 1558 1552 accendi
1578 1519 1689 1551 lucem
1707 1525 1739 1551 et
1757 1518 1927 1551 iusticiam
1947 1530 2085 1557 novam,
2113 1524 2151 1551 ut
2166 1518 2300 1551 dictum

1323 1578 1386 1605 est.
1447 1570 1541 1603 ldem
1564 1570 1663 1602 docet
1691 1566 1776 1601 haec
1800 1568 1988 1601 sententia:
2034 1567 2127 1600 Haec
2154 1575 2203 1601 est
2229 1568 2300 1602 vita

1322 1628 1480 1658 aeterna,
1509 1629 1545 1653 nt
1569 1625 1759 1660 agnoscant
1780 1624 1812 1651 te
1838 1618 1951 1651 solum
1971 1630 2090 1652 verum
2107 1617 2239 1659 Deum,
2268 1625 2301 1652 et

1324 1683 1425 1716 quem
1447 1670 1568 1702 misisti
1590 1669 1701 1702 lesum
1722 1666 1914 1703 Christum.

1424 1720 1608 1753 Caeterum
1627 1721 1670 1752 de
1680 1720 1866 1752 verborum
1883 1718 2019 1763 syntaxi
2039 1715 2096 1751 hic
2112 1718 2304 1760 disseritur,

1324 1771 1579 1817 simplicissima
1598 1782 1670 1803 esse
1686 1769 1833 1804 videtur.
1886 1767 1981 1803 Haec
1997 1776 2046 1802 est
2068 1770 2136 1802 vita
2152 1776 2304 1810 aeterna,

1325 1831 1361 1855 ut
1379 1829 1568 1865 agnoscant
1584 1828 1616 1854 te
1635 1820 1747 1853 solum
1765 1832 1837 1853 esse
1854 1831 1974 1853 verum
1991 1818 2116 1858 Deum,
2144 1826 2177 1853 et
2193 1831 2302 1862 agno-

1325 1881 1422 1906 scant
1441 1872 1552 1905 lesum
1576 1883 1647 1904 esse
1666 1868 1859 1904 Christum.
1913 1869 2002 1903 Nam
2021 1869 2146 1903 usitate
2166 1870 2200 1902 in
2216 1871 2303 1903 scri-

1328 1924 1438 1967 pturis
1460 1921 1620 1955 Christus
1644 1928 1693 1954 est
1719 1920 1824 1953 officii
1850 1932 1997 1960 nomen,
2041 1920 2186 1963 perinde
2209 1932 2247 1952 ac
2271 1920 2302 1952 si

1327 1975 1457 2006 diceret
1481 1972 1593 2005 lesum
1619 1983 1692 2003 esse
1716 1970 1953 2003 mediatorem.
2015 1968 2099 2003 Vult
2123 1971 2216 2002 enim
2242 1970 2299 2002 in-

1327 2024 1461 2057 culcare
1483 2022 1689 2055 sententiam
1715 2032 1814 2064 saepe
1837 2020 2035 2064 repetitam:
2071 2019 2180 2053 Nemo
2205 2022 2302 2056 venit

1327 2075 1367 2105 ad
1388 2080 1539 2119 patrem,
1567 2071 1632 2104 nisi
1652 2083 1711 2114 per
1726 2071 1856 2111 filium,
1883 2071 2064 2103 deerratnr
2079 2082 2096 2102 a
2115 2082 2197 2103 vero
2213 2069 2301 2112 Deo,

1327 2124 1392 2156 nisi
1413 2122 1467 2155 liic
1484 2123 1576 2156 Deus
1593 2123 1795 2162 invocetur,
1819 2121 1879 2166 qui
1897 2128 1944 2154 est
1960 2128 2058 2165 pater
2072 2119 2218 2154 Domini
2236 2134 2301 2156 no-

1327 2175 1388 2207 stri
1409 2173 1482 2206 lesu
1499 2171 1651 2213 Christi,
1676 2179 1708 2205 et
1726 2184 1797 2204 non
1815 2172 1954 2205 exaudit
1970 2171 2082 2211 Deus,
2114 2171 2181 2204 nisi
2206 2184 2302 2205 acce·-

1327 2227 1449 2257 ‹lamus
1486 2223 1611 2257 fiducia
1649 2222 1850 2255 mediatoris
1891 2221 1967 2255 lesu
1997 2220 2140 2257 Christi.
2201 2220 2301 2256 Hanc

1328 2275 1553 2318 principalem
1567 2272 1751 2316 Evangelii
1768 2273 1974 2313 doctrinam,
2001 2283 2089 2317 quae
2102 2271 2208 2305 tradit
2223 2273 2301 2317 quis

1326 2327 1369 2359 sit
1394 2337 1495 2359 verus
1522 2324 1635 2365 Deus,
1678 2333 1710 2358 et
1730 2336 1819 2368 quae
1840 2323 1885 2357 sit
1909 2323 1988 2364 eius,
2004 2322 2183 2362 voluntas,
2209 2335 2299 2368 quo-

1326 2378 1430 2409 modo
1463 2376 1545 2409 velit
1577 2375 1729 2408 invocari
1755 2381 1786 2407 et
1814 2373 1993 2413 exaudire,
2035 2372 2186 2406 illustrat
2216 2371 2301 2408 haec

1324 2427 1488 2472 syntaxis.
1538 2425 1611 2460 Nec
1626 2433 1805 2469 propterea
1824 2424 1981 2469 sequitur
2003 2423 2115 2456 filium
2139 2435 2210 2457 non
2227 2436 2301 2458 esse

1325 2478 1456 2516 Deum,
1483 2476 1565 2522 quia
1580 2476 1682 2509 dicit:
1709 2474 1762 2508 'l'e
1777 2475 1903 2514 solum,
1931 2485 2011 2506 nam
2030 2471 2113 2507 haec
2130 2474 2299 2517 particula

1324 2541 1396 2561 non
1419 2528 1574 2561 excludit
1595 2526 1706 2559 filium
1740 2532 1800 2559 aut
1822 2524 1993 2568 Spiritum
2024 2533 2201 2564 sanctum,
2237 2527 2298 2559 sed

1324 2579 1469 2613 numina
1493 2576 1730 2612 commentitia
1759 2575 1917 2609 omniurn
1946 2574 2121 2618 gentium,
2153 2582 2186 2609 et
2208 2575 2298 2610 sicut

1323 2630 1406 2663 alibi
1434 2641 1512 2662 cum
1536 2625 1697 2661 Christus
1722 2626 1851 2671 inquit:
1896 2624 1996 2658 Pater
2021 2626 2132 2658 maior
2154 2638 2208 2659 me
2231 2633 2294 2666 est,

1324 2693 1392 2714 non
1416 2679 1626 2726 proponitur
1651 2678 1837 2712 discrimen
1865 2676 1955 2709 inter
1977 2687 2141 2722 personas
2169 2687 2294 2710 secun-
