2415 2942
258 95 334 132 499

263 184 375 221 laeus,
401 180 444 212 de
460 174 627 210 vocabulo
641 171 763 214 Fidei,
789 170 872 207 item
891 172 934 206 de
950 171 1121 206 vocabulo
1139 171 1245 206 Iusti-

265 230 454 268 ficationis,
480 234 511 260 et
531 233 600 260 tota
618 225 673 258 via
691 225 865 258 deerrant.
924 222 1087 267 Disputat
1109 235 1245 257 mecum

266 292 297 316 et
321 278 618 323 unusquispiam,
647 276 745 308 cuius
770 276 807 307 in
826 273 1022 318 Republica
1048 286 1171 317 magna
1197 280 1247 307 est

265 331 451 367 autoritas,
480 341 522 360 an
546 327 647 360 t-'iaes
671 326 838 368 significet
862 325 1023 357 fiduciam
1050 326 1248 358 inisericor-

266 385 354 416 diae.
431 380 521 422 Quis
558 390 627 409 non
660 377 820 420 deploret
852 374 1026 408 Ecclesiae
1069 375 1250 408 tenebras?

267 434 382 466 'l'anta
409 431 472 463 sutt
492 428 747 472 Episcoporum
772 435 802 460 et
826 427 1026 459 docentium
1053 426 1188 460 incuria
1212 438 1250 459 ac

269 482 449 523 socordia,
473 488 509 513 ut
531 480 669 511 illarum
689 490 832 517 vocum,
860 489 945 521 quas
963 478 1118 522 quotidie
1138 478 1173 509 in
1192 488 1251 509 ore

271 533 466 569 habebant,
499 530 768 573 significationes
803 529 1106 563 obliviscerentur.
1169 527 1252 561 Mn-

269 585 349 618 tatis
376 590 493 616 antem
521 593 636 613 rerum
664 580 776 619 notis,
805 579 908 611 etiam
928 591 980 612 res
997 580 1143 612 amissae
1160 584 1252 616 sunt,

270 643 301 668 et
331 640 446 667 secuta
470 639 551 665 sunt
576 631 698 664 deliria
724 630 943 673 multiplicia.
998 629 1110 661 Yideo
1138 636 1251 661 autem

271 694 305 720 et
331 696 425 718 nunc
455 682 582 716 exoriri
610 682 718 714 multa
755 692 859 723 prava
887 680 1045 722 ingenia,
1089 691 1175 723 quae
1199 678 1254 710 vel

275 743 419 781 propter
438 733 695 772 curiositatem,
722 732 775 762 vel
795 737 936 773 propter
952 730 1194 770 ambitionem,
1218 740 1255 761 ea

274 799 362 831 qnae
381 797 473 817 nunc
493 785 528 815 in
547 781 710 815 Ecclesiis
732 781 859 813 nostris
883 786 972 812 recte
989 781 1196 820 traduntur,
1223 786 1256 812 et

276 839 408 884 optinui
432 836 497 867 tide
522 846 559 865 ac
583 832 787 875 simpliciter
810 830 978 873 explicata
999 837 1099 871 sunt,
1135 841 1256 863 rursus

277 888 376 921 noxis
394 883 586 929 praestigiis
604 882 812 915 conturbare
829 887 860 913 et
882 881 1032 913 obruere
1056 882 1258 914 studebunt.

276 940 394 981 Quare
429 941 569 979 propter
593 931 772 965 Clu-istum
807 943 869 963 oro
900 937 931 963 et
959 932 1115 964 obtestor
1136 942 1258 964 omnes

278 990 372 1033 pios,
404 987 461 1031 qui
483 986 518 1017 in
537 984 661 1017 studiis
676 988 876 1019 versantur,
898 988 936 1014 ut
955 982 1147 1026 simplicem
1165 981 1258 1014 veri-

274 1047 377 1073 tatem
397 1037 600 1081 patefactam
617 1035 652 1066 in
671 1031 834 1066 Ecclesiis
853 1032 981 1065 nostriS
1000 1040 1117 1066 ament
1140 1045 1178 1066 ac
1201 1039 1259 1065 tu-

276 1097 418 1127 eantur,
453 1098 557 1132 quam
587 1085 749 1129 quidem,
787 1090 959 1128 quantum
986 1095 1145 1127 possum,
1177 1083 1260 1116 ittu-

276 1149 385 1174 strare
404 1145 437 1171 et
455 1136 593 1170 munire
611 1135 728 1179 cupio,
750 1141 789 1167 ut
807 1135 848 1166 ad
867 1141 1022 1177 posteros
1040 1141 1260 1178 propagetur.

277 1191 366 1225 Cum
391 1197 505 1222 autem
533 1193 775 1228 argumentum
801 1183 980 1228 Epistolae
1010 1187 1052 1218 ad
1079 1184 1261 1218 Romanos

278 1249 457 1284 utcunque
490 1237 729 1271 recitaverim,
771 1242 803 1267 et
844 1236 1013 1279 quaedam
1051 1237 1094 1268 de
1135 1247 1259 1268 vocum

281 1291 536 1335 significatione
553 1287 772 1320 observanda
788 1286 1049 1326 admonuerim,
1077 1285 1188 1319 visum
1212 1292 1261 1319 est

281 1343 432 1376 adiicere
464 1338 786 1382 interpretationem
819 1336 1070 1369 vocabulorum
1102 1347 1260 1381 quorun-

282 1396 361 1427 dam
376 1420 384 1433 ,
413 1400 445 1424 et
465 1392 632 1431 integram
653 1387 924 1420 controversiam
945 1398 1116 1430 exponere
1141 1387 1183 1418 de
1208 1386 1261 1418 iu-

282 1443 502 1478 stificatione.
546 1438 633 1472 Nam
654 1436 738 1470 ltaec
755 1433 1006 1482 ssvt’lfydss‘ffl'ff
1024 1437 1157 1481 aliquid
1176 1436 1263 1469 lucis

281 1495 411 1528 addent
430 1496 646 1534 argumento.
700 1486 746 1520 Et
771 1499 849 1519 cum
868 1488 977 1520 lector
996 1494 1105 1520 totam
1124 1499 1262 1520 causam

282 1545 386 1579 simul
405 1543 522 1575 animo
548 1539 748 1582 complexus
769 1537 891 1577 fuerit,
919 1538 1056 1570 facilius
1080 1537 1264 1581 perspiciet

282 1606 421 1634 veram,
444 1593 579 1625 firmam
605 1597 637 1622 et
662 1587 890 1621 necessariam
913 1587 1087 1621 Ecclesiae
1110 1599 1197 1620 esse:
1226 1599 1265 1620 ac

285 1645 541 1679 animadvertet
557 1639 702 1680 rectius,
729 1638 907 1683 quomodo
925 1638 961 1670 in
982 1637 1091 1672 Paulo
1109 1638 1265 1670 membra

284 1693 532 1740 disputationis
549 1688 776 1729 cohaereant,
804 1700 882 1721 cum
907 1689 1003 1733 prius
1028 1689 1128 1734 quasi
1151 1689 1265 1721 ideam

284 1746 433 1781 aedificii
449 1745 486 1777 in
504 1748 622 1776 mente
639 1739 850 1784 conceperit·

286 1829 472 1865 Summa
515 1824 764 1860 doctrinae
804 1822 851 1858 in
889 1819 1184 1869 propheticis
1224 1827 1265 1856 et

287 1877 569 1930 apostolicis
608 1874 808 1921 scriptis
848 1871 1061 1908 traditae
1104 1873 1154 1908 de
1195 1874 1267 1908 iu-

465 1926 769 1976 stificatione
801 1936 955 1958 coram
988 1922 1100 1960 Deo.

383 1997 540 2032 Conatus
556 2008 632 2029 sum
651 1994 737 2027 alibi
752 1994 788 2026 in
804 1993 890 2026 locis
905 1994 1153 2027 communibus
1169 1991 1269 2027 theo-

290 2049 429 2093 logicis,
455 2054 585 2093 quanta
604 2045 703 2090 potui
721 2044 942 2088 simplicitate
961 2051 993 2077 et
1011 2044 1269 2088 perspicuitate,

290 2100 488 2134 doctrinam
512 2099 554 2130 de
581 2096 845 2135 iustificatione,
879 2095 1042 2127 traditam
1072 2095 1109 2127 in
1132 2094 1270 2138 scriptis

288 2149 503 2195 propheticis
523 2155 556 2182 et
583 2145 801 2190 apostolicis,
834 2145 1022 2188 explicare:
1060 2144 1180 2189 Neque
1213 2143 1269 2177 hic

287 2201 354 2235 alia
380 2201 505 2233 dicam.
559 2198 628 2231 Sed
643 2196 810 2241 quoniam
828 2195 969 2239 propria
989 2202 1040 2229 est
1058 2193 1164 2229 huius
1182 2193 1268 2239 Epi-

287 2252 395 2285 stolae
419 2249 587 2284 Paulinae
613 2245 699 2280 haec
720 2246 887 2285 materia,
927 2252 1079 2289 repetam
1111 2258 1165 2279 res
1192 2258 1266 2279 eas-

288 2303 378 2342 dem,
404 2308 437 2335 et
452 2299 607 2335 fortassis
624 2297 754 2330 alicubi
770 2296 904 2340 aliquid
922 2297 1035 2329 dicam
1052 2297 1167 2329 verbis
1185 2297 1264 2344 pla-

290 2352 461 2386 nioribus.
522 2350 625 2391 Apud
646 2344 880 2390 philosophos
901 2346 1035 2380 iusticia
1059 2347 1267 2380 universalis

289 2408 436 2435 vocatur
455 2399 653 2434 obedientia
676 2399 769 2431 iuxta
797 2408 918 2430 ornnes
940 2397 1105 2437 virtutes,
1145 2398 1179 2431 id
1206 2404 1266 2436 est,

288 2459 430 2486 externa
448 2451 631 2493 disciplina
659 2446 824 2488 honesta,
852 2459 955 2493 quam
973 2446 1078 2482 homo
1094 2449 1164 2481 suis
1182 2449 1265 2480 viri-

287 2504 354 2535 hus
377 2502 512 2535 efficere
531 2507 654 2543 potest.
706 2498 806 2532 Hanc
830 2506 861 2531 et
887 2497 1016 2532 Paulus
1043 2506 1142 2532 vocat
1165 2499 1263 2531 iusti-

286 2553 374 2587 ciam
398 2551 500 2594 legis,
535 2562 572 2582 ac
600 2548 769 2582 iusticiam
795 2561 951 2593 operum.
1011 2548 1120 2592 Saepe
1147 2556 1262 2582 antem

282 2603 435 2637 diximus
457 2601 570 2634 Deum
594 2599 788 2643 postulare,
833 2606 871 2633 ut
905 2606 1044 2633 externa
1072 2600 1256 2643 disciplina

285 2659 430 2687 nonesta
446 2654 670 2686 coerceantur
685 2661 806 2682 omnes
822 2647 1000 2692 homines,
1026 2651 1113 2686 sicut
1129 2650 1260 2685 Paulus

861 85 985 120 PHlL.
1013 82 1129 121 MEL.
1155 83 1363 122 SCRIPTA
1388 80 1689 120 EXEGETICA.

2206 85 2280 122 500

1300 170 1432 217 inquit:
1477 169 1549 204 Lex
1573 175 1624 203 est
1646 169 1758 214 posita
1786 170 1942 207 iniustis:
1981 169 2034 207 Ac
2056 172 2160 217 punit
2184 170 2280 206 Deus

1300 223 1471 256 violantes
1494 220 1721 265 diciplinam,
1747 227 1786 255 ut
1809 219 1968 256 homines
1989 225 2166 267 periuros,
2194 235 2280 256 con-

1301 274 1483 307 tumeliose
1509 273 1692 316 loquentes
1720 272 1762 305 de
1780 271 1874 313 Deo,
1907 273 2104 315 seditiosos,
2133 272 2280 307 homici-

1302 328 1382 365 das,
1407 321 1590 362 moechos,
1612 323 1723 362 sureS,
1749 324 1941 356 mendaces.
2001 324 2130 358 Verum
2148 332 2198 358 est
2217 336 2280 357 au-

1303 382 1370 408 tem
1394 375 1488 419 quod
1511 374 1626 418 inquit
1644 374 1866 407 Aristoteles:
1899 373 1970 407 Nec
1992 373 2185 418 Hesperum
2216 387 2280 408 nec

1302 425 1503 459 Luciferum
1522 424 1764 457 formosiorem
1790 435 1861 457 esse
1878 424 2033 464 iusticia,
2061 425 2094 457 id
2114 432 2185 466 est,
2213 423 2280 458 bo-

1303 482 1399 510 nesta
1426 475 1623 518 disciplina.
1689 473 1752 508 Est
1777 475 1870 508 enirn
1894 475 2069 517 egregium
2095 487 2282 508 ornamen-

1304 533 1378 559 tum
1403 523 1575 564 hominis,
1612 538 1674 558 nec
1699 525 1793 558 aliud
1823 526 2053 569 praestantius
2079 526 2184 559 decus
2209 526 2283 558 effi-

1305 589 1381 610 cere
1403 573 1488 609 ltaec
1512 577 1652 610 infirma
1678 583 1802 610 natura
1829 574 1983 609 hominis
2015 583 2135 620 potest.
2213 575 2282 610 Sed

1306 634 1422 661 tamen
1438 627 1618 660 sciendum
1637 633 1696 665 est,
1717 625 1808 660 lianc
1824 627 2045 671 disciplinam
2063 638 2284 672 nequaquam

1306 677 1501 711 satisfacere
1526 677 1612 719 legi,
1647 679 1705 709 sed
1736 689 1806 710 esse
1839 684 1978 710 tenuem
2003 678 2178 721 quandam
2208 689 2286 710 um-

1306 729 1405 761 bram
1429 728 1531 770 legis,
1560 728 1648 761 sicut
1668 727 1797 761 Paulus
1827 728 1963 761 erudite
1991 729 2090 761 docet
2113 729 2136 761 2
2153 726 2234 762 Cor.
2253 727 2287 763 3.

1307 791 1386 812 cum
1411 779 1477 812 ait:
1514 778 1660 812 ludaeos
1687 779 1813 812 intueri
1834 778 1958 811 Mosen
1988 779 2098 812 velata
2120 778 2224 820 facie,
2250 778 2288 811 id

1309 836 1376 869 est,
1405 841 1476 862 non
1496 830 1652 873 perfusos
1672 841 1743 861 esse
1761 829 1895 871 fulgore
1915 829 2015 872 legis,
2044 827 2110 862 ltoc
2125 835 2186 868 est,
2213 840 2287 862 non

1309 880 1424 912 lucere
1443 881 1477 911 in
1498 880 1546 912 eis
1569 880 1732 912 noticiam
1755 879 1837 918 Dei,
1866 886 1898 913 et
1917 880 2100 924 perfectam
2118 880 2286 913 obedien-

1309 930 1410 968 tiam,
1437 931 1494 963 sed
1517 937 1656 963 externa
1679 942 1782 973 opera
1808 930 2064 974 qualiacunque
2087 930 2187 964 effici.
2238 929 2289 963 At

1311 981 1363 1013 lex
1384 979 1446 1012 Dei
1474 981 1622 1023 flagitat,
1650 993 1721 1012 non
1746 987 1881 1014 tantum
1905 987 2044 1014 externa
2069 991 2192 1024 opera,
2227 980 2286 1013 sed

1311 1031 1497 1075 perfectam
1533 1031 1782 1065 obedientiam.
1849 1030 1965 1064 Facile
1999 1030 2104 1073 igitur
2137 1029 2289 1073 intelligi

1311 1087 1422 1125 potest
1444 1081 1620 1113 neminem
1651 1092 1721 1113 esse
1747 1083 1877 1114 iustum
1902 1093 2017 1114 coram
2041 1080 2135 1125 Deo,
2170 1081 2204 1114 id
2228 1087 2289 1121 est,

1311 1139 1488 1174 acceptum
1523 1137 1664 1175 propter
1691 1131 1912 1174 disciplinam
1945 1139 2150 1172 externam,
2199 1132 2290 1165 sicut.

1311 1183 1401 1215 clare
1419 1182 1533 1226 i‘nquit
1554 1181 1699 1215 Paulus:
1727 1180 1779 1214 Ex
1799 1182 1964 1225 operibus
1984 1182 2068 1224 legis
2093 1194 2165 1215 non
2188 1182 2290 1215 iusti-

1312 1233 1473 1266 ficabitur
1490 1233 1605 1265 omnis
1621 1244 1713 1267 caro.
1768 1231 1806 1264 ld
1824 1232 1958 1265 dictum
1981 1230 2137 1266 detrahit
2152 1233 2291 1266 laudem

1312 1283 1569 1318 iustificationis
1598 1295 1669 1315 non
1692 1289 1829 1316 tantum
1851 1283 2077 1323 ceremoniis,
2104 1284 2162 1316 sed
2187 1283 2291 1316 etiam

1312 1334 1505 1366 moralibus
1521 1333 1697 1377 operibus,
1721 1345 1760 1366 ac
1778 1333 1934 1378 loquitur
1951 1334 1993 1365 de
2009 1340 2081 1366 tota
2094 1333 2293 1377 disciplina.

1313 1383 1422 1416 Porro
1439 1385 1481 1416 de
1499 1381 1561 1416 hac
1578 1390 1718 1416 externa
1735 1383 1931 1427 disciplina,
1950 1384 1992 1416 de
2010 1383 2067 1416 illa
2080 1385 2189 1417 velata
2199 1383 2294 1416 Mosi

1313 1435 1411 1472 facie,
1430 1426 1652 1477 pbilosopltia
1671 1441 1703 1466 et
1721 1435 1810 1476 leges
1822 1431 1995 1466 humanae
2009 1434 2200 1468 disserunt:
2218 1446 2290 1467 non

1314 1491 1487 1529 quaerunt
1510 1485 1685 1529 quomodo
1713 1496 1828 1517 coram
1847 1483 1921 1517 Deo
1946 1484 2045 1524 iusti,
2079 1485 2112 1517 id
2140 1492 2208 1524 est,
2235 1496 2290 1518 ac—

1316 1535 1405 1578 cepti
1428 1535 1548 1569 simus.
1601 1534 1671 1567 Nec
1695 1534 2010 1567 comminiscendae
2033 1542 2113 1568 sunt
2129 1533 2293 1568 Philoso-

1318 1584 1468 1629 phorum
1488 1585 1680 1618 sententiae
1698 1597 1776 1617 cum
1797 1584 1956 1620 Paulina.
1997 1584 2194 1618 Tribuatur
2210 1597 2294 1619 suus

1317 1637 1413 1668 locus
1431 1633 1513 1668 huic
1534 1635 1664 1667 carnali
1682 1635 1859 1675 iusticiae,
1885 1632 1952 1668 hoc
1971 1641 2039 1675 est,
2066 1637 2296 1669 coerceantur

1318 1687 1415 1730 impii
1435 1685 1497 1718 hac
1516 1686 1710 1729 disciplina,
1731 1692 1901 1727 vagentur
1918 1683 2125 1729 Philosophi
2142 1686 2178 1718 in
2196 1692 2297 1721 coetu

1320 1737 1458 1781 populi,
1487 1744 1520 1770 et
1545 1737 1690 1769 velatam
1708 1735 1802 1768 Mosi
1826 1737 1948 1769 faciem
1974 1736 2195 1777 intueantur,
2222 1748 2296 1770 non

1317 1789 1507 1820 ascendant
1527 1787 1563 1819 in
1581 1794 1733 1819 montem
1752 1788 1794 1819 ad
1812 1785 1937 1821 Deum.
1991 1786 2160 1820 Maneant
2176 1788 2214 1820 in
2232 1785 2297 1820 hac

1317 1839 1419 1872 turba
1437 1845 1469 1872 et
1485 1836 1657 1880 Origenes
1674 1844 1706 1871 et
1722 1837 1847 1870 caeteri
1863 1837 1922 1882 qui
1940 1849 2019 1870 eum
2033 1846 2243 1882 sequuntur,
2264 1844 2299 1872 et

1319 1889 1464 1922 velatam
1484 1888 1577 1921 Mosi
1601 1889 1724 1921 faciem
1748 1888 1969 1928 intueantur,
1992 1900 2069 1920 cum
2094 1901 2167 1921 non
2191 1888 2296 1921 aliam

1319 1940 1503 1979 iusticiam,
1523 1939 1589 1971 nisi
1607 1938 1781 1971 carnalem
1793 1939 1951 1973 doceant.
1978 1937 2064 1972 Cum
2083 1939 2189 1982 igitur
2205 1938 2295 1972 ratio

1320 2002 1392 2023 non
1412 1990 1546 2029 videat,
1568 1989 1745 2034 quomodo
1762 2001 1878 2021 coram
1890 1987 1964 2022 Deo
1982 1988 2064 2022 iusti
2082 1997 2294 2033 reputemur,

1321 2039 1535 2083 Evangelum
1554 2039 1729 2083 praedicat
1747 2039 1850 2072 aliam
1869 2039 2058 2081 iusticiam,
2083 2052 2156 2072 non
2174 2046 2295 2073 notam

1320 2091 1468 2132 rationi,
1497 2091 1556 2123 sed
1572 2089 1735 2123 Patribus
1760 2090 1949 2123 revelatam
1966 2102 1984 2123 a
2001 2088 2096 2131 Deo,
2123 2098 2155 2124 et
2178 2097 2294 2134 postea

1320 2153 1381 2186 per
1415 2139 1608 2185 Prophetas
1636 2140 1746 2183 magis
1776 2140 1955 2185 magisque
1983 2141 2186 2184 patefactam
2203 2165 2213 2179 ,
2255 2152 2294 2174 ac

1319 2193 1458 2226 tandem
1486 2204 1547 2236 per
1579 2189 1760 2225 Christum
1794 2198 1826 2225 et
1857 2189 2045 2235 Apostolos
2072 2203 2225 2235 sparsam
2256 2190 2294 2223 in

1318 2244 1503 2277 mundum.
1555 2244 1637 2275 Ideo
1655 2241 1802 2275 loannes
1822 2242 1951 2287 inquit:
1979 2241 2091 2274 Deum
2109 2253 2213 2274 nemo
2240 2241 2295 2274 vi-

1317 2293 1368 2328 dit
1386 2305 1559 2339 unquam:
1588 2294 1645 2326 sed
1666 2293 1759 2327 filius
1778 2291 1858 2330 Dei,
1880 2292 1939 2336 qui
1959 2298 2009 2325 est
2028 2292 2063 2324 in
2079 2292 2159 2326 sinu
2178 2292 2296 2336 patris,

1318 2344 1389 2388 ipse
1408 2344 1584 2378 enarravit
1600 2344 1719 2384 nobis,
1747 2342 1845 2389 quasi
1869 2343 1976 2376 dicat:
2013 2341 2113 2376 Hanc
2131 2343 2296 2377 volunta-

1318 2403 1385 2429 tem
1411 2394 1495 2436 Dei,
1532 2396 1625 2440 quod
1649 2393 1744 2427 Deus
1769 2393 1876 2436 gratis
1908 2393 1990 2426 velit
2023 2393 2220 2436 ignoscere,
2261 2399 2294 2428 et

1315 2447 1398 2479 dare
1424 2447 1529 2480 vita-m
1556 2452 1730 2479 aeternam
1755 2450 1896 2489 propter
1919 2443 2049 2484 filium,
2076 2444 2175 2478 nulla
2197 2456 2295 2478 crea-

1315 2504 1413 2538 tura,
1455 2497 1551 2530 nulla
1577 2495 1664 2530 ratio
1689 2493 1841 2528 humana
1871 2492 2132 2538 deprehendere
2161 2495 2293 2541 potuit:

1312 2549 1371 2580 sed
1398 2555 1532 2582 tantum
1565 2559 1627 2591 per
1654 2546 1787 2579 Filium
1816 2543 1900 2578 haec
1930 2546 2092 2579 voluntas
2126 2546 2293 2589 patefacta

1311 2605 1371 2632 est.
1433 2597 1489 2631 De*
1514 2596 1580 2631 hoc
1616 2597 1824 2630 admirando
1859 2596 2027 2630 beneficio
2062 2596 2293 2629 concionatur

1311 2647 1460 2691 Paulus,
1494 2649 1590 2695 quod
1615 2659 1785 2692 exponam
1812 2646 1976 2681 breviter.
2038 2645 2104 2682 Est
2129 2653 2160 2680 et
2185 2644 2292 2680 Chri-
