2415 2942
194 108 286 143 1387

196 191 404 226 n-‚tumtitar
421 186 542 221 haeret
559 184 595 217 in
614 181 820 217 hominibus
839 184 1036 225 dubitatio,
1067 191 1087 219 t.
1102 197 1184 219 men

198 243 388 277 certissima
413 238 572 272 doctrina
598 242 672 276 est,
701 242 732 268 et
759 247 825 268 vox
839 234 1027 278 Evangelii
1049 238 1186 282 perspi-

198 307 280 334 cua,
308 301 494 326 conversos
511 293 673 331 oportere
691 286 828 318 vincere
848 287 1126 328 dubitationem,
1154 296 1183 321 et

200 354 348 379 statuere
367 341 459 387 quod
479 338 632 372 babeant
647 337 888 370 remissionem
906 344 1138 382 peccatorum,
1154 346 1186 373 et

200 398 264 430 sint
289 396 323 427 in
340 392 461 437 gratia.

303 453 384 486 ldeo
415 449 509 484 enim
541 447 792 492 promissiones
828 448 1001 482 divinitus
1036 448 1185 481 traditae

201 514 300 544 sunt,
327 511 365 536 ut
383 501 554 535 naturalis
572 499 745 532 dubitatio
763 498 926 537 tollatur,
962 508 990 532 et
1013 512 1085 534 nou
1110 511 1185 532 cre-

201 557 296 590 denti
318 567 375 587 scu
395 551 549 586 manenti
568 551 603 583 in
622 549 843 582 dubitatione
864 551 1049 594 promissio
1072 551 1186 583 inanis

201 608 336 642 sonitus
353 612 414 639 est.
470 602 551 635 ldeo
567 601 698 634 Paulus
716 601 834 644 inquit
859 602 900 634 ad
921 600 1101 635 Romanos
1129 614 1186 634 ca-

203 661 271 703 pite
289 662 430 702 quarto:
460 653 541 686 ldeo
560 664 599 684 ex
618 652 684 684 fide
702 650 839 692 Gratis,
866 660 904 684 ut
922 653 964 685 sit
984 654 1082 685 firma
1100 664 1182 697 pro-

202 709 331 743 missio.
385 706 479 739 Haec
497 705 582 737 fides
600 703 758 746 opposita
775 709 825 735 est
842 703 1075 741 dubitationi,
1092 704 1185 735 iuxta

202 762 289 794 illud
315 760 356 791 ad
383 756 565 791 Romanos
591 754 702 797 capite
728 754 868 797 quinto:
908 752 1086 788 iustificati
1120 755 1186 786 side

203 823 319 855 pacem
353 807 524 841 babemus
549 813 582 839 et
605 816 777 837 accessum
804 805 845 837 ad
873 802 997 837 Deum.
1061 804 1186 847 Quan-

201 874 304 907 quam
340 867 454 892 autem
490 857 639 889 sentitur
675 855 878 898 trepidatio,
923 862 1041 888 tamen
1079 857 1188 888 sciant

203 915 309 947 corda
333 912 465 943 dictum
489 908 526 940 in
554 906 676 940 Marco
701 906 812 949 capite
834 918 946 939 nono:
984 907 1096 941 Credo
1114 906 1187 939 Do-

205 965 320 1001 mine,
348 962 406 994 sed
425 971 526 1003 opem
540 959 592 991 fer
607 957 823 989 dissidentiae
841 957 947 992 meae.
1003 957 1062 992 Sic
1089 964 1188 1001 peta-

205 1027 281 1048 :nus
296 1021 327 1046 et
346 1024 409 1044 nos
430 1008 650 1048 confirmari,
687 1009 780 1040 iuxta
806 1009 914 1041 illud:
945 1008 1089 1051 Quanto
1115 1021 1188 1041 ma—

203 1067 254 1109 gis
271 1065 368 1097 dabit
389 1069 484 1106 pater
503 1060 661 1093 coelestis
680 1058 854 1102 Spiritum
878 1067 1037 1093 sanctum
1068 1068 1189 1104 peteu-

204 1118 308 1150 tibus.
358 1113 403 1146 Et
423 1110 506 1145 haec
523 1112 606 1144 fides
632 1111 813 1143 intueatur
840 1111 1128 1154 promissionem,
1157 1118 1190 1143 et

204 1166 385 1201 crescatin
413 1163 647 1196 invocatione.
702 1160 778 1193 Iloc
803 1174 881 1194 cum
906 1163 960 1202 fit,
993 1162 1188 1195 consolatio

204 1220 275 1262 ipsa
306 1218 342 1249 in
370 1215 473 1248 nobis
500 1221 549 1247 est
574 1213 836 1253 testimoninm,
873 1225 941 1257 quo
968 1213 1190 1255 agnoscimus

205 1281 267 1302 nos
286 1266 429 1301 liberari
449 1277 487 1298 ex
508 1271 618 1297 morte
634 1270 784 1301 aeterna,
802 1265 843 1295 de
862 1277 929 1309 qua
949 1265 1189 1297 consolatione

206 1320 321 1364 inquit
338 1317 476 1350 ‘Paulus
499 1316 541 1348 ad
566 1314 746 1349 Romanos
769 1315 879 1357 capite
905 1323 1043 1348 octavo:
1081 1314 1190 1349 Acce-

205 1371 303 1416 pistis
322 1369 493 1412 Spiritum
513 1366 722 1398 clamantem
743 1363 843 1397 Abba
861 1373 967 1409 pater.
1022 1367 1092 1399 Hic
1118 1367 1188 1410 spi-

206 1424 292 1455 titus
319 1421 376 1451 dat
401 1417 638 1451 testimonium
668 1415 805 1458 spiritui
834 1424 971 1457 nostro,
1015 1418 1108 1461 quod
1142 1418 1189 1449 si-

205 1485 281 1505 mus
307 1471 366 1503 lilii
394 1469 470 1503 Dei.
523 1466 567 1500 Et
595 1467 628 1498 iu
649 1464 739 1498 hanc
765 1468 973 1500 sententiam
1000 1466 1189 1510 aitAugu—

206 1525 332 1557 stinus:
360 1520 516 1552 Credens
534 1518 596 1550 scit
613 1530 646 1550 se
666 1518 818 1551 credere.

309 1579 438 1612 Verum
473 1584 518 1610 est
548 1583 685 1615 autem,
721 1574 915 1619 Prophetas
938 1582 970 1608 et
998 1576 1190 1623 Apostolos

203 1633 366 1666 habuisse
386 1628 574 1671 singularia
595 1627 813 1664 testimonia,
842 1639 930 1671 quae
948 1627 1081 1659 etiamsi
1107 1640 1189 1671 pro-

206 1693 280 1729 pter
307 1681 542 1716 ministerium
570 1685 601 1711 et
628 1686 769 1721 propter
798 1678 975 1710 auditores
1002 1679 1084 1721 ipsis
1110 1681 1188 1712 data
1218 1701 1219 1706 ,

205 1742 304 1774 sunt,
334 1741 450 1766 tamen
470 1731 571 1763 etiam
594 1729 686 1772 ipsos
712 1728 876 1772 privatim
900 1729 1131 1770 confirmant,
1159 1738 1190 1762 et

205 1794 320 1819 tamen
341 1784 495 1827 ipsorum
524 1782 607 1812 fides
634 1780 814 1813 nitebatur
838 1792 910 1812 non
937 1780 1007 1813 illis
1033 1782 1134 1813 donis
1158 1783 1189 1814 '01

203 1835 400 1872 miraculis,
436 1834 494 1866 sed
522 1831 765 1864 misericordia
806 1837 948 1875 propter
979 1832 1090 1866 filium
1124 1832 1188 1866 Dei

207 1887 387 1931 promissa.

305 1946 490 1987 Quaerunt
521 1940 687 1975 monachi
720 1939 808 1974 hanc
843 1941 1087 1974 certitudinem
1115 1954 1188 1974 non

203 2000 239 2030 iu
275 1995 528 2039 promissione,
581 1995 640 2026 sed
687 1993 723 2024 in
758 1993 984 2037 qualitatibus
1017 1994 1088 2025 suis
1126 1994 1187 2025 nbi

204 2061 281 2081 curn
319 2046 500 2078 inveniant
526 2044 806 2083 immunditiem,
843 2044 964 2076 iubent
988 2056 1128 2076 manere
1152 2045 1187 2077 in

204 2098 437 2131 dubitatione.
498 2094 628 2128 Contra
662 2106 744 2126 vero
771 2095 951 2127 sciendum
981 2103 1048 2135 est,
1084 2096 1186 2128 tidem

202 2149 333 2182 intueri
371 2147 660 2191 promissionem,
714 2157 784 2177 non
819 2146 1005 2189 qualitates
1041 2155 1187 2185 nostras,

202 2202 291 2234 sicut
308 2206 398 2232 recte
415 2198 547 2230 dictum
566 2205 614 2229 est
633 2197 676 2229 ab
694 2197 911 2238 Augustino:
950 2197 1075 2229 'sotius
1097 2199 1187 2230 fidu-

203 2253 274 2283 ciae
307 2250 477 2283 certitudo
512 2259 584 2282 esse
617 2248 721 2281 debet
757 2248 793 2279 in
824 2248 977 2290 pretioso
1016 2250 1186 2291 sanguine

201 2300 347 2336 Christi.

316 2398 495 2433 Formam
515 2400 663 2433 relinelo
678 2411 854 2433 sanorum
874 2399 1069 2436 uerborum).

304 2477 446 2520 Repetit
467 2484 688 2521 praeceptum
707 2479 748 2510 de
769 2479 1007 2510 conservanda
1036 2479 1186 2521 puritate

202 2529 403 2568 doctrinae,
443 2529 536 2572 quod
562 2529 762 2570 saepissime
786 2528 822 2560 in
847 2529 979 2561 divinis
1004 2530 1185 2562 concioni-

199 2582 264 2613 bus
283 2580 460 2612 recitatur.
506 2576 551 2610 Et
569 2590 703 2611 summa
723 2578 974 2622 comprehensa
992 2588 1041 2613 est
1064 2581 1099 2612 in
1119 2578 1185 2615 hoc

199 2632 310 2663 dicto:
346 2629 382 2663 Si
409 2629 486 2674 quis
511 2628 607 2661 aliud
634 2627 866 2671 Evangelium
890 2632 1065 2671 docuerit,
1100 2644 1184 2665 ana-

197 2681 314 2715 thema
341 2681 394 2714 sit.
449 2679 543 2713 Usus
569 2686 618 2712 est
642 2687 756 2713 autem
776 2680 907 2714 Paulus
933 2679 990 2715 hic
1014 2683 1182 2726 singulari

780 97 907 133 PlttL.
935 96 1052 134 MEL.
1080 97 1290 136 SCRIPTA
1318 97 1618 136 EXEGETlCA.

1210 672 1216 745 1
1240 653 1385 687 Constat
1405 661 1518 686 autem
1542 654 1576 685 in
1596 653 1826 686 custodiendo
1839 655 1998 697 deposito
2008 655 2226 687 severissime

2126 102 2220 138 1388

1211 187 1367 256 {verbm
1410 183 1588 220 Retinens
1616 184 1786 234 sormam
1821 197 1997 220 sanorum
2026 187 2224 230 verbor-mn,

1212 261 1215 296 μ
1242 239 1277 272 id
1296 246 1362 278 est,
1391 237 1560 283 quaetibi
1578 245 1678 270 antea
1694 237 1866 270 delineata
1884 245 1944 271 est.
2002 238 2085 273 Vult
2110 247 2142 273 et
2167 252 2222 273 res

1211 297 1214 336 f
1241 290 1333 333 ipsas
1351 289 1514 329 retineri,
1542 295 1574 322 et
1596 289 1720 321 modos
1745 289 1911 333 loquendi
1939 290 2157 332 perspicuoS‚
2186 298 2220 324 et

1211 352 1214 370 t
1241 341 1388 374 usitatos
1432 337 1618 384 Prophetis
1660 346 1692 372 et
1740 338 1932 383 Apostolis.
2010 341 2222 385 Quanquam

1211 372 1335 470 'enim
1367 403 1439 423 non
1469 391 1709 435 superstitiose
1747 391 1900 436 postulat
1936 391 2067 436 ubique
2103 393 2224 425 eadem

1212 471 1213 477 ,
1240 443 1343 475 verba
1363 442 1520 475 recitari:
1557 449 1674 475 tamen
1700 442 1775 474 xult
1797 441 1900 474 vitari
1925 442 2168 485 ambiguitates
2191 449 2225 475 et

1240 490 1479 541 λογομαχίας.

1342 550 1536 595 Exaggerat
1553 558 1667 583 autem
1685 558 1906 596 praeceptum
1918 578 1925 591 ,
1951 564 2028 586 cum
2048 552 2146 586 iubet
2163 565 2224 587 cu·

1241 603 1364 636 stodiri
1382 604 1579 636 doctrinam
1599 609 1763 645 tanquam
1784 604 1999 646 praeclarum
2017 603 2227 647 depositum.

1243 705 1410 748 postulari
1447 707 1573 736 bonam
1608 704 1722 737 fidem.
1785 704 1856 738 Nec
1881 705 2011 739 frustra
2035 706 2149 739 addit:
2187 709 2226 738 ut

1243 753 1423 788 custodial
1448 766 1510 801 per
1528 753 1708 801 Spiritum
1731 761 1929 789 sarnetum.-
1963 755 2050 790 Vult
2072 768 2146 789 non
2168 757 2226 789 in-

1242 806 1385 849 dulgere
1415 806 1592 838 auditores
1624 807 1753 839 ratioui
1785 807 1963 852 quaerenti
1987 807 2228 841 cavillationes

1242 865 1364 890 contra
1382 864 1473 889 recte
1493 857 1640 896 tradita,
1669 857 1744 890 vult
1768 858 1993 891 invocatione
2008 857 2074 891 Dei
2099 859 2228 891 confir-

1242 908 1330 940 mari
1349 909 1472 949 corda,
1502 914 1539 940 ut
1558 907 1628 940 sint
1646 907 1742 940 firma
1762 908 1797 940 in
1823 909 2019 942 retinendis
2041 916 2133 942 recte
2156 915 2228 943 tra-

1243 959 1337 994 ditis.
1391 958 1497 991 Multi
1518 959 1739 999 indulgentes
1759 960 1830 991 suis
1848 960 2166 1002 speculationibus,
2195 966 2228 993 et

1242 1008 1410 1043 habentes
1433 1009 1590 1042 studium
1616 1009 1881 1041 contradicendi
1908 1011 2087 1044 excutiunt
2112 1009 2227 1053 Spiri—

1243 1069 1315 1094 tum
1335 1068 1513 1100 sanctum,
1542 1060 1662 1104 quales
1683 1057 1738 1092 bic
1757 1061 1915 1093 nominat
1933 1062 2121 1105 quosdam,
2141 1058 2229 1093 Phi-

1242 1113 1372 1154 gellum
1407 1119 1437 1145 et
1466 1110 1723 1154 Hermogenem
1758 1117 1790 1143 et
1824 1112 1990 1156 reliquos.
2055 1110 2230 1155 Praecipit

1243 1165 1352 1206 igitur
1381 1164 1421 1195 ad
1444 1158 1651 1194 Corinthios
1674 1162 1708 1195 2.
1727 1160 1889 1196 Corinth.
1911 1163 1968 1196 10.
1995 1162 2106 1206 redigi
2132 1174 2232 1195 men-

1243 1222 1293 1249 tes
1310 1215 1348 1247 in
1367 1213 1603 1258 captivitatem
1621 1210 1776 1247 Christo.

1470 1322 1544 1358 Del
1561 1321 1852 1357 misericordiam
1871 1321 2006 1357 domui.

1347 1399 1427 1432 Non
1455 1400 1710 1443 praetereunda
1741 1406 1824 1433 sunt
1848 1397 1906 1432 hic
1930 1399 2106 1443 exempla,
2141 1412 2230 1445 quae

1246 1448 1302 1482 hic
1329 1458 1484 1483 recenset
1512 1450 1660 1489 Paulus,
1694 1462 1845 1494 quorum
1873 1451 1970 1492 prius
1994 1457 2044 1483 est
2070 1451 2113 1483 de
2131 1450 2230 1494 Apo-

1245 1502 1341 1534 statis
1359 1502 1411 1533 vel
1432 1501 1699 1544 corruptoribus
1717 1501 1919 1541 doctrinae,
1951 1502 2044 1545 quod
2071 1514 2231 1535 commo-

1246 1553 1394 1584 nefaciat
1414 1563 1477 1583 nos
1495 1553 1537 1583 de
1557 1551 1696 1583 insidiis
1722 1552 1877 1590 diaboli,
1903 1558 1937 1584 et
1962 1554 2005 1584 de
2029 1560 2146 1585 nostra
2174 1553 2230 1585 in-

1245 1603 1419 1637 firmitate.
1475 1602 1564 1634 Cum
1587 1602 1680 1633 enim
1700 1599 1736 1633 hi
1757 1602 1965 1642 defecerint,
2000 1604 2057 1647 qui
2075 1603 2231 1636 familia—

1246 1666 1299 1686 res
1319 1654 1460 1686 sut-runt
1480 1652 1679 1696 Apostoli&
1715 1659 1746 1684 et
1764 1659 1974 1699 spectatores
1996 1654 2139 1687 suerunt
2161 1656 2229 1687 mi-

1216 1708 1220 1784 Ι
1246 1705 1466 1744 iaculorum,
1499 1704 1583 1748 quid
1603 1710 1720 1747 postea
1745 1703 1825 1736 fiet‘.>
1859 1702 2140 1746 Expavescatnus
2164 1706 2229 1748 igi-

1246 1765 1304 1789 tur
1328 1762 1362 1788 et
1387 1767 1528 1787 oremus
1554 1766 1617 1787 nos
1645 1755 1866 1795 confirmari,
1899 1767 1938 1787 ac
1964 1756 2229 1790 meminerimus

1245 1808 1304 1840 illa
1324 1807 1414 1839 dicta
1436 1807 1546 1839 Lucae
1571 1807 1648 1840 12:
1677 1804 1850 1838 Diabolus
1868 1807 2071 1854 depoposcit
2091 1820 2171 1848 vos,
2191 1816 2230 1842 ut

1245 1859 1416 1891 cribraret
1432 1870 1492 1890 vos
1511 1864 1680 1901 tanquam
1698 1857 1874 1896 triticum,
1910 1866 2141 1892 veruntamen
2166 1871 2228 1903 ego

1243 1909 1362 1953 rogavi
1382 1921 1444 1952 pro
1462 1915 1512 1949 te,
1540 1921 1583 1940 ne
1599 1908 1736 1940 deficiat
1756 1908 1840 1940 fides
1857 1915 1915 1941 tua
1936 1907 2050 1942 Petre.

1345 1970 1507 2002 Alterum
1527 1968 1725 2010 exemplum
1744 1974 1794 2000 est
1812 1965 1967 2000 hominis
1986 1968 2130 2001 benefici
2148 1981 2227 2013 erga

1243 2019 1460 2062 Ecclesiam,
1503 2021 1545 2052 de
1577 2031 1646 2063 quo
1682 2030 1807 2061 genere
1841 2019 2083 2064 eleemosynae
2109 2027 2227 2055 extant

1244 2078 1447 2115 praecepta,
1488 2070 1757 2114 promissiones,
1802 2071 2158 2104 commonefactiones
2194 2079 2228 2105 et

1244 2123 1417 2166 exempla,
1454 2134 1543 2167 quae
1569 2121 1688 2153 omnia
1716 2127 1798 2153 nota
1823 2129 1917 2153 sunt.
1975 2120 2123 2154 Genesis
2148 2124 2225 2156 12:

1243 2172 1454 2206 Benedicam
1492 2172 1782 2205 benedicentibus
1818 2172 1903 2214 tibi,
1953 2180 1987 2206 et
2022 2173 2227 2206 maledicam

1243 2224 1538 2257 maledicentibus
1563 2223 1638 2257 tibi.
1693 2221 1737 2255 Et
1763 2222 2012 2256 Deuteronom.
2047 2225 2225 2266 trigesimo

1242 2277 1363 2309 tertio:
1395 2274 1563 2308 Doctrina
1589 2280 1649 2307 tua
1675 2286 1692 2306 a
1713 2274 1788 2305 viro
1806 2282 1924 2307 sancto
1948 2281 2049 2318 tuo.3
2075 2274 2145 2316 Qui
2170 2276 2226 2307 di-

1243 2327 1287 2359 cit
1306 2327 1396 2370 patri
1415 2333 1448 2359 et
1467 2326 1568 2358 matri
1588 2325 1687 2357 uxori
1710 2332 1741 2357 et
1762 2324 1902 2365 liberis,
1938 2326 2054 2358 nescio
2077 2337 2157 2364 vos,
2185 2323 2224 2358 hi

1242 2385 1344 2411 erunt
1371 2378 1531 2411 custodes
1553 2376 1638 2419 legis
1662 2387 1771 2409 meae.
1799 2374 2008 2409 Benedicam
2020 2373 2225 2410 holocausto

1241 2435 1318 2468 tuo,
1348 2429 1420 2471 Qui
1437 2431 1587 2461 oderunt
1610 2439 1710 2467 eum,
1747 2439 1818 2459 non
1838 2434 2061 2469 consurgent.
2115 2427 2224 2461 Vides

1240 2480 1339 2523 plura
1374 2481 1542 2512 membra.
1605 2477 1763 2510 Primum
1799 2478 1917 2520 alligat
1949 2480 2145 2511 sacerdotes
2177 2480 2222 2511 ad

1239 2538 1371 2564 certum
1389 2542 1501 2572 genus
1516 2529 1696 2575 doctrinae
1715 2529 1845 2560 divinis
1872 2528 2084 2561 testimoniis
2110 2531 2222 2562 tradi-

1238 2589 1311 2614 tum
1335 2594 1395 2625 per
1411 2578 1622 2624 Prophetas,
1648 2577 1828 2613 Christum
1849 2585 1882 2611 et
1899 2577 2099 2622 Apostolos.
2153 2579 2223 2613 Po-

1240 2640 1309 2666 stea
1327 2633 1425 2666 addit
1445 2638 1686 2676 praeceptum,
1714 2630 1834 2674 quales
1850 2641 1923 2662 esse
1942 2631 2023 2664 velit
2049 2631 2221 2669 doctores,

1238 2684 1418 2725 videlicet,
1442 2683 1502 2718 tali
1520 2683 1646 2716 robore
1663 2681 1763 2722 fidei,
1798 2687 1837 2714 ut
1862 2681 2057 2715 anteferant
2083 2681 2220 2715 conses-
