2415 2942
122 79 216 115 1341
323 76 423 114 Xlll.

118 163 214 199 hunc
231 164 386 197 laborem
409 162 569 197 discendi
589 163 723 207 placere
748 162 843 203 Deo,
872 169 902 195 et
919 160 995 194 Deo
1011 173 1113 194 curae

118 229 190 250 esse
215 215 456 249 defensionem
482 215 685 248 docentium
711 221 744 247 et
764 214 996 253 discentium,
1025 213 1113 247 sicut

117 270 160 301 de
176 266 381 302 Sacerdotio
398 266 515 311 inquit
532 266 640 300 Deut.
660 265 735 299 18.:
761 264 938 298 Dominus
961 270 1010 297 est
1030 261 1112 296 hae-

117 319 247 352 reditas
265 324 389 353 vestra.
452 317 538 350 ltem
566 316 630 350 lsa.
650 314 728 350 58.:
770 315 878 349 Posui
903 315 940 347 In
967 327 1028 348 ore
1051 321 1111 348 tuo

117 371 265 403 verbum
299 381 436 410 meum,
471 375 504 402 et
527 368 670 401 dextera
695 379 770 400 mea
796 374 975 412 protegam
998 373 1047 407 te,
1074 373 1111 399 ut

117 422 254 465 plantes
273 420 401 453 coelos.

218 488 449 522 Severissime
482 487 586 521 etiam
621 486 741 530 puniri
781 484 1030 528 negligentiam
1075 484 1110 515 in

117 540 283 573 discendo
317 546 451 572 certum
485 546 554 579 est,
589 545 628 571 ut
653 535 767 571 Oscae
789 535 822 569 4.
842 537 987 569 dicitur:
1017 533 1108 577 Quia

117 591 299 624 scientiam
317 590 490 634 repulisti,
505 589 670 633 repellam
689 596 732 626 te,
756 600 799 620 ne
818 587 1012 620 sacerdotio
1029 587 1110 618 sun-

114 642 206 685 garis
224 639 322 674 milii.
376 640 452 674 Hae
479 639 835 674 commonefactiones
859 639 1010 670 excitent
1028 637 1109 669 dili-

117 693 289 736 gentiam,
313 692 423 726 sciant
443 692 598 724 iuniores
620 703 691 723 rem
715 689 895 722 difficilem
921 700 992 721 esse
1019 695 1109 720 recte

116 743 300 787 complecti
326 751 438 776 totum
464 742 646 776 doctrinae
671 752 817 785 corpus,
851 740 963 773 multo
993 747 1108 772 autem

116 795 296 828 difficilius
315 807 386 827 esse
412 803 501 826 recte
522 801 552 826 et
575 793 758 836 perspicue
788 803 982 835 exponere,
1017 796 1048 822 et
1075 801 1110 822 se

119 847 157 879 ad
178 843 260 878 haee
279 853 373 879 tanta
393 857 496 888 opera
515 851 656 888 propter
675 843 821 886 gloriam
833 841 909 881 Dei,
930 841 1108 885 propriam

116 897 263 930 satutem
284 904 315 929 et
333 897 522 929 utilitatem
542 893 718 928 Ecclesiae
737 900 957 937 praeparent.
992 893 1044 924 Ac
1061 892 1109 923 si-

115 947 190 981 mul
225 954 362 991 petant,
404 954 441 980 ut
467 945 563 979 Deus
594 952 689 989 regat
719 952 872 984 mentes,
906 944 994 977 sicut
1024 942 1108 986 petit

113 996 290 1042 Propheta
309 997 448 1031 Psalmo
468 997 567 1032 118.:
596 996 664 1030 Fac
688 1008 768 1029 cum
786 1007 887 1028 servo
904 1002 963 1028 tuo
982 1006 1107 1027 secun·

113 1051 199 1083 dum
225 1049 502 1082 misericordiam
534 1056 649 1086 tuam,
684 1055 715 1080 et
742 1046 1004 1079 iustificationes
1034 1052 1108 1076 tuas

114 1102 201 1133 doce
224 1113 291 1134 me.
355 1099 402 1132 lli
427 1100 565 1132 labores
589 1098 664 1132 Deo
701 1099 839 1142 placent
874 1104 907 1130 et
933 1106 1109 1129 ornantur

113 1152 298 1196 praemiis,
340 1151 434 1185 iuxta
473 1150 560 1183 illud
601 1150 712 1183 Lucae
739 1148 816 1183 19.:
862 1147 1015 1181 umenti
1046 1149 1107 1179 da-

114 1203 221 1238 bitur.

216 1269 386 1314 Sequitur
410 1268 630 1301 enumeratio
658 1268 849 1300 multarum
876 1266 1045 1299 virtutum
1072 1266 1106 1298 in

112 1320 199 1355 viris
229 1328 261 1354 et
291 1320 516 1360 mulieribus,
559 1331 707 1364 quarum
732 1326 770 1352 ut
798 1318 885 1350 ordo
918 1325 949 1350 et
973 1330 1107 1349 summa

112 1369 367 1416 comprehendi
386 1372 509 1414 possit:
539 1371 649 1402 sciant
674 1370 831 1401 iuniores
854 1369 1013 1401 omnium
1037 1368 1107 1399 vir-

113 1431 230 1458 tutum
273 1422 471 1455 doctrinam
507 1422 542 1453 in
577 1420 788 1462 Decalogum
824 1419 1106 1451 distribuendam

112 1486 195 1515 esse,
221 1474 303 1506 inde
318 1481 349 1506 et
368 1472 551 1516 explicatio
578 1484 697 1505 earum
716 1470 857 1514 longior
875 1470 966 1503 suini
983 1477 1107 1514 potest,

113 1533 145 1560 et
164 1525 202 1558 in
226 1521 362 1558 Ethicis
379 1524 542 1558 traditur.

215 1599 266 1632 Ac
284 1598 364 1631 satis
383 1605 527 1641 apparet
545 1597 695 1630 Paulum
722 1608 794 1630 non
812 1597 926 1629 solum
946 1593 1107 1637 Evange-

115 1652 152 1684 lii
172 1661 382 1699 praeconem
403 1649 629 1681 cxcellentem
655 1659 744 1686 esse,
771 1648 831 1680 sed
855 1647 959 1679 etiam
987 1647 1107 1690 politi-

112 1715 189 1736 cum
208 1700 431 1733 monitorem.
474 1698 639 1731 Nominat
660 1700 753 1730 enim
773 1698 918 1730 virtutes
939 1709 1009 1729 non
1031 1706 1106 1730 tan-

111 1762 185 1788 tum
204 1752 376 1796 privatas,
405 1758 441 1782 nt
467 1750 756 1793 temperantiam,
782 1749 841 1781 sed
860 1748 962 1781 etiam
986 1749 1107 1791 politi-

112 1804 220 1838 casin
240 1802 497 1846 gubernatione
514 1800 744 1840 necessarias,
782 1808 819 1832 ut
846 1811 889 1831 ne
909 1797 1107 1842 Episcopus

114 1856 158 1889 sit
185 1865 379 1899 percussor.
441 1851 508 1884 llic
532 1851 700 1884 discernit
729 1850 963 1883 ministerium
987 1847 1107 1882 Evan-

112 1906 195 1950 gelii
217 1918 235 1938 a
259 1905 461 1946 magistratu
488 1903 649 1946 politico,
685 1902 743 1946 qui
770 1902 974 1933 mandatum
1002 1899 1105 1934 habet

111 1970 174 1991 suo
194 1956 319 1989 ordine
341 1954 513 1998 puniendi
542 1954 575 1986 vi
602 1953 795 1997 corporali,
832 1959 869 1985 ut
895 1952 981 1984 alibi
1007 1965 1107 1996 saepe

111 2009 242 2043 dictum
269 2014 329 2042 est.

214 2075 315 2109 lubet
335 2074 438 2114 item,
472 2086 514 2106 ne
534 2073 578 2106 sit
597 2072 749 2115 rixatur,
775 2073 810 2104 id
837 2078 905 2111 est,
935 2084 979 2104 ne
997 2079 1105 2104 certa-

112 2129 209 2161 mina
244 2132 380 2159 moveat
416 2137 490 2157 nou
520 2124 731 2163 necessaria,
767 2123 838 2156 imo
864 2123 978 2156 videat
1001 2123 1105 2156 emm

113 2180 175 2213 ubi
193 2178 360 2222 asperitas
380 2176 544 2208 lenienda
569 2175 612 2207 sit
631 2172 818 2219 ἐπιεικείᾳ,
847 2175 971 2207 toleret
994 2175 1030 2206 in
1049 2174 1105 2206 in-

109 2230 219 2263 firmis
236 2236 268 2262 et
284 2228 504 2261 sanabilibus
524 2227 641 2271 aliqua
660 2226 903 2259 incommoda:
932 2226 1107 2267 sapientu-

110 2283 201 2315 serat
218 2281 354 2325 aliquas
373 2279 539 2315 iniurias,
568 2290 612 2310 ne
628 2283 782 2310 crescant
801 2277 944 2309 dissidia
964 2276 1026 2308 inss
1041 2289 1102 2307 ,ιη-

111 2339 204 2366 mata
221 2331 352 2366 mutuis
373 2329 637 2363 certaminibus.
691 2328 770 2361 Hac
797 2329 840 2360 de
864 2340 899 2360 re
917 2328 1103 2371 sapientis-

112 2384 198 2417 sime
216 2389 438 2426 praeceptnm
459 2388 527 2420 est,
556 2380 685 2412 multos
703 2390 847 2422 magnos
872 2380 1016 2411 morbos
1041 2391 1101 2411 cn-

113 2435 180 2468 rari
202 2433 413 2467 abstinentia
436 2440 466 2466 et
486 2432 614 2477 quiete.

214 2511 309 2545 H.·ec
327 2510 466 2555 politica
489 2515 670 2553 praecepta
688 2507 847 2539 nondum
864 2505 1029 2548 intelligit
1047 2518 1105 2538 ae-

112 2569 163 2596 tas
187 2563 322 2602 minor,
367 2564 425 2594 sed
456 2569 572 2594 tamen
604 2557 729 2592 harum
762 2557 931 2590 virtutum
959 2558 1103 2591 nomina

114 2621 291 2658 utcunque
321 2625 506 2655 agnoscere.
532 2618 566 2644 et
590 2611 728 2643 flectere
759 2619 795 2640 se
820 2609 862 2640 ad
888 2609 1102 2641 moderatio-

111 2677 190 2697 nem
209 2664 354 2697 discant.

476 77 510 110 7.
537 73 837 112 ENARRATIO
866 73 1022 110 EPlST.
1051 72 1254 110 PRIORIS
1282 71 1348 108 AD
1377 69 1706 108 TIMOTHEUM.

1131 2302 1133 2321 l

410 2663 480 2696 Alii
503 2663 709 2706 grandiores
735 2660 845 2692 sciant
869 2657 958 2692 lianc
983 2660 1098 2692 consi·
1126 2684 1129 2691 .

1759 69 1861 106 CAP.
1888 71 1952 107 111.
2071 73 2166 108 1342

1169 161 1392 194 demtionem
1416 160 1460 192 ad
1483 171 1519 193 se
1551 159 1747 203 pertinere.
1781 164 1820 191 ut
1842 158 1983 191 videant
2011 157 2071 191 ubi
2101 170 2162 191 ne-

1165 224 1256 246 cesse
1275 212 1318 245 sit
1337 222 1510 256 pugnare,
1537 211 1599 244 ubi
1616 222 1688 243 non
1705 221 1844 242 necesse
1863 209 1918 244 sit.

1164 303 1334 339 Ecclesia
1353 303 1429 338 Dei
1452 303 1600 338 viventis
1622 301 1792 337 columna
1817 307 1846 336 et
1863 300 1964 336 sedes
1981 301 2158 336 veritalis.

1266 379 1333 413 Hic
1357 380 1479 413 inserit
1497 379 1672 413 Ecclesiae
1691 379 1962 424 descriptionem
1980 385 2012 413 et
2030 390 2156 421 magno

1163 431 1272 464 animi
1292 438 1390 463 motu
1409 432 1444 463 in
1463 429 1526 464 hac
1544 431 1617 474 ipsa
1642 431 1976 463 commemoratione
1993 429 2157 462 accendi-

1163 490 1239 523 tur,
1266 495 1304 515 ac
1323 482 1474 515 celebrat
1497 481 1776 524 magnitudinem
1794 482 1962 515 bonitatis
1981 479 2065 520 Dei,
2093 480 2157 525 qni

1163 534 1324 566 mirando
1343 533 1491 566 consilio
1512 533 1605 566 misit
1624 533 1748 572 fitium,
1773 540 1805 566 et
1822 533 1956 575 colligit
1975 539 2156 565 aeternam

1161 583 1353 617 Ecclesiam
1384 596 1467 616 voce
1493 582 1699 626 Evangelii,
1729 591 1762 618 et
1786 585 1823 616 in
1848 595 1973 626 genere
1998 581 2154 615 humano

1162 636 1254 668 inter
1280 635 1506 668 diabolorum
1529 635 1683 672 furores,
1720 636 1812 668 inter
1834 646 1955 677 regum
1976 641 2009 667 et
2027 634 2155 677 impio-

1161 699 1239 719 rum
1259 687 1430 719 tumultus
1457 686 1549 718 inter
1572 685 1761 729 impiorum
1787 685 1909 719 ruinas
1933 696 2069 728 semper
2087 683 2154 717 Ec-

1161 738 1284 770 clesiae
1302 737 1467 782 reliquias
1493 744 1618 771 servat.
1672 735 1768 769 Haec
1795 736 2008 781 perpetuitas
2031 733 2155 768 Eccle-

1159 789 1231 822 siae
1249 796 1297 821 est
1318 788 1455 821 illustre
1474 787 1714 821 testimonium
1733 787 1950 832 praesentiae
1961 786 2026 820 Dei
2045 793 2077 820 et
2095 798 2154 819 ve—

1162 840 1273 873 ritatis
1291 840 1483 872 doctrinae.

1266 897 1425 931 Primum
1455 905 1572 931 autem
1607 904 1688 931 nota
1716 897 1759 930 sit
1783 896 1941 930 definitio
1965 893 2155 937 Ecclesiae,

1160 962 1263 995 quam
1281 958 1371 983 recte
1388 949 1613 982 constitutam
1632 956 1751 982 tenere
1769 956 1911 992 propter
1926 947 2054 981 multas
2072 959 2154 980 cau-

1160 1014 1213 1033 sas
1237 1001 1470 1033 necessarium
1495 1008 1556 1034 est.
1619 999 1726 1033 Multi
1753 999 1847 1032 enim
1873 999 2059 1032 nominant
2084 996 2154 1031 Ec-

1159 1052 1299 1084 clesiam
1328 1051 1536 1095 simpliciter
1561 1063 1706 1091 regnum
1735 1050 1975 1094 pontificium,
2011 1056 2049 1082 ut
2071 1048 2154 1082 Cai-

1160 1101 1245 1146 phas
1269 1103 1477 1136 nominabat
1503 1100 1694 1135 Ecclesiam
1720 1113 1844 1143 agmen
1867 1113 1946 1133 cum
1972 1102 2046 1145 ipso
2065 1113 2154 1132 con-

1160 1155 1340 1193 iunctum,
1370 1154 1571 1193 erroribus,
1603 1153 1799 1191 sacrificiis,
1836 1152 1960 1185 officiis
1985 1159 2017 1185 et
2043 1151 2153 1185 tradi-

1161 1205 1326 1239 tionibus.
1381 1204 1455 1238 Atii
1475 1205 1621 1237 omnino
1642 1211 1861 1237 removentes
1878 1212 2056 1236 externam
2075 1214 2154 1244 spe-

1160 1257 1268 1297 ciem,
1309 1257 1506 1300 loquuntur
1534 1257 1577 1288 de
1604 1254 1757 1288 Ecclesia
1791 1255 1961 1287 invisibili
1986 1262 2153 1298 tanquam

1160 1309 1203 1339 de
1227 1308 1303 1339 idea
1330 1307 1530 1346 Platonica,
1574 1319 1663 1350 quae
1696 1318 1870 1350 nusquam
1907 1306 2063 1338 cernitur
2094 1311 2154 1337 aut

1160 1358 1356 1392 exauditur.
1425 1356 1467 1390 Et
1502 1365 1685 1400 propterea
1720 1364 1911 1398 vagantur,
1954 1363 1987 1389 et
2021 1355 2155 1388 nullius

1159 1408 1440 1451 congregationis
1458 1408 1549 1440 cives
1568 1420 1639 1440 esse
1657 1408 1798 1441 volunt:
1834 1405 1918 1440 baec
1950 1406 2155 1449 imaginatio

1160 1460 1265 1493 etiam
1293 1458 1582 1502 reprehendenda
1608 1469 1668 1494 est.
1728 1458 1802 1492 Etsi
1834 1459 1929 1490 enim
1955 1459 2154 1502 plerunque

1161 1522 1264 1553 regna
1283 1510 1460 1554 pontificia
1486 1522 1608 1552 magna
1632 1518 1733 1549 sunt,
1761 1516 1793 1542 et
1820 1510 2010 1542 obscurant
2034 1520 2154 1541 veram

1160 1561 1370 1598 Ecclesiam,
1406 1568 1439 1594 et
1463 1561 1564 1593 valde
1602 1561 1746 1603 exignus
1776 1572 1945 1593 numerus
1979 1567 2030 1593 est
2061 1565 2153 1593 recte

1160 1612 1421 1652 invocantium,
1449 1620 1485 1645 ut
1505 1619 1660 1655 ternpore
1678 1609 1868 1643 Zachariae
1894 1623 2059 1653 magnum
2080 1616 2154 1643 erat

1160 1675 1305 1705 regnum
1337 1660 1607 1695 Pharisaeorum
1643 1670 1675 1694 et
1707 1662 1988 1696 Saducaeorum:
2035 1669 2153 1695 tamen

1159 1726 1294 1756 semper
1310 1715 1437 1758 aliquis
1451 1714 1598 1746 visibilis
1615 1721 1733 1746 coetus
1751 1721 1800 1746 est
1819 1714 1904 1745 alias
1923 1714 2046 1753 maior,
2064 1713 2150 1745 alias

1160 1765 1292 1803 minor,
1334 1765 1394 1809 qni
1434 1773 1484 1798 est
1520 1772 1636 1797 custos
1668 1764 1912 1804 fundamenti,
1947 1762 2003 1797 hic
2034 1770 2153 1797 coetus

1159 1817 1381 1860 quaerendus
1414 1824 1483 1856 est,
1526 1824 1557 1849 et
1581 1817 1624 1848 ad
1650 1813 1744 1849 hunc
1768 1815 1817 1859 pii
1841 1816 2045 1860 ubicunque
2071 1821 2154 1847 sunt

1158 1868 1349 1909 aulinngere
1374 1879 1408 1899 se
1431 1868 1560 1900 debent
1583 1878 1643 1900 sna
1670 1867 1890 1900 consessione
1912 1873 1945 1900 et
1963 1867 2072 1900 simili
2094 1866 2151 1898 in-

1159 1919 1353 1953 vocatione.
1407 1918 1466 1952 Sic
1493 1919 1601 1961 igitur
1619 1916 1704 1951 baec
1721 1918 1892 1952 definitio.

1263 1985 1416 2019 Ecclesia
1436 1986 1472 2018 in
1491 1983 1555 2019 hae
1573 1986 1642 2018 vita
1667 1992 1716 2019 est
1737 1994 1855 2019 coetus
1883 1985 2049 2025 visibilis,
2077 1997 2151 2017 am-

1161 2038 1387 2082 plectentium
1412 2035 1668 2079 Evangelium,
1712 2044 1745 2070 et
1769 2044 1861 2071 recte
1895 2037 2069 2070 utentium
2096 2048 2151 2068 sa·-

1159 2089 1363 2127 cramentis,
1393 2088 1431 2121 in
1457 2101 1526 2133 qno
1553 2096 1654 2121 coetu
1673 2086 1768 2122 Deus
1791 2096 1840 2122 est
1868 2088 1985 2121 efficax
2007 2100 2066 2131 per
2085 2088 2151 2118 ini-

1160 2141 1342 2172 nisterium
1364 2146 1396 2173 et
1414 2140 1544 2173 multos
1562 2140 1605 2172 ad
1623 2139 1730 2172 vitam
1749 2147 1927 2173 aeternam
1946 2139 2150 2175 sanctificat,

1159 2192 1261 2224 multi
1285 2198 1400 2224 tamen
1419 2191 1456 2223 in
1481 2192 1602 2224 eodem
1628 2198 1728 2224 coetu
1753 2197 1857 2232 sunt,
1885 2191 1946 2236 qni
1973 2203 2045 2222 non
2070 2197 2152 2222 sunt

1158 2242 1286 2280 sancti,
1329 2244 1387 2274 sed
1430 2250 1546 2275 tan-en
1571 2244 1614 2274 de
1639 2254 1720 2275 vera
1756 2242 1916 2275 doctrina
1950 2242 1986 2273 in
2012 2248 2151 2274 externa

1160 2293 1374 2337 professione
1397 2306 1474 2326 cum
1501 2293 1629 2325 sanctis
1655 2294 1892 2327 consentiunt.
1949 2291 1993 2326 Ut
2016 2291 2151 2324 Mariae

1158 2352 1314 2387 tempore
1345 2352 1445 2377 crant
1468 2343 1623 2377 Evclesia
1652 2344 1822 2384 visibilis,
1859 2341 2067 2382 Zacharias,
2094 2343 2151 2376 Si·-

1157 2408 1282 2434 meon,
1311 2394 1457 2439 Ioseph,
1486 2395 1619 2433 Maria,
1648 2393 1853 2434 Elizabeth,
1884 2393 2008 2432 Anna,
2035 2393 2150 2426 etalii

1157 2446 1279 2485 multi,
1325 2444 1452 2479 horum
1487 2446 1685 2479 doctrinam
1717 2446 1901 2479 audientes
1930 2452 1963 2478 et
1996 2457 2074 2477 cum
2103 2444 2151 2476 eis

1156 2498 1363 2537 sentientes,
1391 2505 1423 2530 et
1446 2498 1566 2529 eadem
1597 2497 1819 2530 invocatione
1844 2496 1958 2530 Deum
1987 2495 2150 2534 colentes,

1156 2561 1308 2594 quorum
1331 2548 1390 2580 alii
1410 2549 1507 2591 plus,
1537 2548 1595 2580 alii
1616 2548 1731 2581 minus
1746 2548 1835 2581 lucis
1855 2545 2043 2580 habebant.

1262 2607 1361 2640 Talis
1379 2616 1496 2640 coetus
1514 2608 1574 2639 etsi
1596 2619 1668 2640 non
1688 2613 1781 2641 tenet
1801 2618 1966 2650 regnum,
1994 2605 2051 2637 sed
2070 2616 2149 2648 pas-

1156 2659 1219 2691 sim
1242 2660 1343 2693 mulii
1367 2660 1475 2703 sparsi
1496 2667 1596 2696 suut,
1626 2667 1742 2692 tamen
1760 2657 1975 2702 conspicitur
1999 2663 2032 2689 et
2049 2656 2149 2689 audi-
