2415 2942
87 91 184 128 1149
247 90 346 127 ΧΙΠ.

398 89 433 125 4.
462 87 800 129 COMMENTAR.
826 91 876 127 IN
901 91 1054 130 EPIST.
1081 92 1229 128 PAULI
1256 90 1322 127 AD
1351 91 1673 130 CORINTHIOS.
1727 94 1826 132 CAP.
1855 95 1954 131 XIII.

2016 97 2112 131 1150

184 177 253 212 Sed
287 183 479 221 quaerunt:
516 175 589 210 Cur
613 176 825 211 affirmemus
851 177 888 210 in
913 175 1067 212 Ecclesia
1093 180 1096 206 l
1122 185 1155 212 et
1173 191 1243 212 non
1257 178 1409 220 ¹venient
1427 180 1469 212 ad
1491 191 1570 213 eum
1596 192 1717 214 omnes
1738 179 1960 227 hypocritae,
1989 183 2023 215 id
2041 190 2102 223 est,

84 230 187 262 fidem
204 235 235 261 et
255 239 350 272 spem
377 228 521 261 virtutes
544 240 633 268 esse,
671 240 748 261 cum
774 235 888 262 tamen
914 229 997 261 fides
1023 231 1066 263 sit
1092 258 1093 262 ,

82 279 246 313 noticia?
309 278 447 311 Deinde
475 279 609 312 etiamsi
649 279 774 311 fiducia
807 290 879 311 esse
912 280 1065 321 dicatur,

81 337 197 364 tamen
224 329 346 363 mirari
368 329 495 374 aliquis
519 337 648 373 potest,
683 331 861 374 quomodo
878 330 921 363 sit
941 332 1063 365 virtus.

81 380 189 421 Item,
217 393 280 415 cur
298 392 374 424 spes
394 381 438 414 sit
456 381 586 420 virtus,
614 392 691 412 cum
718 381 753 412 in
781 380 849 412 vita
875 381 1063 414 usitatissi-

76 444 174 466 mum
199 432 265 472 sit,
292 444 351 476 spe
370 431 531 464 incitatos
555 429 714 464 homines
737 431 868 474 decipi,
905 438 937 465 et
962 445 1063 466 ruere

76 484 114 516 in
146 483 312 516 maximas
338 482 572 522 calamitates,
606 489 644 514 ut
672 482 803 514 dictum
830 490 894 515 est:

224 539 354 569 Fallitur
375 539 502 579 augurio
527 549 599 578 spes
624 540 701 568 bona
724 548 815 576 saepe
841 550 905 569 suo.

75 593 121 628 Et
132 593 448 637 Pindarusinquit:
475 592 560 636 Spes
577 592 712 625 somnia
730 604 801 624 esse
821 592 1058 634 vigilantium.

71 795 215 832 δυνατὰ
244 795 299 831 δεῖ
325 793 504 840 βαδίζειν.

173 847 402 891 Respondeo:
432 846 534 878 Fides
559 852 591 879 et
616 857 693 889 spes
719 853 799 879 sunt
825 843 918 879 haud
946 847 1054 879 dubie

70 900 232 937 virtutes,
277 898 357 941 quia
390 904 471 929 sunt
505 897 724 936 obedientia,
766 909 870 941 quam
900 898 1052 941 postulat

69 948 164 982 Deus
189 948 353 992 praestari
376 959 436 980 suo
460 949 637 981 mandato.
695 946 769 980 Vox
796 948 915 980 divina
937 949 1051 980 mani-

67 1000 150 1033 festa
171 1006 235 1032 est:
264 997 370 1031 Hunc
389 999 518 1033 audite.
572 999 675 1031 Item:
705 997 799 1030 Haec
818 1006 867 1032 est
887 1000 1051 1032 voluntas

67 1051 175 1095 patris
193 1051 283 1090 mei,
311 1057 349 1082 ut
367 1049 482 1082 omnis
501 1049 559 1094 qui
579 1050 686 1082 cre-lit
706 1050 740 1081 in
759 1049 889 1090 filium,
927 1048 1049 1083 babeat

66 1102 175 1134 vitam
201 1108 390 1134 aeternam.
451 1099 554 1132 Fides
582 1100 689 1142 igitur
715 1100 825 1133 virtus
857 1108 923 1143 est,
967 1102 1048 1145 quia

65 1151 142 1186 Deo
166 1152 400 1195 obtemperat,
430 1158 461 1183 et
484 1163 560 1183 cum
584 1159 631 1184 est
657 1151 810 1183 asse-mio
835 1152 1048 1195 amplectens

67 1215 189 1236 omues
210 1203 375 1235 articulos
394 1202 472 1235 fidei
490 1215 526 1233 ac
552 1202 817 1244 promissionem
841 1203 988 1244 gratiae,
1015 1210 1047 1236 et
1073 1231 1074 1234 ,

66 1266 144 1286 curn
165 1266 201 1285 ea
219 1254 405 1286 coniuncta
430 1260 476 1285 est
499 1253 623 1284 fiducia
650 1253 684 1284 in
703 1250 783 1286 Deo
809 1254 1045 1297 acquiescens,

63 1304 153 1338 Nota
174 1313 254 1337 sunt
271 1311 302 1337 ot
320 1307 361 1337 de
382 1315 441 1347 spc
460 1304 607 1346 plurima
629 1310 808 1347 praecepta
832 1305 860 1337 1.
881 1303 974 1337 Petri
997 1306 1044 1337 l.:

62 1354 231 1389 Firmiter
248 1362 382 1399 sperate
399 1355 565 1396 gratiam,
585 1367 673 1398 quae
691 1354 793 1386 nobis
811 1352 1044 1395 exhibebitur,

63 1419 142 1440 cum
170 1405 264 1439 Iesus
288 1404 449 1439 Christus
473 1405 704 1444 revelabitur,
738 1405 900 1437 videlicet
925 1406 959 1437 in
989 1406 1043 1438 iu-

63 1457 166 1492 dicio.
201 1456 246 1491 lit
265 1458 301 1489 in
316 1459 437 1489 eodem
463 1456 590 1499 capite:
621 1455 665 1489 Ut
680 1456 764 1488 fides
783 1462 894 1488 vestra
914 1462 946 1489 et
966 1468 1042 1504 spes

63 1509 106 1543 sit
126 1509 162 1541 in
180 1507 305 1543 Deum.
333 1506 379 1540 Et
395 1506 546 1540 Roman.
564 1504 619 1540 5.:
650 1506 735 1549 Spes
755 1519 826 1539 non
845 1508 1042 1542 confundit.

61 1558 104 1593 Et
118 1558 223 1593 Rom.
236 1559 284 1590 8.:
313 1558 382 1601 Spe
397 1558 482 1590 salvi
501 1558 581 1590 facti
600 1569 731 1590 snmus.
761 1556 824 1591 Est
843 1558 950 1600 igitur
968 1559 1040 1590 vir-

61 1618 117 1644 tus
136 1621 229 1654 spes,
260 1620 347 1653 quae
369 1609 476 1640 verbo
502 1606 566 1639 Dei
590 1609 816 1651 obtemperat.

162 1658 208 1693 Et
240 1658 321 1692 binc
351 1665 509 1691 sumatur
539 1659 718 1702 responsio
749 1660 791 1690 ad
826 1658 1040 1691 obiectiones

59 1724 162 1756 supra
181 1711 341 1743 recitatas
364 1712 406 1742 de
427 1721 486 1753 spe
505 1708 636 1741 fallaci:
667 1708 742 1741 Vox
767 1709 886 1741 divina
907 1710 1040 1753 praeci-

58 1764 111 1808 pit
138 1774 233 1806 spem
261 1763 303 1793 de
327 1760 369 1793 iis
395 1761 515 1797 rebus,
561 1771 645 1804 quas
671 1760 850 1802 promisit,
887 1773 923 1792 ac
950 1761 1039 1793 vitae

57 1821 219 1848 aeternae
237 1812 422 1856 promissio
442 1817 584 1855 propter
604 1810 714 1843 filium
735 1817 826 1844 certa
845 1818 876 1844 et
894 1811 1037 1844 immota

59 1872 118 1899 est.
170 1864 250 1897 Non
282 1863 448 1906 praecipit
477 1860 645 1904 Pompeio
676 1873 814 1904 sperare
844 1861 1037 1900 victoriam,

58 1915 192 1950 etiamsi
212 1915 283 1959 ipse
301 1911 365 1946 hac
383 1925 442 1946 sua
460 1912 709 1954 imaginatione
727 1919 899 1948 movetur.
926 1912 1038 1946 Causa

56 1969 155 2001 iubet
172 1977 317 2008 superos
341 1965 465 1997 melior
490 1975 628 2006 sperare
654 1965 844 2004 secundos,
872 1965 954 2008 quia
982 1965 1036 1996 iu-

57 2019 189 2052 dicium
210 2017 272 2050 Dei
294 2023 363 2055 est,
391 2023 467 2048 utra
494 2026 593 2047 causa
619 2015 660 2047 sit
685 2015 820 2049 iustior.
875 2013 918 2047 Et
936 2026 1035 2058 saepe

52 2069 148 2104 Deus
192 2068 294 2112 punit
337 2064 497 2099 homines
541 2072 682 2108 propter
727 2066 842 2109 priora
891 2066 1036 2106 delicta,

53 2121 189 2156 etiamsi
222 2120 257 2152 in
286 2117 458 2162 praesenti
482 2117 620 2158 negotio
652 2117 776 2149 iustam
805 2128 942 2148 causam
973 2114 1033 2149 ha-

52 2173 155 2212 hent,
180 2178 218 2205 ut
237 2169 406 2214 puniebat
425 2167 597 2200 Israelitas
619 2175 812 2210 pugnantes
832 2179 909 2199 cum
940 2167 1034 2201 tribu

50 2222 258 2262 Beniamin,
284 2223 318 2254 et
335 2231 434 2262 saepe
453 2219 548 2252 alias.
600 2217 663 2251 Est
687 2218 794 2260 igitur
820 2218 924 2251 fallax
947 2230 1034 2263 spes,

51 2286 139 2321 quae
156 2285 227 2306 non
245 2272 378 2315 regitur
394 2269 627 2314 promissione
646 2269 778 2303 divina.

150 2324 338 2368 Reguntur
377 2328 493 2355 autem
534 2320 766 2364 promissione
801 2319 921 2353 divina
954 2331 1031 2364 spes

49 2377 140 2411 vitae
160 2382 340 2414 aeternae,
368 2379 400 2405 et
421 2384 498 2416 spes
523 2370 752 2413 mitigationis
778 2382 971 2414 poenarum
997 2378 1028 2405 et

50 2428 286 2462 calamitatum
309 2425 345 2457 in
369 2421 434 2457 hac
458 2423 544 2463 vita,
572 2422 633 2454 ubi
650 2428 681 2454 et
699 2422 858 2454 doctrina
876 2424 1028 2456 tenenda

50 2486 115 2513 est:
144 2476 293 2512 Etiamsi
310 2481 507 2520 praesentes
523 2472 735 2506 calamitates
751 2484 823 2505 non
841 2473 1027 2512 tolluntur,

47 2542 114 2563 nec
137 2527 290 2572 mitigari
315 2527 499 2567 videntur,
539 2531 655 2558 tamen
680 2534 816 2567 semper
843 2524 1025 2557 retinenda
1054 2559 1057 2573 Ι

50 2587 101 2615 est
117 2591 194 2624 spes
209 2580 301 2612 vitae
315 2583 487 2618 aeternae,
509 2576 603 2609 iuxta
620 2574 751 2610 dictum
772 2573 851 2608 Iob:
879 2574 1027 2609 Etiamsi

46 2632 180 2665 occidet
204 2641 279 2670 me,
323 2628 469 2672 sperabo
492 2627 529 2660 in
551 2638 648 2667 eum,
692 2632 922 2659 veruntamen
954 2626 1027 2660 vias

47 2693 141 2717 meas
157 2692 275 2715 coram
292 2691 333 2714 eo
349 2690 510 2723 arguam,
528 2685 560 2713 et
575 2678 649 2724 ipse
669 2677 734 2712 erit
752 2674 840 2710 mihi
859 2677 1024 2719 salvator,

1049 2488 1055 2552 1

1120 230 1255 262 etiamsi
1284 231 1319 262 in
1357 227 1420 263 hac
1455 231 1524 264 vita
1559 243 1630 264 non
1665 233 1834 266 tollentur
1865 234 2100 273 calamitates,

1118 287 1233 313 tamen
1259 293 1353 324 spem
1380 281 1469 314 vitae
1494 289 1655 316 aeternae
1682 284 1855 318 retineant
1871 296 2009 326 omnes,
2037 285 2098 330 qui

1115 331 1158 363 ad
1184 329 1297 363 Deum
1324 339 1591 368 convertuntur.

1216 379 1428 424 Experimur
1459 390 1574 415 autem
1603 384 1703 416 valde
1730 385 1932 428 languefieri
1957 386 2094 420 animos

1114 431 1150 464 in
1172 433 1309 475 poenis,
1339 439 1370 465 et
1397 434 1576 474 dubitare,
1603 446 1646 467 an
1673 436 1717 468 sit
1740 439 1910 479 speranda
1935 445 1967 471 et
1990 450 2093 481 expe-

1113 484 1238 515 ctanda
1263 483 1354 515 salus
1386 491 1543 522 aeterna,
1577 497 1655 517 cum
1686 498 1781 519 nunc
1804 488 1972 522 sentimus
2005 488 2091 520 iram

1112 532 1176 566 Dei
1195 535 1231 566 in
1252 534 1393 577 poenis,
1418 541 1449 567 et
1467 535 1569 567 abiici
1587 536 1759 570 videmur.
1802 536 1980 571 Adversus
2000 536 2091 572 hanc

1111 584 1344 617 tristissimam
1378 586 1634 618 dubitationem
1665 599 1800 620 necesse
1826 595 1876 621 est
1902 595 2019 622 tenere
2052 589 2090 622 In

73 644 120 679 Et
145 645 276 677 dictum
309 651 358 677 est
383 643 531 687 Epicteti
560 643 660 675 valde
693 642 839 685 dignum
872 644 1057 675 memoria:
1083 647 1085 674 ζ
1111 641 1300 678 conspectu
1335 635 1451 673 firmas
1492 637 1768 678 consolationes,
1817 651 1965 682 ‘lustrum
2005 637 2089 673 haec

74 695 121 730 Ut
145 695 312 739 pedibuS,
356 695 401 727 ita
433 706 492 737 spe
523 695 716 727 accedenda
748 701 828 726 sunt
864 694 1084 741 possibilia,v

71 745 192 791 ὥσπερ
218 747 294 784 τοῖς
321 744 476 785 σκέλεσι,
516 742 633 783 οὕτως
659 742 720 779 καὶ
750 742 863 778 ἐλπίσι
894 742 983 791 πρὸς
1010 743 1055 778 τὰ
1081 770 1083 785 .=

1111 686 1221 729 prima
1256 693 1287 719 et
1319 687 1503 730 praecipua
1538 694 1614 728 est,
1666 689 1760 732 quod
1796 688 1888 722 Deus
1922 691 1996 724 vult
2026 703 2090 724 nos

1110 749 1319 781 quocunque
1339 744 1494 780 tempore
1520 740 1561 770 ad
1588 750 1622 771 se
1644 739 1819 779 converti,
1853 747 1884 773 et
1902 752 2088 773 conversos

1110 788 1299 820 certissime
1317 788 1439 831 recipit
1461 797 1605 832 propter
1621 790 1730 822 filium
1753 789 1883 830 Gratis,
1905 791 1983 834 quia
2003 789 2087 824 haec

1107 838 1292 881 promissio
1318 850 1454 882 semper
1480 852 1558 872 vera
1586 848 1618 873 et
1640 841 1782 874 immota
1811 848 1878 875 est:
1909 842 1967 876 Sic
1990 841 2086 875 Deus

1106 889 1226 922 dilexit
1253 891 1445 930 muudum,
1471 897 1507 923 ut
1526 891 1636 923 filium
1656 902 1757 924 suum
1781 893 2000 935 unigenitum
2024 894 2087 926 de-

1105 940 1213 980 derit,
1241 947 1277 973 ut
1297 936 1451 981 Omnis,
1479 941 1538 986 qui
1557 942 1667 975 credit
1689 943 1723 974 in
1744 954 1839 983 eum,
1868 956 1938 976 non
1958 951 2088 987 pereat,

1103 991 1160 1022 sod
1192 989 1318 1025 babeat
1343 992 1448 1024 vitam
1474 1000 1661 1026 aeternam.
1713 992 1760 1026 Et
1787 991 1983 1027 Ezechielis
2008 995 2086 1030 33.:

1105 1040 1194 1074 Vivo
1219 1054 1299 1084 ego,
1328 1043 1410 1075 (licit
1427 1042 1618 1082 Dominus,
1644 1045 1727 1077 nolo
1753 1053 1901 1077 mortem
1928 1052 2084 1089 peccato-

1102 1092 1170 1132 ris,
1204 1095 1262 1125 sed
1290 1101 1327 1127 ut
1354 1101 1577 1127 convertatur
1594 1102 1624 1127 et
1646 1095 1750 1129 vivat.
1809 1095 1911 1129 Item:
1939 1097 1976 1129 ln
1998 1109 2085 1141 qua-

1101 1155 1239 1188 cunque
1263 1145 1318 1177 die
1342 1157 1530 1177 conversus
1549 1145 1653 1179 fuerit
1673 1146 1819 1188 impius,
1848 1159 1919 1179 non
1944 1154 2084 1182 corruet

1423 1194 1551 1230 Mattb.
1592 1196 1668 1230 19.:
1711 1196 1859 1240 Quoties
1889 1199 2081 1232 remittam:

1507 1246 1623 1280 Lucae
1640 1246 1713 1282 15.:
1745 1247 1923 1282 Gaudium
1951 1256 1999 1282 est
2017 1262 2081 1282 an-

2039 1299 2083 1334 Et

1100 1193 1136 1225 in
1163 1194 1351 1238 impietate.

1099 1244 1303 1287 Septuagies
1318 1247 1454 1289 septieS.

1098 1296 1183 1337 gelis
1207 1298 1249 1328 de
1273 1309 1343 1329 uno
1370 1304 1547 1340 peccatore
1575 1299 1826 1340 poenitentiam
1849 1307 1985 1342 agente.

1098 1346 1147 1378 ibi
1166 1346 1332 1379 recitatur
1350 1348 1532 1380 conversio
1550 1348 1611 1380 filii
1632 1350 1781 1392 prodigi.

1198 1404 1317 1438 Altera
1348 1407 1541 1439 consolatio
1569 1415 1634 1441 est:
1670 1407 1771 1442 Hanc
1794 1409 1903 1452 ipsam
1930 1409 1976 1442 ob
2000 1420 2082 1443 cau-

1096 1468 1166 1488 sam
1188 1457 1289 1499 punit
1308 1455 1422 1495 Deus,
1449 1465 1487 1491 ut
1505 1470 1568 1490 nos
1586 1457 1739 1492 retrahat
1754 1461 1796 1492 ad
1818 1459 2082 1504 poenitentiam,

1097 1513 1131 1540 et
1157 1508 1334 1539 conversis
1361 1509 1419 1541 det
1444 1509 1548 1541 vitam
1575 1516 1770 1551 aeternam,
1797 1523 1869 1543 non
1895 1517 1934 1543 ut
1958 1512 2081 1554 perdat

1095 1568 1169 1589 nos.
1228 1560 1256 1591 1.
1273 1557 1351 1591 Cor.
1367 1559 1440 1593 1l.:
1468 1558 1558 1592 Cum
1578 1560 1775 1594 iudicamur
1791 1574 1809 1593 a
1830 1560 1984 1594 Domino
2002 1573 2081 1594 cor-

1094 1608 1263 1650 ripimur,
1290 1621 1334 1641 ne
1358 1622 1435 1642 cum
1458 1607 1523 1641 hoc
1543 1612 1677 1643 mundo
1698 1612 1915 1647 damnemur.
1968 1610 2015 1646 Et
2040 1612 2078 1645 in

1095 1657 1252 1691 Psalmo:
1296 1658 1435 1692 Bonum
1467 1659 1554 1693 mihi
1585 1663 1679 1706 quod
1710 1660 1903 1695 humiliasti
1929 1675 2003 1703 me,
2038 1670 2079 1697 ut

1094 1709 1261 1742 discerem
1283 1710 1545 1745 iustificationes
1570 1719 1656 1746 tuas.
1709 1712 1833 1747 Esaiae
1856 1714 1934 1747 28:
1963 1713 2077 1747 Vexa-

1092 1760 1141 1793 tio
1167 1761 1225 1793 dat
1254 1761 1480 1798 intellectum.
1534 1762 1659 1797 Esaiae
1685 1763 1760 1798 66.:
1797 1765 1852 1798 Ad
1885 1777 1988 1810 quem
2021 1776 2077 1797 re·

1092 1811 1253 1854 spiciam,
1294 1813 1361 1846 nisi
1388 1815 1430 1846 ad
1458 1815 1623 1847 miserum
1651 1823 1684 1850 et
1707 1816 1897 1849 contritum
1930 1815 2076 1859 spiritu,

1092 1869 1124 1895 et
1151 1869 1356 1896 trementem
1381 1876 1559 1899 sermones
1584 1878 1689 1900 meos.
1745 1865 1907 1900 Micheae
1929 1866 2074 1900 ultimo:

1092 1912 1183 1945 Iram
1204 1913 1350 1947 Domini
1370 1918 1537 1958 portabo,
1570 1917 1649 1962 quia
1674 1919 1811 1962 peccavi
1830 1917 1871 1951 ei.
1924 1916 1993 1950 Hic
2016 1929 2075 1950 ex-

1091 1976 1204 2006 presse
1223 1966 1264 1997 de
1287 1977 1398 2008 poena
1420 1967 1596 2012 loquitur,
1624 1976 1657 2002 et
1675 1969 1859 2002 confitetur
1882 1974 2074 2012 peccatum.

1090 2014 1212 2048 Postea
1248 2017 1346 2049 addit
1382 2019 1680 2060 consolationem,
1720 2020 1757 2052 in
1786 2032 1853 2064 qua
1887 2026 2006 2052 narrat
2039 2030 2074 2052 se

1088 2066 1190 2097 fidem
1220 2073 1253 2099 et
1275 2079 1369 2110 spem
1396 2069 1563 2103 retinere:
1599 2069 1688 2103 Cum
1706 2072 1832 2104 sedebo
1854 2070 1889 2103 in
1908 2070 2073 2110 tenebris,

1088 2115 1263 2150 Dominus
1296 2119 1355 2151 lux
1386 2132 1460 2152 mea
1496 2127 1556 2156 est.
1609 2120 1675 2154 His
1699 2122 1801 2155 dictis
1830 2122 1919 2154 adde
1951 2133 2070 2153 vocem

1086 2167 1149 2200 filii
1173 2167 1257 2208 Dei,
1290 2182 1379 2214 quae
1405 2172 1561 2205 continet
1586 2173 1834 2217 amplissimam
1859 2179 1892 2205 et
1918 2171 2071 2204 certissi-

1086 2230 1178 2251 mam
1201 2221 1496 2255 consolationem:
1534 2222 1661 2256 Venite
1678 2225 1720 2256 ad
1747 2236 1800 2256 me
1818 2218 1974 2262 Omnes,
2010 2222 2072 2267 qui

1086 2270 1253 2303 laborans
1270 2278 1300 2304 et
1318 2273 1453 2306 onerati
1472 2274 1572 2312 estis,
1601 2282 1633 2307 et
1649 2286 1711 2318 ego
1729 2274 1879 2308 reficiam
1899 2286 1971 2309 vos,
2023 2271 2070 2307 Et

1084 2319 1188 2356 Rom.
1208 2321 1262 2355 8.:
1302 2321 1422 2366 Longa
1445 2331 1494 2357 est
1519 2325 1641 2357 concio
1668 2328 1710 2358 de
1738 2337 1798 2369 spe
1822 2325 2005 2357 retinenda
2031 2324 2069 2356 in

1083 2373 1229 2405 summis
1248 2374 1432 2408 doloribus
1455 2382 1486 2408 et
1507 2376 1729 2410 cruciatibus.
1783 2375 1852 2419 Spe
1873 2376 1959 2408 salvi
1983 2375 2066 2408 facti

1082 2434 1211 2456 sumus.
1280 2424 1367 2469 Spes
1399 2432 1533 2467 autem,
1584 2438 1674 2471 quae
1700 2427 1859 2466 videtur,
1913 2438 1988 2460 non
2017 2432 2066 2459 est

1082 2484 1169 2518 spes.

1183 2524 1278 2559 Haec
1301 2527 1392 2560 dicta
1417 2534 1449 2560 et
1474 2526 1601 2560 simiIIa
1628 2534 1824 2569 teneamus,
1852 2541 1896 2562 ne
1922 2534 2065 2572 propter

1081 2588 1230 2621 poenas,
1266 2578 1394 2622 quibus
1419 2576 1514 2611 Deus
1539 2578 1575 2610 in
1603 2576 1667 2612 hac
1687 2580 1757 2613 vita
1781 2592 1844 2613 nos
1867 2582 1909 2613 de
1930 2581 1980 2613 ira
2007 2591 2066 2611 sua

1079 2629 1371 2670 commonefacit,
1414 2640 1508 2672 spem
1536 2629 1627 2663 vitae
1655 2637 1817 2665 aeternae
1849 2631 2066 2664 abiiciamus.

1077 2676 1124 2714 Et
1150 2679 1300 2714 sciamus
1325 2677 1416 2713 hanc
1443 2691 1538 2725 spem
1563 2693 1786 2728 nequaquam
1813 2693 1885 2716 esse
1913 2681 2065 2718 irritam,
