2415 2942
74 94 146 130 749

463 181 517 216 De
533 180 700 226 Origene.

174 248 348 295 Origenes
366 251 477 284 citans
495 251 748 296 Apostolorum
767 257 800 285 et
816 258 974 285 veterum
992 250 1060 284 Ec-

73 301 255 335 etesiarum
281 303 436 345 exempla
461 309 494 336 et
518 303 729 343 sententias,
766 308 816 335 est
842 303 936 335 testis
963 303 1060 336 utilis

72 354 266 397 posteritati
291 354 335 386 de
361 354 496 398 aliquot
519 353 695 393 articulis,
723 353 766 385 de
790 352 987 394 Trinitate,
1017 355 1060 387 de

73 405 209 438 duabus
228 405 362 437 naturis
381 404 417 437 in
436 402 598 445 Christo,
619 405 662 436 de
681 403 854 447 baptismo
872 404 1060 446 infantum,

72 455 114 489 de
140 462 277 499 peccato
304 455 488 498 originali,
523 456 565 488 de
592 466 657 488 usu
681 465 809 487 coenae
824 453 990 497 Domini,
1025 463 1058 490 et

73 507 115 539 de
141 507 219 539 aliis
246 507 466 551 quibusdam.

172 564 354 599 Caeterum
381 563 520 597 miscuit
543 564 615 597 suis
641 563 824 608 scripturis
849 565 975 598 multas
992 565 1057 598 fal-

73 628 125 650 sas
143 623 176 650 Εἰ
193 617 361 649 ‘'bsurdfls
384 621 591 655 sentenuas’
619 627 767 660 quarum
792 616 927 659 ahquas
951 624 1055 649 emm
1081 631 1083 672 ἶ
1109 643 1174 676 bns
1192 644 1338 683 nostris,
1367 646 1424 677 sed
1444 645 1478 678 in
1500 647 1738 681 misericordia
1763 655 1819 682 tua
1840 651 2003 684 exaudies
2020 663 2094 686 ηοε.

591 665 707 705 Fingit
725 672 806 699 ante
832 664 926 699 huuc
951 679 1055 700 mun·
1080 675 1082 709 ξ

645 716 764 759 Fmglt
779 718 1055 786 d¹³¹bf³l⁰rfl¹n.et
1080 749 1082 783 ἱ
1108 745 1203 788 priae
1228 746 1386 778 iusticiae
1413 747 1466 779 vel
1492 748 1786 792 desperationem.

829 767 925 801 Hdec
946 781 1055 812 'ps'us
1080 838 1081 842 Ἰ
1107 796 1240 841 inquit:
1269 796 1354 830 Sine
1378 797 1452 839 lege
1471 800 1690 833 manifestata
1710 807 1759 834 est
1785 802 1920 835 iusticia
1941 801 2004 836 Dei
2020 830 2029 844 ,
2057 803 2094 836 id

72 667 180 710 ipsius
195 674 286 700 aetas
309 665 534 709 improbavit.

71 719 154 751 dum
171 718 274 751 fuisse
294 717 410 760 plures
428 716 591 751 mundos.

71 771 315 802 damnatorum
338 778 465 811 poenas
483 773 674 801 cessaturas
694 779 778 802 esse.

72 826 164 853 aetas
188 820 291 853 etiam
318 815 554 862 reprehendit.

172 877 210 910 ln
229 877 333 912 Rom.
350 883 502 910 tractans
519 874 610 910 hanc
633 878 929 922 propositionem:
966 879 1053 912 Fide

68 927 311 967 iustificamur,
339 939 411 960 non
433 940 472 960 ex
489 929 673 972 operibns,
698 929 863 972 intelligit
889 942 963 963 eam
985 943 1052 964 κα-
1078 953 1079 961 ,

69 976 114 1013 τὰ
133 975 378 1022 σνυεκὸοχὴν,
400 979 467 1011 fide
484 991 604 1012 sumus
621 980 722 1019 iusti,
753 981 787 1013 id
804 988 871 1019 est,
901 983 1050 1025 perfecta

69 1030 135 1063 fide
150 1030 401 1073 complectente
419 1042 540 1063 omnes
566 1031 722 1066 virtutes,
758 1030 868 1076 quue
885 1033 1049 1073 declarat,
1076 1043 1079 1052 ¹

69 1080 153 1114 dicit
171 1080 263 1112 idem
288 1092 386 1124 posse
406 1080 475 1112 dici
493 1082 536 1114 de
560 1082 704 1115 caeteris
721 1082 922 1117 virtutibus.
976 1083 1050 1116 Mi-

66 1131 255 1165 sericordia
282 1143 400 1164 sunnis
422 1132 520 1172 iusti,
545 1133 673 1166 scilicet
696 1133 866 1176 perfecta,
893 1135 1049 1178 comple-

65 1189 178 1215 ctente
198 1189 347 1214 caeteras
376 1182 531 1217 virtutes.
586 1183 662 1216 Hoc
687 1183 776 1216 nibil
796 1184 892 1217 aliud
922 1193 969 1219 est
993 1186 1047 1218 di-

66 1245 159 1271 cere,
182 1245 285 1278 quam
307 1231 468 1265 homiues
487 1241 629 1277 propter
644 1246 748 1278 opera
767 1241 799 1268 et
818 1243 960 1280 propter
976 1237 1048 1268 vir-

65 1291 154 1317 tutes
176 1296 253 1316 suas
276 1282 404 1316 babere
428 1285 669 1317 remissionem
696 1292 916 1329 peccatorum
941 1294 972 1320 et
993 1287 1047 1320 iu-

66 1342 134 1368 stos
151 1346 232 1367 esse.
292 1335 453 1379 Cumque
477 1347 548 1367 non
567 1337 741 1375 attendat,
758 1336 841 1381 quid
862 1343 937 1380 agat
956 1336 1046 1370 Pau-

65 1386 138 1425 lus,
167 1385 250 1430 quid
274 1393 371 1418 vocet
390 1385 511 1424 fidem,
541 1386 624 1430 quid
645 1386 712 1419 sibi
738 1387 821 1419 velit
844 1387 902 1420 illa
928 1389 1045 1421 exclu-

63 1437 155 1470 siva:
183 1435 262 1469 Non
282 1448 321 1468 ex
336 1436 520 1484 operibus,
549 1437 647 1470 addit
664 1437 902 1471 enarrationes
921 1440 1045 1472 confu-

63 1498 114 1520 sas
132 1493 163 1520 et
182 1487 377 1530 perplexas,
406 1499 468 1519 nec
486 1487 553 1520 sibi
571 1495 716 1522 conztat.

164 1544 346 1578 Interdum
380 1546 472 1577 enirn
505 1547 655 1580 effundit
687 1547 829 1592 aliquod
862 1548 1044 1581 tolerabile

64 1597 213 1634 dictum,
241 1597 298 1627 sed
316 1597 348 1627 id
370 1603 485 1638 postea
504 1609 581 1629 mox
601 1599 815 1641 corrumpit,
832 1599 934 1643 quale
955 1599 1043 1631 illud

65 1653 114 1679 est
130 1645 233 1679 Rom.
252 1646 285 1679 4.
317 1645 460 1678 lnitium
479 1647 734 1680 iustificationis
752 1662 768 1681 a
789 1649 860 1681 Deo
879 1657 927 1681 est
948 1650 1043 1689 fides,

63 1709 151 1742 quae
169 1696 278 1730 credit
295 1697 331 1728 in
352 1696 593 1729 iustificantem
606 1722 614 1735 ,
643 1707 674 1730 et
692 1696 776 1731 haec
794 1699 877 1731 fides
892 1712 969 1732 cnm
990 1701 1042 1732 in-

63 1748 206 1780 stificata
231 1747 353 1787 fuerit,
393 1754 559 1792 tanquam
594 1749 691 1781 radix
722 1749 835 1782 imbre
865 1758 1041 1794 suscepto,

62 1796 182 1832 haeret
199 1798 234 1830 in
254 1799 389 1830 animae
406 1799 500 1837 solo,
528 1806 563 1831 ut
583 1812 661 1832 cum
683 1812 742 1842 per
767 1800 874 1843 legem
895 1800 957 1834 Dei
982 1814 1043 1834 ex-

61 1849 128 1882 coli
146 1849 296 1892 coeperit
310 1876 318 1889 ,
336 1857 477 1891 surgant
494 1850 530 1881 iu
549 1862 587 1882 eo
606 1851 711 1891 rami,
733 1851 792 1896 qui
810 1852 941 1884 fructus
958 1865 1042 1895 ope-

61 1910 142 1933 runt
160 1900 283 1933 ferant.
329 1899 408 1932 Non
426 1912 507 1943 ergo
525 1913 562 1933 ex
578 1902 743 1945 operibus
761 1903 857 1934 radix
874 1902 1041 1943 iusticiae,
1066 1925 1068 1934 .

59 1952 117 1984 sed
136 1963 173 1983 ex
192 1952 308 1983 radice
326 1950 480 1983 iusticiae
498 1951 630 1984 fructus
648 1965 793 1994 operum
812 1954 952 1995 crescit,
981 1955 1041 1988 illa
1066 1970 1068 1976 ⁴

60 2002 190 2034 seilicet
215 2002 332 2034 radice
357 2001 530 2042 iusticiae‚
559 2015 625 2047 qna
652 2001 745 2036 Deus
771 2011 946 2048 acceptam
974 2006 1041 2039 fert

61 2051 233 2084 iusticiam
257 2052 331 2084 sine
356 2052 533 2096 operibus,

160 2109 199 2143 ln
218 2112 251 2145 3.
267 2111 393 2154 capite:
424 2110 494 2145 Ubi
511 2119 558 2144 est
576 2113 737 2155 gloriatio
754 2114 838 2146 tua?
891 2113 1040 2148 Videtur

55 2161 124 2196 iam
149 2163 293 2205 propior
319 2173 391 2194 esse
423 2161 591 2195 Paulinae
616 2164 831 2205 sententiae,

58 2212 287 2252 exclusivam,
317 2209 478 2244 homines
494 2213 566 2246 sola
586 2214 652 2246 fide
674 2214 873 2254 iustificari,
901 2224 932 2250 et
951 2218 1036 2250 alle—

57 2269 113 2306 gat
128 2263 298 2297 latronem
319 2263 354 2294 in
375 2275 492 2301 cruce,
521 2271 552 2296 et
573 2265 754 2298 mulierem
774 2268 866 2309 apud
883 2266 1034 2303 Lucam:

57 2312 161 2346 Fides
185 2321 242 2347 tua
268 2314 397 2346 salvam
425 2322 456 2347 te
480 2315 572 2349 fecit.
626 2315 693 2349 Sed
719 2324 833 2359 postea
854 2319 1034 2352 declarans

58 2363 137 2402 illa,
165 2365 304 2398 videtur
325 2362 390 2397 boc
409 2365 513 2406 velle,
543 2363 722 2399 hominem
741 2367 840 2401 initio
865 2371 1034 2415 consequi

58 2415 294 2447 remissionem
315 2423 533 2459 peccatorum
554 2417 625 2449 sola
644 2418 728 2458 fide,
765 2426 881 2462 postea
901 2420 1030 2454 iustum

58 2475 129 2497 esse
153 2466 292 2498 caeteris
316 2467 523 2510 virtutibus,
549 2468 639 2502 sicut
664 2469 736 2512 ipse
760 2476 875 2511 postea
899 2471 1030 2515 inquit:

58 2514 161 2548 Fides
179 2524 359 2559 reputatur
376 2519 417 2550 ad
438 2518 627 2560 iusticiam,
656 2520 687 2552 ei
712 2520 773 2565 qui
802 2523 1030 2564 convertitur,
1053 2494 1058 2557 l

57 2568 114 2598 sed
133 2573 248 2609 postea
268 2567 400 2601 iusticia
418 2577 599 2612 reputatur
613 2572 655 2603 ad
679 2571 863 2606 iusticiam.
916 2571 1029 2606 Porro

54 2617 142 2649 mira
155 2617 298 2650 varietas
310 2625 339 2651 et
352 2620 557 2662 perplexitas
573 2629 621 2655 est
639 2622 881 2662 enarrationis,
893 2624 1031 2657 etiamsi

56 2667 202 2711 largitur
218 2665 396 2702 hominem
421 2671 522 2705 initio
540 2673 611 2706 sola
628 2673 695 2707 fide
719 2674 883 2719 consequi
905 2675 1028 2708 remis—

249 94 349 131 xtll.
399 96 436 132 Ξ.
471 92 831 133 COMMENTARH
862 96 910 132 1N
936 96 1090 136 EPIST.
1119 98 1265 134 PAUL1
1292 99 1360 134 AD
1387 99 1648 139 ROMANOS.
1701 102 1806 142 CAP.
1833 105 1931 143 xlv.

1085 229 1088 256 ἱ

882 2167 1037 2200 admittit

2036 108 2109 145 750

1115 186 1271 228 sionem,
1305 194 1422 221 tamen
1448 189 1476 222 si
1500 198 1617 234 postea
1646 191 1877 235 imaginatur,
1916 206 2104 229 conversos

1114 237 1189 269 sine
1217 246 1356 280 peccato
1381 251 1470 279 esse,
1500 242 1696 275 satisfacere
1720 244 1806 286 legi,
1841 251 1874 278 et
1899 245 2008 279 iustos
2026 258 2102 280 esse

1114 295 1257 330 propter
1281 296 1431 323 caeteras
1457 291 1620 334 virtutes,
1659 294 1822 329 dissentit
1847 307 1866 329 a
1894 294 2004 330 Paulo
2030 304 2101 331 eta

1110 338 1257 381 reliquis
1275 340 1457 383 scripturis
1476 342 1624 383 divinis,
1653 344 1746 378 iuxta
1765 346 1869 380 illud:
1898 346 1979 381 Non
1997 348 2100 382 iusti-

1110 389 1274 421 ficabitur
1297 390 1333 422 in
1359 400 1546 436 conspectu
1574 401 1633 427 tuo
1662 396 1777 428 omnis
1801 398 1934 431 vivens.
1988 397 2097 432 ltem:

1110 439 1148 473 Si
1171 440 1383 482 dixerimus,
1414 444 1506 486 qnod
1527 451 1703 487 peccatum
1722 459 1794 479 non
1814 445 1983 482 habemus
2001 456 2065 483 etc.

1213 490 1252 523 ln
1271 492 1381 534 capite
1396 494 1542 536 septimo
1561 495 1651 528 clare
1669 497 1772 536 dicit,
1799 505 1936 531 sanctos
1953 511 2097 544 reprae-

1108 549 1245 575 sentare
1261 542 1411 575 alienam
1433 556 1631 587 personam,
1649 558 1727 579 cum
1747 548 1813 580 sibi
1833 549 1994 584 tribuunt
2016 563 2097 594 pec-

1108 600 1242 632 catum,
1278 600 1317 626 ut
1333 595 1425 640 apud
1445 594 1645 629 Danielem:
1680 596 1761 631 Non
1780 599 1816 631 in
1834 598 2094 634 iustificationi-

1108 694 1213 727 Tales
1231 695 1420 728 sententias
1437 699 1642 741 corrumpit,
1658 706 1690 732 et
1710 700 1811 734 docet
1829 700 1990 734 fiduciam
2012 714 2096 746 pro-

1840 749 1963 794 Capite
1991 753 2094 786 tertio

1106 855 1176 887 est,
1203 847 1278 879 sine
1305 848 1379 890 lege
1404 849 1557 882 naturali
1581 857 1663 884 sunt
1691 852 1840 885 traditae
1864 865 1976 886 novae
1999 854 2091 898 leges

1106 898 1346 941 evangelicae,
1384 906 1421 932 ut
1453 900 1528 933 illa:
1572 899 1712 935 Nesciat
1736 903 1854 936 dextra
1881 904 1966 949 quid
1990 905 2094 938 saciat

1105 949 1264 990 sinistra,
1282 946 1384 991 haec,
1401 950 1536 995 inquit,
1553 951 1606 984 lex
1622 960 1695 986 erat
1713 961 1794 987 ante
1812 954 1942 997 ignota.
1986 954 2089 989 Item:

1103 999 1174 1033 Lex
1194 1007 1244 1033 est
1260 1000 1472 1044 spiritualis,
1499 1002 1664 1046 intelligit
1689 1011 1823 1037 tantum
1847 1006 1890 1038 de
1913 1006 2091 1048 allegoria,

1103 1051 1138 1083 id
1166 1059 1236 1091 est,
1270 1053 1487 1085 ceremoniae
1513 1050 1643 1086 habent
1669 1055 1890 1098 allegoriam,
1932 1063 1965 1090 et
1989 1068 2091 1102 saepe

1104 1101 1328 1135 incommode
1354 1103 1517 1147 spiritum
1544 1105 1728 1147 intelligit,
1774 1118 1846 1139 non
1869 1107 1913 1139 de
1936 1108 2091 1151 Spiritus

1102 1153 1211 1186 sancti
1232 1154 1405 1194 motibus,
1432 1156 1489 1187 sed
1509 1161 1647 1189 tantum
1664 1158 1706 1189 de
1724 1156 2015 1201 interpretatione
2032 1160 2086 1191 vel

1101 1203 1312 1246 cogitatione
1330 1205 1525 1247 allegorica.

1202 1253 1325 1297 Capite
1348 1255 1382 1290 8.
1415 1255 1520 1298 Quod
1548 1264 1622 1291 erat
1645 1258 1862 1302 impossibile
1886 1260 1973 1304 legi,
2007 1261 2089 1306 quia

1100 1304 1345 1338 infirmabatur
1370 1318 1431 1349 per
1459 1319 1626 1348 carnem,
1676 1311 1842 1343 transfert
1873 1323 2014 1344 carnem
2045 1313 2089 1344 ad

1100 1355 1224 1397 legem.
1277 1354 1368 1389 Caro
1387 1356 1471 1400 legis
1490 1366 1563 1393 erat
1584 1359 1739 1400 infirma,
1775 1361 1811 1393 id
1837 1368 1904 1401 est,
1931 1374 2088 1394 ceremo-

1099 1406 1179 1438 niae
1197 1415 1295 1440 erant
1321 1407 1573 1450 impossibiles,
1602 1411 1746 1444 inutiles
1764 1417 1829 1446 etc.
1885 1411 1931 1446 At
1956 1412 2087 1446 Paulus

1098 1469 1238 1489 carnem
1260 1457 1424 1500 intelligit
1443 1467 1604 1493 naturam
1627 1459 1802 1496 bominis:
1838 1462 1910 1496 Lex
1929 1464 2087 1497 infirma-

1098 1508 1202 1541 batur
1227 1520 1288 1555 per
1312 1521 1470 1548 carnem,
1512 1511 1545 1543 id
1571 1519 1640 1552 est,
1683 1525 1755 1545 non
1782 1521 1918 1557 poterat
1942 1515 2016 1547 fieri
2040 1515 2085 1548 ab

1098 1556 1250 1591 humana
1287 1566 1424 1593 natura.
1486 1560 1533 1594 Hi
1566 1563 1633 1595 loci
1664 1565 1856 1597 ostendunt
1888 1563 2083 1608 Origenem

1097 1621 1236 1641 currere
1266 1616 1361 1642 extra
1396 1611 1507 1652 viam,
1549 1625 1611 1646 nec
1646 1616 1843 1655 attendere,
1887 1616 1972 1660 quid
2005 1623 2084 1658 agat

1097 1658 1238 1695 Paulus.

1197 1709 1339 1743 Possem
1363 1712 1472 1746 multa
1499 1714 1587 1747 levia
1613 1716 1795 1759 colligere,
1845 1724 1881 1750 ut
1911 1730 1989 1750 cum
2018 1717 2085 1751 Pe-

1096 1767 1189 1793 trum
1205 1762 1252 1794 ait
1270 1763 1436 1796 excellere
1453 1766 1617 1806 caeteris,
1639 1768 1720 1811 qnia
1740 1768 1769 1799 ei
1789 1768 1919 1801 dicitur
1935 1781 2083 1801 nurnero

1096 1811 1245 1854 plurali,
1274 1813 1338 1845 erit
1354 1815 1508 1848 solutum
1527 1816 1562 1848 in
1581 1818 1697 1850 coelis.
1737 1818 1792 1851 Ad
1816 1826 1924 1852 totum
1944 1827 2080 1852 coetum

1096 1860 1347 1906 Apostolorum
1366 1866 1497 1898 dicitur
1514 1880 1662 1900 numero
1680 1868 1872 1913 singulari,
1901 1870 1964 1903 erit
1984 1871 2081 1903 solu-

1095 1919 1167 1945 tum
1195 1913 1231 1945 in
1253 1915 1362 1948 coelo.
1417 1916 1483 1949 Sed
1514 1916 1596 1951 baec
1622 1920 1737 1953 sutilia
1767 1922 1903 1955 omittO.
1957 1920 2081 1954 Caete-

1094 1975 1171 1996 rum
1203 1965 1350 1998 eruditis
1378 1973 1411 2000 et
1446 1967 1615 2001 iudicium
1652 1968 1906 2004 adhibentibus
1938 1973 2081 2015 prodest

1095 2021 1207 2047 vetera
1235 2016 1362 2060 scripta
1387 2018 1518 2060 legere,
1553 2021 1705 2063 primum
1739 2030 1882 2066 propter
1913 2020 2079 2056 historica

1092 2066 1312 2107 testimonia,
1340 2069 1468 2101 deinde
1487 2071 1568 2114 quia
1586 2071 1728 2104 illorum
1747 2074 1888 2106 collatio
1907 2074 2015 2114 acuit,
2045 2081 2079 2107 et

1091 2123 1224 2149 exercet
1249 2119 1434 2154 studiosos.
1489 2120 1538 2154 Ita
1556 2123 1716 2169 proderit
1733 2130 1764 2157 et
1784 2123 1949 2167 Origenis
1974 2124 2077 2158 lectio

1092 2167 1153 2204 iis,
1188 2168 1249 2213 qui
1277 2177 1376 2203 antea
1407 2178 1497 2204 recte
1525 2173 1678 2207 instituti
1706 2182 1806 2214 sunt,
1844 2182 1876 2209 et
1900 2187 2076 2209 sumniam

1091 2215 1311 2253 Christianae
1338 2222 1519 2255 doctrinae
1549 2230 1678 2258 tenent.

1447 2308 1502 2341 De
1529 2308 1713 2355 Dionysio.

1191 2371 1292 2407 Unus
1323 2380 1372 2407 est
1406 2374 1547 2408 libellus
1578 2376 1740 2422 Dionysii
1766 2379 1810 2411 de
1844 2380 2074 2414 ecclesiastica

1087 2423 1281 2466 lerarchia,
1301 2426 1361 2470 qui
1381 2434 1525 2470 propter
1541 2424 1723 2461 historiam
1744 2436 1792 2463 est
1811 2430 1930 2471 utilis,
1948 2433 2074 2465 caeteri

1085 2476 1268 2510 continent
1314 2477 1442 2510 otiosas
1485 2479 1751 2520 speculationes.
1831 2479 1908 2515 Illic
1956 2490 2072 2515 autem

1084 2528 1275 2560 traduntur
1306 2528 1522 2560 ceremoniae
1552 2538 1868 2572 sacramentorum,
1917 2539 1951 2566 et
1985 2534 2073 2567 ritus

1084 2575 1279 2616 Ecclesiae,
1317 2584 1348 2611 et
1367 2586 1508 2621 apparet
1534 2580 1726 2614 mediocres
1752 2580 1867 2615 adhuc
1890 2583 1996 2616 fuisse
2015 2596 2070 2616 ce—

1084 2630 1259 2662 remonias
1287 2628 1348 2661 illo
1374 2635 1542 2672 tempore.
1610 2630 1802 2676 Praecipue
1833 2641 1948 2667 autem
1981 2634 2070 2667 ritus

1085 2677 1232 2718 Missae,
1262 2679 1310 2713 ibi
1325 2679 1575 2714 considerandi
1593 2688 1694 2724 sunt,
1712 2690 1750 2717 ut
1767 2691 1930 2728 appareat
1947 2696 2068 2717 recen-
