2415 2942
278 108 350 145 587

283 203 353 235 est,
381 203 442 226 nec
458 189 567 224 Solon
579 213 587 226 ,
613 184 673 218 sed
688 182 793 217 habet
812 183 908 217 aliud
928 183 1039 216 multo
1054 181 1167 214 maius
1183 181 1262 214 osfi·

284 247 396 283 cium,
432 239 494 274 Est
518 237 657 271 victima
683 248 746 280 pro
772 241 932 278 peccato,
966 240 999 266 et
1027 232 1131 275 gratis
1156 232 1265 265 donat

285 294 387 328 nobis
401 290 643 325 remissionem
668 292 910 330 peccatorum,
938 290 971 317 et
998 282 1264 326 imputationem

285 343 460 384 iustitiae,
496 346 529 374 et
552 338 723 382 Spiritum
749 342 927 376 sanctum,
956 346 996 368 ac
1021 335 1128 367 vitam
1153 340 1266 367 aeter·
1291 342 1293 353 ⁴

287 407 380 428 nam.
450 390 622 435 Loquitur
654 388 761 431 igitur
786 386 936 424 Paulus,
977 396 1055 418 cum
1082 383 1151 425 ait,
1193 383 1266 416 sine

286 447 377 487 lege.
405 443 449 475 de
473 448 544 475 tota
564 441 654 482 lege,
682 450 720 470 ac
744 438 848 471 sentit
866 435 1047 470 Christum
1066 435 1190 468 afferre
1212 446 1267 467 re-

287 494 490 528 missionem
523 498 742 535 peccatorum
760 512 769 526 ‚
811 495 843 521 et
871 486 1138 531 imputationem
1168 485 1268 518 iusti-

287 547 378 584 ciae‚
407 555 480 577 non
497 548 639 587 propter
660 539 767 572 ullam
784 539 907 582 legem,
932 549 995 570 nec
1015 544 1157 581 propter
1173 548 1268 568 cere-

289 596 445 634 monias,
478 605 542 626 nec
569 598 711 635 propter
735 590 881 622 moralia
910 600 1034 632 opera,
1067 588 1125 620 sed
1150 586 1267 630 gratis.

289 646 333 681 Et
355 646 501 679 sciamus
518 641 583 676 hoc
601 643 732 675 dictum
755 653 824 673 non
841 641 882 672 ad
903 639 1041 672 civilem
1060 638 1184 677 vitam,
1211 643 1270 669 aut

288 706 451 731 externos
461 704 574 728 mores
585 692 836 737 pertinere,sed
849 691 893 723 ad
904 688 1153 722 conscientiam
1165 698 1270 730 agen-

289 757 356 782 tem
370 758 485 780 coram
498 745 581 784 Deo,
596 750 627 776 et
644 749 867 787 quaerentem
884 740 1061 784 quomodo
1079 749 1271 782 consequa-

289 808 346 831 tur
364 797 603 830 remissionem
629 800 848 835 peccatorum
877 798 909 822 et
933 789 1269 821 reconciliationem.

292 850 384 882 Hinc
408 846 594 880 discrimen
623 843 706 885 legis
733 849 765 875 et
787 840 970 883 Evangelii
994 840 1105 872 multo
1129 839 1165 871 fit
1190 838 1272 871 illu-

291 901 415 937 strius‚
442 897 495 929 vel
515 895 595 939 quia
619 899 764 926 testatur
791 892 827 924 in
843 889 1036 933 Evangelio
1062 889 1272 922 annunciari

292 949 482 991 gratuitum
501 944 720 984 beneficium,
748 955 819 975 non
838 943 994 985 pendens
1013 953 1053 973 ex
1070 941 1273 973 conditione

292 1000 376 1042 legis
404 1010 463 1031 seu
487 995 605 1029 meriti
623 995 744 1027 nostri.
798 992 843 1026 Et
866 990 922 1025 hic
947 993 1045 1024 locus
1069 1003 1140 1023 non
1158 991 1272 1024 solum

291 1049 525 1095 opponendus
553 1053 601 1079 est
635 1043 879 1087 Anabaptistis
913 1050 945 1076 et
970 1042 1172 1081 similibus,
1213 1040 1274 1086 qui

290 1102 425 1143 fingunt
447 1097 678 1140 Evangelium
709 1107 835 1128 novam
860 1093 1019 1138 politiam
1046 1093 1275 1131 mundanam,

291 1153 347 1185 sed
375 1151 479 1184 etiam
503 1149 675 1181 tenendus
693 1154 741 1179 est
765 1146 800 1177 in
821 1157 930 1187 agone
955 1143 1208 1183 conscientiae,
1237 1149 1274 1176 ut

294 1203 344 1236 ibi
363 1213 442 1234 vere
458 1199 695 1241 intelligamus
720 1196 926 1229 beneficium
945 1194 1077 1228 Christi
1102 1205 1172 1227 esse
1195 1205 1275 1236 gra-

294 1254 437 1287 tuitum.
506 1248 640 1293 Estque
662 1247 858 1280 sententia:
893 1246 1031 1278 Iusticia
1057 1245 1275 1277 manifestata

296 1311 347 1337 est
370 1303 445 1336 sine
471 1301 563 1344 lege,
598 1300 631 1331 id
660 1306 728 1337 est,
763 1297 1011 1341 consequimur
1034 1295 1274 1328 remissionem

294 1360 536 1400 peccatorum,
565 1356 597 1382 et
614 1356 816 1393 reputamur
837 1347 936 1386 iusti,
963 1358 1034 1378 non
1055 1352 1198 1389 propter
1222 1344 1277 1377 ul-

297 1406 365 1438 lam
383 1404 513 1445 legem,
541 1401 598 1434 sed
620 1406 761 1442 propter
775 1396 953 1431 Christum
970 1397 1074 1439 gratis
1095 1408 1157 1439 per
1173 1395 1278 1427 mise-

297 1454 498 1488 ricordiam.
551 1450 625 1484 Etsi
649 1451 741 1483 enim
765 1450 798 1480 in
827 1447 898 1487 his,
927 1448 985 1492 qui
1014 1448 1079 1479 fide
1103 1444 1278 1479 iustificati

298 1512 398 1544 sunt,
426 1504 586 1536 incoatur
603 1513 692 1533 nova
712 1499 933 1538 obedientia,
968 1506 1083 1530 tamen
1106 1497 1164 1529 illa
1189 1508 1279 1529 nova

298 1553 499 1589 obedientia
524 1564 585 1585 seu
616 1552 691 1591 lex,
719 1562 791 1582 non
817 1557 866 1582 est
892 1560 992 1581 causa
1011 1554 1153 1591 propter
1176 1558 1279 1591 quam

298 1604 549 1649 consequimur
572 1602 814 1635 remissionem
841 1606 1057 1643 peccatorum
1075 1624 1084 1637 ,
1120 1604 1152 1629 et
1177 1609 1282 1640 repu-

298 1665 414 1691 tamur
430 1654 512 1688 iusti
530 1665 590 1686 seu
608 1652 757 1695 accepti,
785 1662 907 1684 verum
926 1647 1010 1682 haec
1025 1648 1131 1692 gratis
1145 1648 1282 1680 donan-

298 1715 356 1741 tur
372 1712 515 1751 propter
532 1702 726 1738 Christum.

529 1785 794 1821 Destituantur
817 1782 945 1830 gloria
969 1781 1056 1817 Dei.

401 1855 532 1891 Carent
555 1855 614 1887 illa
639 1854 749 1897 gloria
773 1864 876 1897 quam
896 1850 992 1884 Deus
1008 1850 1197 1893 approbat,
1225 1862 1280 1882 ca-

301 1915 379 1943 rent
397 1908 456 1940 illa
473 1906 627 1945 iusticia,
655 1916 758 1949 quam
776 1903 870 1936 Deus
888 1902 1018 1934 iudicat
1036 1913 1106 1933 esse
1122 1901 1281 1944 gloriam.

302 1960 375 1994 Aut
392 1959 421 1991 si
438 1958 516 2002 quis
535 1955 667 1988 mavult
685 1955 794 1987 active
822 1952 1063 1995 interpretari,
1102 1952 1167 1984 erit
1188 1952 1281 1984 enim

303 2011 423 2043 eadem
452 2007 641 2041 sententia:
676 2004 804 2039 Carent
831 2004 939 2047 gloria
964 2002 1047 2042 Dei,
1076 2002 1109 2033 id
1133 2009 1200 2042 est,
1227 2014 1282 2034 sa-

303 2060 434 2105 pientia
453 2065 486 2092 et
501 2058 635 2091 iusticia
654 2056 868 2099 glorificante
890 2054 1021 2092 Deum,
1049 2053 1082 2084 id
1102 2059 1169 2092 est,
1196 2064 1282 2097 quae

303 2124 382 2144 vere
400 2110 523 2144 tribuit
539 2108 684 2151 gloriam
700 2105 793 2143 Deo,
820 2104 994 2147 agnoscit,
1022 2103 1155 2143 diligit,
1184 2115 1282 2146 prae—

304 2169 370 2196 stat
400 2161 585 2204 perfectam
617 2157 869 2190 obedientiam:
911 2153 1041 2187 Carent
1071 2153 1180 2195 gloria
1208 2152 1285 2193 Dei,

308 2214 340 2245 id
369 2220 435 2251 est,
469 2211 545 2243 luce
571 2221 636 2252 qua
663 2207 864 2250 agnoscitur
888 2212 920 2237 et
941 2204 1155 2246 glorificatur
1179 2202 1284 2239 Deus.

308 2262 439 2306 Estque
458 2260 619 2304 repetitio
634 2257 825 2291 sententiae
845 2255 1070 2294 universalis,
1105 2266 1193 2298 quae
1220 2256 1285 2287 do-

308 2320 359 2345 cet
377 2323 498 2345 omnes
521 2309 682 2343 homines
707 2319 785 2341 reos
810 2318 881 2340 esse
904 2305 1032 2349 peccati
1062 2312 1094 2337 et
1118 2306 1189 2337 irae
1208 2305 1286 2346 Dei,

309 2374 423 2395 carere
443 2361 565 2404 gloria,
581 2361 615 2393 id
633 2368 693 2400 est,
720 2359 864 2391 reiectos
882 2368 952 2389 esse
971 2367 1085 2388 coram
1103 2354 1196 2395 Deo,
1224 2369 1286 2390 nec

312 2420 454 2456 propter
471 2412 579 2453 legem
598 2411 707 2444 iustos
729 2421 811 2443 esse.
866 2407 927 2440 Est
946 2414 978 2440 et
1006 2404 1070 2438 hoc
1097 2407 1287 2440 observan-

312 2465 415 2502 dum,
441 2462 533 2507 quod
553 2468 715 2494 extenuat
740 2459 913 2493 iusticiam
936 2457 1031 2500 legis,
1061 2464 1092 2489 et
1111 2457 1188 2490 illos
1208 2469 1287 2491 san—

311 2513 482 2546 ctissimos
498 2512 629 2550 cultus,
658 2522 744 2556 quos
763 2517 856 2543 certo
880 2509 1000 2542 Iudaei
1026 2508 1195 2551 putabant
1217 2521 1288 2543 esse

312 2563 458 2606 gloriam
486 2560 577 2601 Dei,
617 2568 648 2594 et
672 2563 770 2594 docet
797 2559 887 2593 hanc
914 2566 1088 2592 externam
1118 2558 1289 2592 iusticiam

312 2626 385 2648 non
407 2625 478 2646 esse
503 2611 649 2655 gloriam
673 2610 763 2651 Dei,
805 2611 885 2655 quia
914 2621 985 2644 non
1016 2616 1065 2643 est
1097 2609 1228 2653 agnitio
1259 2619 1292 2646 et

312 2664 514 2708 glorificatio
535 2661 611 2696 Dei.

853 96 978 131 PHlL.
1002 94 1120 130 MEL.
1148 95 1353 131 SCRIPTA
1381 94 1713 131 EXEGENTICA.

2210 95 2284 131 588

1286 185 1292 217 t
1537 178 1792 225 Iuslificamur
1812 185 1929 216 aulem
1947 181 2080 229 gratis.

1421 256 1460 290 Id
1489 263 1556 297 est,
1592 257 1841 302 consequimur
1873 258 2113 292 remissionem
2138 263 2297 302 peccato·

1319 320 1396 341 rum
1416 315 1448 341 et
1467 315 1669 351 reputamur
1697 308 1800 348 iusti,
1830 308 1866 341 id
1893 315 1960 348 est,
1987 309 2134 352 accepti,
2161 315 2192 342 et
2218 319 2297 341 cum

1291 357 1382 400 lhac
1414 359 1632 403 reputatione
1666 358 1853 391 coniuncta
1885 365 1937 392 est
1971 359 2114 392 donatio
2144 359 2298 404 Spiritus

1321 410 1448 448 sancti,
1476 416 1510 443 et
1531 409 1718 453 acceptatio
1742 410 1784 441 ad
1812 409 1916 442 vitam
1941 415 2129 444 aeternam.
2204 409 2298 443 Haec

1322 461 1428 503 igitur
1453 460 1637 503 complecti
1665 460 1850 500 debemus,
1886 472 1964 493 cum
1989 461 2030 492 de
2054 458 2302 493 Iustificatione

1321 511 1557 554 disputamus,
1598 510 1729 543 scilicet
1754 510 1995 543 remissionem
2023 517 2240 554 peccatorum
2269 516 2303 543 et.

1322 562 1588 605 imputationem
1620 561 1798 601 iusticiae‚
1839 561 1873 593 id
1908 569 1974 600 est,
2018 561 2302 604 acceptationem,

1323 624 1400 645 cum
1421 624 1487 657 qua
1506 619 1555 645 est
1573 612 1759 645 coniuncta
1783 611 1928 645 donatio
1946 610 2098 654 Spiritus
2117 611 2243 652 sancti,
2269 616 2305 644 et

1323 663 1510 705 acceptatio
1529 663 1572 695 ad
1593 663 1698 695 vitam
1717 669 1905 695 aeternam.
1956 660 2020 695 Est
2037 668 2152 695 autem
2169 661 2304 706 perspi·

1323 725 1386 746 cua
1413 712 1514 746 Pauli
1539 713 1746 757 descriptio,
1784 725 1862 745 cum
1889 712 1952 745 ait:
1989 711 2110 746 Gratis
2138 724 2200 756 per
2224 723 2303 755 gra-

1325 764 1407 797 tiam
1424 790 1432 804 ,
1475 764 1510 796 id
1536 770 1608 804 est,
1651 776 1712 808 per
1751 763 2040 798 misericordiam.
2109 762 2178 796 Hic
2212 763 2305 796 clare

1325 814 1496 854 ostendit,
1523 826 1559 847 se
1576 815 1617 847 de
1635 815 1702 847 alia
1721 814 1856 847 iusticia
1882 813 2108 854 concionari,
2135 825 2238 857 quam
2263 813 2306 845 de

1325 864 1461 898 iusticia
1487 865 1572 907 legis
1603 877 1662 898 seu
1691 871 1893 898 nostrorum
1918 877 2076 909 operum.
2140 862 2306 897 Excludit

1327 915 1420 947 enim
1445 915 1684 948 conditionem
1710 916 1795 958 legis
1825 927 1885 948 seu
1917 915 2058 955 meriti,
2100 921 2133 948 et
2162 921 2308 948 testatur

1326 978 1391 998 nos
1410 965 1587 998 iustificari
1612 966 1737 1008 gratis,
1764 978 1835 999 non
1861 973 2003 1010 propter
2024 966 2133 1000 ullam
2155 965 2309 1008 dignita-

1328 1023 1396 1050 tem
1416 1023 1589 1056 nostram,
1616 1023 1675 1050 aut
1696 1028 1800 1060 opera
1820 1023 1949 1051 nostra.

1373 1121 1444 1158 Per
1463 1121 1733 1161 redemtionem,
1761 1134 1853 1171 quae
1871 1127 1920 1156 est
1938 1123 1977 1156 in
1992 1119 2144 1157 Christo
2161 1120 2259 1158 Iesu.

1433 1198 1526 1242 Quia
1544 1199 1643 1232 Deus
1660 1199 1768 1230 iratus
1785 1205 1922 1241 peccato
1938 1197 2136 1242 requirebat
2155 1197 2310 1241 aliquam

1330 1250 1521 1290 victimam,
1545 1251 1626 1282 ideo
1647 1248 1778 1281 Paulus
1795 1249 1930 1293 inquit:
1961 1252 1971 1280 t
1990 1260 2027 1280 er
2042 1248 2310 1287 redemtionem,

1330 1313 1418 1346 quae
1445 1307 1493 1333 est
1518 1313 1580 1344 per
1601 1298 1781 1332 Christum
1808 1298 1932 1333 lesum.
2002 1296 2118 1343 Atque
2142 1295 2199 1331 hic
2225 1297 2310 1330 resi-

1330 1358 1422 1384 stant
1452 1351 1561 1383 animi
1587 1351 1726 1389 nostri,
1766 1356 1798 1382 et
1826 1349 1978 1391 cogitent
2005 1349 2157 1392 primum
2191 1349 2234 1380 de
2259 1348 2310 1380 ira

1333 1401 1400 1435 Dei
1418 1402 1582 1433 adversus
1602 1407 1792 1444 peccatum.
1854 1399 1991 1431 Deinde
2009 1400 2050 1431 de
2068 1397 2310 1441 magnitudine

1332 1452 1613 1491 misericordiae,
1666 1450 1747 1495 quia
1778 1456 1955 1493 utrunque
1991 1447 2047 1482 bic
2089 1448 2312 1493 proponitur.

1332 1502 1493 1536 Mundus
1509 1515 1581 1535 non
1597 1502 1692 1534 videt
1708 1501 1986 1542 magnitudinem
2011 1500 2080 1532 irae
2098 1498 2163 1531 Dei
2187 1499 2313 1531 adver-

1335 1565 1392 1586 sus
1412 1559 1610 1595 peccatum,
1636 1559 1668 1584 et
1689 1551 1773 1583 dicit
1796 1557 1974 1594 peccatum
1999 1562 2072 1582 rem
2096 1550 2207 1582 levem
2231 1559 2315 1582 esse.

1306 1618 1309 1632 ι
1335 1604 1402 1637 Sed
1431 1601 1488 1635 hic
1513 1603 1688 1635 discamus
1705 1607 1837 1634 tantam
1854 1612 1926 1633 esse
1943 1601 2049 1640 iram,
2074 1599 2225 1634 utnulla
2247 1596 2313 1631 ho-

1337 1654 1400 1687 stia
1419 1653 1547 1696 placari
1567 1651 1719 1696 potuerit
1734 1650 1846 1691 Deus,
1873 1651 1942 1683 nisi
1958 1657 2093 1684 tantum
2110 1657 2221 1684 morte
2238 1649 2314 1682 filii.

1337 1704 1400 1737 Est
1418 1704 1525 1745 igitur
1542 1702 1715 1735 horribile
1733 1707 1911 1745 peccatum
1930 1702 2096 1735 securitas
2113 1701 2149 1733 in
2166 1701 2227 1741 iis,
2253 1700 2315 1745 qui

1341 1761 1562 1798 perseverant
1581 1754 1615 1786 in
1635 1753 1801 1797 peccatis,
1828 1758 1860 1784 et
1879 1759 2110 1785 contemnunt
2131 1752 2218 1784 iram
2237 1750 2315 1783 Dei.

1340 1805 1522 1845 Secundo,
1550 1811 1645 1837 tanta
1670 1811 1719 1836 est
1744 1803 2004 1843 misericordia,
2031 1809 2070 1835 ut
2091 1809 2189 1846 pater
2210 1802 2316 1835 dede-

1335 1857 1379 1889 rit
1397 1857 1509 1889 filium
1527 1868 1590 1899 pro
1617 1855 1737 1896 nobis,
1770 1861 1803 1887 et
1827 1854 1978 1886 voluerit
2001 1865 2066 1886 nos
2085 1853 2146 1886 tali
2169 1852 2315 1896 pignore

1336 1908 1439 1945 dato,
1478 1907 1520 1938 de
1544 1904 1782 1938 misericordia
1807 1911 1917 1936 certos
1938 1915 2020 1937 esse.
2088 1902 2161 1935 Iam
2185 1907 2317 1947 quanta

1334 1964 1383 1991 est
1410 1955 1645 2000 blasphemia,
1684 1954 1830 1997 gloriam
1864 1954 1926 1986 filii
1951 1953 2019 1987 Dei
2051 1953 2241 1987 transferre
2274 1952 2314 1985 iu

1340 2007 1493 2040 humana
1516 2018 1638 2050 opera,
1665 2012 1698 2038 et
1715 2005 1841 2047 fingere
1858 2004 1943 2037 alias
1961 2004 2136 2044 victimas,
2160 2010 2200 2038 ut
2217 2002 2318 2038 satis-

1339 2059 1527 2099 factiones,
1555 2056 1696 2097 Missas,
1723 2053 1976 2088 monachatus?
2001 2061 2065 2091 etc.

1663 2170 2003 2207 Reconcilialorem.

1439 2249 1689 2284 Commoratur
1714 2251 1752 2283 in
1779 2249 2012 2293 descriptione
2043 2246 2149 2280 officii
2172 2244 2319 2288 Christi,

1337 2303 1432 2347 quod
1459 2302 1502 2335 sit
1523 2302 1686 2345 victima,
1728 2300 1943 2345 propiciator
1965 2304 2030 2333 etc.
2097 2295 2145 2331 Et
2175 2297 2318 2343 quidem

1339 2353 1571 2397 propiciator‚
1597 2353 1721 2386 titulus
1737 2359 1788 2385 est
1806 2350 2003 2393 significans
2021 2353 2152 2381 certum
2169 2359 2242 2382 esse
2256 2349 2320 2383 be-

1340 2404 1520 2442 neficium,
1549 2404 1641 2448 quod
1660 2409 1802 2446 propter
1820 2401 1920 2433 illum
1944 2398 2215 2444 propiciatorem
2238 2411 2320 2444 pro-

1341 2455 1486 2488 missum
1512 2461 1579 2495 est,
1606 2454 1686 2498 quia
1704 2451 1864 2486 Christus
1888 2462 1960 2483 non
1983 2457 2033 2483 est
2056 2450 2185 2483 frustra
2209 2450 2321 2485 factus

1341 2505 1565 2550 propiciator.
1618 2503 1686 2538 Sed
1709 2515 1815 2548 quare
1842 2502 1941 2535 addit
1966 2512 2029 2545 per
2052 2500 2182 2533 fidem?
2225 2499 2320 2534 Haec

1313 2547 1316 2583 l
1342 2556 1511 2601 particula
1529 2555 1715 2598 diligenter
1732 2553 1951 2587 observanda
1977 2558 2049 2592 est,
2081 2551 2162 2596 quia
2187 2551 2255 2584 iam
2277 2552 2321 2585 de

1344 2606 1578 2652 applicatione
1602 2604 1779 2649 loquitur,
1812 2610 1853 2637 ut
1873 2603 2022 2638 sciamus
2039 2602 2219 2648 quomodo
2236 2606 2322 2636 con-

1345 2669 1532 2703 sequamur
1547 2655 1752 2690 beneficium
1767 2652 1912 2690 Christi.
