2415 2942
495 119 546 156 XI
552 119 577 158 1.

279 205 403 240 Esaiae
424 205 502 241 61.:
542 205 696 250 Spiritus
715 203 861 239 Domini
886 203 952 238 Dei
971 215 1076 248 super

88 269 167 296 me,
203 270 243 291 eo
270 258 365 302 quod
390 257 531 290 unxerit
563 269 629 290 me.
690 254 754 289 Est
779 262 895 288 autem
919 261 1074 288 sumtum

89 309 238 342 verbum
264 320 283 342 a
306 309 377 341 ritu
400 308 556 351 ungendi
573 307 766 341 sacerdotes
794 312 827 339 et
851 316 956 347 reges.
1011 303 1075 338 Est

90 370 172 402 ergo
189 359 294 402 ungi,
322 370 382 392 seu
399 358 592 401 obsignari,
620 355 788 390 destinari
811 356 854 388 ad
874 367 1003 388 munus
1019 366 1074 387 sa—

90 410 240 443 cerdotis
256 416 289 443 et
306 409 406 452 regis.
457 407 502 443 Et
519 408 660 453 quidem
679 418 758 439 cum
783 406 826 439 de
843 403 907 439 hac
924 417 1072 449 persona

90 461 238 500 dicitur,
280 460 529 502 intelligendus
560 465 609 491 est
640 457 799 490 sacerdos
821 468 901 489 vere
928 457 1069 500 placans

88 511 176 544 iram
193 510 280 551 Dei,
307 517 340 543 et
364 521 422 542 rex
443 509 505 553 qui
522 519 663 551 prorsus
686 507 799 540 deleat
821 519 969 550 regnum
996 507 1073 539 dia-

87 561 182 602 boli,
221 560 350 604 peccati
379 565 412 592 et
433 559 566 599 mortis,
593 565 626 592 et
643 559 700 591 det
716 569 862 600 regnum
879 565 1072 592 aeternum.

87 611 161 645 Nec
176 622 259 643 vero
277 616 412 643 tantum
436 608 608 652 significat
632 609 842 642 vocabulum
864 620 994 651 ungere
1020 615 1072 641 ta-

85 661 156 694 lem
194 659 453 694 ordinationem
487 661 529 692 ad
565 660 784 702 fungendum
818 656 885 692 hoc
916 671 1071 698 munere,

85 711 145 744 sed
181 709 351 754 significat
385 710 488 742 etiam
527 710 708 753 impartire
739 710 850 750 dona,
898 709 986 743 sicut
1024 710 1072 742 ait

84 760 221 794 Esaias:
248 760 400 805 Spiritus
410 759 557 793 Domini
574 760 639 793 Dei
656 772 760 804 super
775 772 840 792 me.
890 759 938 793 Ut
954 767 1070 793 autem

84 810 240 856 Baptista
258 823 361 855 supra
380 811 485 845 dixit:
511 810 589 844 Non
610 812 651 844 ad
670 822 868 844 mensuram
888 811 919 843 ei
936 811 993 843 dat
1010 822 1071 854 pa-
1096 798 1098 856 j

92 121 164 157 137

88 213 228 243 unctus.

1097 697 1099 710 4

83 869 138 896 ter
161 862 341 906 spiritum:
383 861 431 895 ita
454 859 510 894 hic
532 862 747 905 significatur
770 860 860 894 hanc
884 873 1069 904 personam
1096 876 1098 901 g

84 913 292 946 antecellere
317 912 484 946 omnibus
505 912 672 956 peculiari
695 913 821 952 modo,
847 912 907 956 qni
930 912 966 944 in
991 912 1069 944 aliis

82 963 170 996 locis
192 963 367 1006 copiosius
391 963 596 1006 exponitur,
624 963 705 1008 quia
728 960 889 996 Christus
912 963 1070 995 cumula-
1094 985 1097 1018 ¹,

82 1019 139 1047 tus
153 1020 204 1047 est
219 1013 320 1046 donis
338 1013 489 1057 Spiritus
504 1014 615 1046 sancti
634 1025 737 1056 snpra
755 1025 876 1046 omnes
894 1010 1069 1052 homines,
1094 1020 1097 1046 f

81 1064 154 1097 imo
173 1064 254 1109 quia
277 1064 314 1096 in
341 1076 380 1097 eo
407 1064 574 1097 divinitas
599 1061 735 1097 habitat
758 1064 1004 1107 corporaliter,
1032 1064 1067 1095 id

83 1121 150 1156 est,
177 1115 258 1160 quia
277 1121 401 1148 natura
428 1122 478 1148 est
505 1115 597 1147 filins
617 1114 699 1153 Dei,
734 1121 782 1147 est
809 1114 883 1157 pari
912 1114 1068 1157 potentia
1094 1132 1095 1135 =

83 1177 161 1199 cum
179 1171 295 1209 patre,
322 1172 361 1198 ut
379 1166 602 1208 supradixit:
631 1164 735 1198 Pater
751 1176 974 1208 mensusque
991 1177 1067 1197 mo-

82 1217 128 1249 do
145 1222 328 1259 operatur,
357 1223 389 1249 et
412 1227 473 1257 ego
500 1228 646 1259 operor,
674 1216 862 1248 sanctificat
881 1215 1006 1257 igitur,
1035 1222 1067 1247 et

80 1265 251 1306 vivificat,
285 1267 343 1300 dat
368 1278 496 1298 novam
523 1267 653 1305 lucem,
688 1266 880 1304 iusticiam,
910 1273 938 1297 et
959 1265 1064 1297 vitani

80 1323 268 1350 aeternam.
322 1316 380 1349 Sic
405 1323 455 1349 est
477 1317 680 1359 obsignatus
699 1324 730 1349 ct
747 1323 872 1348 unctus
891 1314 1064 1353 Christus,
1092 1323 1093 1339 ¹

79 1373 121 1400 ut
145 1373 252 1409 ungat
275 1368 470 1406 credentes,
513 1367 600 1400 sicut
626 1379 729 1410 supra
756 1367 889 1399 dictum
909 1373 973 1398 est:
1013 1365 1065 1398 Ex

77 1416 299 1461 plenitudine
318 1417 391 1449 eius
409 1429 531 1449 omnes
550 1417 751 1460 accipimus,
1090 1408 1093 1460 i

181 1466 307 1500 Graeci
323 1474 447 1510 urgent
465 1469 674 1500 vocabulum
699 1467 904 1510 obsignatus
931 1474 997 1507 est,
1033 1474 1064 1500 et

77 1519 342 1552 accommodant
380 1520 421 1551 ad
464 1518 652 1561 imaginem
690 1517 773 1558 Dei,
817 1516 980 1551 Christus
1015 1524 1064 1551 est
1090 1534 1091 1565 {

79 1565 258 1615 σφραγὶς,
295 1569 330 1601 id
358 1576 426 1610 cst,
456 1570 571 1612 imago
597 1569 704 1613 patris
732 1569 882 1608 aeterni,
912 1570 1000 1602 sicut
1019 1570 1061 1601 ad
1088 1588 1091 1610 3

75 1618 168 1653 Heb.
189 1622 219 1652 1.
237 1619 381 1652 dicitur:
417 1619 529 1652 Filius
556 1627 604 1652 est
624 1617 818 1665 χαρακτὴρ
846 1620 1062 1652 substantiae

75 1671 196 1713 patris.
249 1670 320 1703 Nec
337 1668 423 1702 mihi
443 1671 604 1714 displicet
621 1669 703 1703 llaec
720 1671 975 1712 interpretatio,
1002 1672 1060 1703 sed
1088 1710 1089 1716 1

77 1720 125 1753 ita
148 1720 294 1752 verbum
323 1719 518 1766 σᾳραγίζω
547 1721 716 1753 tribuitur
741 1721 805 1753 soli
827 1727 858 1753 et
877 1722 937 1753 uni
959 1718 1062 1753 (hri-

77 1777 150 1810 sto,
176 1782 246 1814 quo
264 1776 378 1802 tamen
400 1777 431 1803 et
447 1771 530 1803 alias
546 1777 695 1803 utuntur
714 1771 860 1802 loannes
879 1771 1062 1811 etPaulus‚

75 1822 120 1854 de
147 1821 290 1853 caeteris
315 1821 458 1860 sanctis,
494 1828 531 1854 ut
554 1823 589 1855 2.
609 1818 770 1853 Corinth.
791 1823 840 1854 1.:
881 1822 977 1854 Deus
1001 1823 1060 1866 qui

75 1871 272 1913 obsignavit
307 1882 385 1910 nos,
428 1872 461 1903 id
488 1878 555 1911 est,
592 1871 787 1911 ordinavit,
831 1871 993 1911 donavit,
1029 1879 1061 1905 et

73 1921 225 1954 munivit
244 1920 378 1963 Spiritu
396 1929 527 1954 sancto.
581 1923 685 1955 Item:
724 1921 762 1954 In
790 1934 858 1966 quo
886 1923 1060 1964 obsignati

75 1972 154 2005 estis
170 1971 207 2003 in
227 1971 318 2003 diem
345 1972 582 2005 redemtionis.
638 1971 676 2004 In
703 1984 838 2005 summa
857 1985 937 2005 vero
955 1972 1061 2005 (jhri-
1086 1981 1087 2001 1

74 2029 147 2056 stus
163 2022 198 2054 in
216 2020 280 2055 hac
296 2023 465 2055 concione
485 2023 570 2056 sexti
589 2023 711 2066 capitis
730 2022 825 2060 dicit,
854 2035 888 2055 se
907 2035 978 2056 csse
996 2025 1060 2056 ob-

74 2073 267 2116 signatum,
303 2073 336 2105 id
365 2080 433 2114 est,
475 2085 509 2107 se
534 2086 644 2106 unum
670 2085 741 2106 esse
766 2073 932 2106 Messiam
965 2082 1059 2108 certo

71 2124 178 2156 modo
197 2123 417 2163 ordinatum,
443 2130 474 2157 et
492 2125 661 2157 donatum
679 2137 741 2168 pro
757 2125 923 2157 omnibns
943 2122 1059 2157 homi-

72 2174 178 2207 nibus
208 2174 251 2206 ad
282 2171 346 2206 hoc
372 2186 522 2216 munus,
570 2182 609 2208 ut
640 2176 697 2208 det
729 2175 835 2207 vitam
869 2182 1057 2209 aeternam.

69 2223 165 2258 Haec
182 2230 255 2257 erat
277 2236 367 2256 nova
393 2226 535 2266 concio,
567 2232 599 2259 et
624 2226 740 2268 ignota
771 2226 922 2269 populo,
956 2227 1058 2260 fasci-

67 2282 150 2310 nato
166 2275 455 2319 persuasionibus
477 2277 519 2309 de
538 2276 688 2320 imperio
707 2277 842 2310 mundi.

143 2354 250 2405 Quid
259 2357 449 2406 faciemus
461 2386 469 2400 ,
497 2363 535 2392 ut
554 2370 739 2406 operemur
754 2371 864 2406 opera
882 2357 983 2393 Dei?

167 2425 275 2459 Initio
291 2426 414 2469 capitis
433 2426 602 2460 miracula
620 2428 778 2461 recitavit
794 2428 940 2473 aliquot,
968 2441 1057 2474 quae

67 2484 149 2512 sunt
165 2476 363 2511 testimonia
382 2478 581 2512 doctrinae:
611 2484 730 2521 postea
747 2479 907 2523 sequitur
931 2491 1055 2513 narra-

66 2530 116 2563 tio
138 2528 354 2561 constantiae
379 2526 511 2562 Christi
543 2529 710 2572 fugientis
742 2530 877 2572 regium
911 2542 1054 2567 nomen,

66 2579 208 2619 Tertio,
233 2579 443 2612 describitur
458 2580 657 2623 obiurgatio
680 2581 825 2624 populi,
853 2582 1053 2625 quaerentis

64 2628 264 2670 Christum,
304 2641 376 2662 non
412 2637 553 2675 propter
579 2629 814 2674 Evangelium
847 2639 878 2664 et
904 2632 1078 2686 gloriam¹

64 2681 150 2724 Dei,
176 2681 236 2715 sed
260 2687 404 2725 propter
423 2681 585 2727 proprias
611 2682 802 2724 utilitates,
829 2682 978 2728 victum,
1008 2684 1078 2730 li-3

628 116 923 156 ENARRATIO
952 117 1001 154 IN
1028 115 1211 153 EVANG.
1236 113 1448 152 IOANNIS.
1507 116 1610 152 CAP.
1639 117 1700 152 vl,

1089 1678 1090 1683 ¹
1116 1680 1204 1712 quae
1233 1668 1270 1700 in
1297 1667 1362 1701 hoc
1391 1670 1502 1713 capite
1532 1671 1716 1713 praecipua
1747 1679 1807 1707 est.

2042 123 2112 157 138

1128 203 1296 237 bertatern
1315 229 1325 243 ,
1373 202 1610 236 excussionem
1659 203 1901 248 tributorum,
1951 217 2110 249 regnum.

1129 252 1264 296 Quarto
1281 254 1425 287 additur
1442 255 1619 287 doctrina:
1652 254 1689 288 Si
1707 267 1907 298 peccamus,
1936 257 2021 302 quid
2047 258 2112 299 igi-

1127 310 1186 336 tur
1208 304 1407 337 faciendum
1432 311 1500 344 est,
1534 312 1572 338 ut
1598 306 1675 338 Deo
1701 306 1922 349 placeamus?
1975 307 2111 350 Quinto

1126 360 1316 386 renovatur
1340 361 1530 388 certamen:
1574 357 1655 400 quia
1679 369 1762 390 voce
1786 355 1970 401 Evangelii
1997 359 2111 391 offen-

1125 404 1261 436 duntur
1291 403 1430 442 ludaei,
1480 412 1510 438 et
1538 406 1572 438 fit
1599 407 1742 439 collatio
1768 407 1862 439 Mosi
1888 416 1921 442 et
1949 408 2110 442 Messiae.

1125 454 1247 494 Sexto,
1274 466 1394 487 rursus
1414 455 1652 498 interponitur
1670 458 1828 490 doctrina
1847 460 1890 491 de
1907 460 2111 493 discrimine

1124 501 1301 538 humanae
1317 506 1523 549 sapientiae,
1552 513 1583 539 et
1604 506 1807 548 Evangelii,
1834 511 1928 552 qnod
1956 508 2111 544 humana

1124 556 1213 589 ratio
1238 567 1310 587 non
1337 556 1568 599 amplectatur
1585 554 1837 599 Evangelium,
1873 560 1939 592 nisi
1966 561 2110 594 adiuve-

1125 613 1182 639 tur
1197 619 1214 639 a
1233 605 1369 649 Spiritu
1386 614 1524 646 sanct0,
1559 614 1591 640 et
1615 607 1673 639 hic
1691 609 1786 640 locus
1805 610 1931 643 refutat
1952 610 2110 653 Pelagia-

1125 668 1207 697 nos,
1249 657 1418 690 discernit
1457 657 1560 690 etiam
1591 656 1782 691 Ecclesiam
1808 671 1826 691 a
1851 661 1981 704 populo
2016 661 2111 703 legis.

1124 707 1302 750 Septimo,
1353 709 1534 741 adduntur
1575 709 1762 741 conciones
1793 710 1835 742 de
1863 712 2110 745 manducando

1098 762 1099 765 ’
1124 757 1267 798 Messia,
1296 770 1383 803 quae
1399 766 1629 802 opponuntur
1645 760 1715 792 esni
1733 760 1799 792 sibi
1819 762 1889 794 dati
1909 762 1945 794 in
1962 762 2110 798 deserto.

1124 807 1278 846 Octavo,
1315 821 1426 841 novae
1458 816 1490 842 et
1517 810 1666 842 maiores
1691 810 1903 844 offensiones
1934 813 2111 853 oriuntur,

1096 862 1098 868 ’
1124 871 1201 891 cum
1220 860 1369 892 audiunt
1387 860 1429 892 de
1457 861 1727 893 manducatione
1754 860 1921 903 Iilessiaffi
1955 875 2016 896 nec
2045 865 2109 897 du-

1096 911 1097 930 ³
1123 910 1222 942 bium
1248 917 1297 942 est
1320 922 1442 943 omnes
1465 911 1635 954 sapientia
1673 909 1827 944 humana
1854 914 2110 953 antecellentes,

1096 956 1097 963 ¹
1123 972 1202 992 cnm
1241 960 1362 1003 legunt
1394 959 1483 993 hanc
1517 962 1721 994 concionem
1750 963 1792 995 de
1825 966 2109 1005 manducatione,

1122 1011 1346 1058 obstupefieri
1376 1018 1407 1044 et
1431 1012 1573 1051 mirari,
1625 1025 1793 1057 quorsum
1830 1012 1914 1047 haec
1946 1022 2016 1048 tam
2046 1017 2110 1049 ob-

1122 1073 1220 1094 scura
1237 1063 1345 1102 ratio,
1374 1064 1456 1095 etin
1474 1063 1625 1106 speciem
1647 1064 1797 1096 absurda
1818 1066 1999 1108 pertineat.
2036 1065 2109 1099 No-

1121 1124 1186 1149 no,
1214 1113 1392 1157 abrumpit
1415 1120 1521 1146 totam
1540 1113 1822 1154 altercationem,
1850 1123 1880 1148 et
1898 1128 2034 1148 cansam
2056 1129 2109 1149 re-

1121 1163 1207 1205 petit
1224 1160 1349 1195 harum
1368 1163 1624 1203 offensionum,
1661 1176 1765 1208 quam
1792 1175 1894 1209 supra
1923 1167 2028 1204 dixit,
2056 1168 2109 1199 vi-

1120 1213 1264 1252 delicet,
1292 1214 1385 1256 quod
1413 1225 1510 1245 mens
1528 1211 1681 1246 humana
1700 1215 1742 1248 sit
1759 1227 1921 1259 oppressa
1942 1218 2109 1258 tenebris,

1119 1275 1183 1295 nec
1212 1264 1442 1306 amplectatur
1465 1262 1720 1306 Evangelium,
1762 1267 1827 1299 nisi
1856 1267 1929 1300 Deo
1955 1268 2109 1303 iuvante.

1119 1313 1288 1354 Decimo,
1332 1320 1489 1347 tentatur
1527 1316 1698 1347 confessio
1731 1316 2003 1359 Apostolorum,
2047 1320 2109 1364 qui

1120 1375 1279 1406 expresse
1315 1365 1511 1404 affirmant,
1556 1362 1650 1398 hunc
1685 1378 1785 1399 suum
1818 1369 2002 1401 dominnm
2037 1382 2109 1403 esse

1118 1412 1284 1447 Messiam
1313 1416 1424 1448 filium
1452 1415 1527 1448 Dei.
1595 1415 1756 1450 Recitavi
1783 1420 1908 1451 seriem
1939 1420 2109 1460 locorum,

1091 1471 1092 1490 1
1118 1465 1179 1509 qni
1204 1466 1241 1498 in
1265 1463 1328 1498 hac
1352 1466 1456 1509 longa
1484 1473 1516 1500 et
1543 1467 1690 1500 obscura
1723 1471 1893 1502 concione
1928 1471 2107 1515 praecipui

1090 1524 1091 1530 ¹
1117 1523 1217 1556 sunt,
1247 1523 1283 1549 ut
1308 1517 1418 1550 lector
1444 1518 1551 1560 magis
1577 1518 1712 1560 videat,
1749 1522 1928 1565 quomodo
1950 1523 2106 1556 membra

1117 1574 1323 1609 congruant.

1219 1617 1341 1651 Redeo
1359 1618 1468 1661 igitur
1484 1619 1525 1651 ad
1555 1626 1718 1664 quartum
1738 1621 1853 1654 locum
1873 1623 1915 1654 de
1933 1623 2104 1665 doctrina,

1868 1671 1955 1707 Cum
1983 1673 2105 1708 ludaei

1087 1721 1089 1729 ⁴
1115 1717 1373 1752 stomachantes
1389 1721 1565 1763 obiurgati
1583 1729 1716 1762 essent,
1747 1723 1978 1767 interrogant,
2007 1727 2104 1769 quod

1115 1782 1202 1813 opus
1219 1770 1292 1803 fieri
1310 1770 1418 1803 velit?
1456 1770 1533 1814 lpse
1559 1773 1724 1815 proponit
1750 1771 1816 1806 hoc
1838 1786 1944 1817 opus,
1974 1776 2016 1808 de
2035 1789 2104 1821 quo

1116 1821 1257 1864 proprie
1296 1821 1527 1854 concionatur
1554 1822 1807 1865 Evangelium,
1846 1825 2026 1867 videlicet,
2065 1834 2104 1860 ut

1115 1873 1258 1904 credant
1281 1871 1318 1904 in
1336 1869 1539 1916 Christum,
1577 1881 1609 1906 et
1634 1874 1815 1918 aliquanto
1844 1882 1920 1919 post
1941 1877 2103 1916 affirmat,

1114 1933 1148 1953 se
1166 1933 1238 1954 esse
1256 1922 1414 1955 datorem
1432 1924 1525 1956 vitae
1540 1931 1701 1957 aeternae
1714 1953 1722 1964 ‚
1751 1932 1782 1958 ct
1808 1923 1897 1960 hanc
1916 1927 1962 1959 ita
1981 1939 2103 1961 conse-

1115 1973 1173 2016 qui
1200 1970 1382 2011 homines,
1420 1974 1446 2005 si
1470 1975 1615 2008 credant
1642 1976 1678 2007 in
1697 1975 1872 2012 Messiam.
1934 1976 2028 2011 Haec
2051 1986 2102 2013 est

1114 2023 1318 2066 principalis
1336 2025 1495 2057 doctrina
1516 2025 1552 2057 in
1574 2023 1636 2058 hac
1653 2033 1723 2060 tota
1742 2028 1989 2071 disputatione,
2014 2041 2102 2073 quae

1113 2075 1255 2118 quidem
1275 2082 1324 2107 est
1341 2086 1475 2107 summa
1494 2074 1697 2118 Evangelii,
1725 2086 1762 2111 ut
1779 2090 1880 2122 saepe
1900 2079 2032 2112 dictum
2051 2087 2102 2114 est

1112 2137 1237 2167 supra,
1281 2132 1314 2158 et
1345 2133 1393 2158 est
1417 2127 1588 2159 sententia
1623 2129 1781 2172 opposita
1816 2129 1905 2172 legi,
1944 2136 1977 2163 et
2001 2130 2101 2164 inani

1111 2176 1236 2208 fiducia
1258 2176 1380 2219 populi
1400 2174 1523 2217 huius,
1552 2178 1611 2222 qni
1630 2186 1772 2222 propter
1790 2179 1902 2222 legem
1922 2180 2099 2215 existima-

1111 2227 1171 2259 bat
1196 2238 1231 2259 se
1256 2224 1385 2260 habere
1405 2228 1646 2261 remissionem
1673 2236 1891 2273 peccatorum
1921 2237 1953 2263 et
1977 2228 2099 2265 haere-

1110 2278 1254 2311 ditatem
1272 2278 1362 2310 vitae
1380 2285 1551 2313 aeternae.
1606 2279 1689 2312 ldeo
1709 2280 1841 2313 ironice
1860 2281 2097 2325 interrogant:

1112 2327 1208 2370 Quid
1234 2328 1421 2369 faciemus,
1460 2337 1498 2363 ut
1526 2341 1712 2373 operemur
1740 2343 1844 2374 opera
1866 2330 1957 2364 Dei?
1997 2334 2097 2377 quasi

1110 2379 1245 2412 dicant:
1286 2378 1359 2412 Cur
1384 2391 1447 2412 nos
1472 2380 1663 2422 obiurgas?
1699 2393 1761 2414 cur
1785 2381 1882 2415 iubes
1913 2388 2096 2417 aeternum

1109 2430 1226 2463 cibum
1245 2430 1385 2474 quaeri,
1410 2442 1487 2463 cum
1507 2430 1614 2462 simus
1632 2431 1712 2465 iusti
1730 2433 1824 2475 lege,
1852 2433 2021 2478 quidnam
2040 2447 2095 2468 re-

1109 2481 1220 2525 quiris
1247 2480 1423 2523 amplins'?
1460 2480 1665 2524 Respondet
1689 2480 1871 2524 Christus,
1902 2484 1974 2517 imo
1996 2485 2093 2519 aliud

1107 2533 1267 2576 requiro:
1296 2530 1373 2564 Hoc
1400 2538 1450 2564 est
1474 2543 1561 2574 opus
1579 2530 1665 2573 Dei,
1699 2540 1735 2566 ut
1762 2534 1910 2567 credatis
1939 2535 1974 2567 in
2002 2548 2094 2575 eum,

1107 2595 1210 2626 quem
1229 2582 1289 2614 ille
1306 2582 1413 2614 misit.
1454 2580 1564 2616 Vocat
1582 2580 1673 2616 hanc
1690 2584 1793 2617 fidem
1811 2596 1898 2628 opus
1910 2584 1994 2629 Dei,
2021 2598 2092 2620 non

1104 2634 1217 2666 solum
1235 2632 1315 2676 qnia
1333 2644 1351 2664 a
1369 2631 1442 2664 Deo
1461 2634 1666 2666 mandatnm
1682 2642 1751 2676 est,
1786 2647 1868 2668 nam
1898 2633 1962 2669 hoc
1986 2638 2091 2670 modo

1104 2691 1135 2718 et
1154 2684 1209 2717 lex
1227 2690 1276 2717 est
1292 2695 1381 2727 opus
1395 2681 1480 2725 Dei,
1507 2685 1567 2717 sed
1584 2685 1688 2718 etiam
1705 2687 1786 2731 quia
1805 2687 1916 2731 placet
1936 2685 2030 2727 Deo,
2057 2695 2091 2722 et
