2415 2942
284 87 402 121 1211-

289 173 374 206 sicut
414 170 542 214 alioqui
577 169 766 213 prudentes
797 181 874 201 cum
904 169 1058 202 sentiunt
1086 180 1122 202 se
1147 169 1268 210 irasci,

290 225 398 256 xitant
421 232 624 263 congressus
647 232 767 252 eorum
782 246 791 260 ‚
821 222 949 264 quilius
971 221 1181 255 irascuntur.

392 272 664 305 Observandum
691 278 737 302 est
759 278 871 303 autem
897 269 962 303 hoc
980 270 1055 303 loco
1073 271 1269 312 exemplum

292 323 497 360 inranwnti,
525 323 616 366 quod
645 321 813 359 ostendit,
848 332 1047 354 concessum
1075 333 1146 354 esse
1166 319 1271 355 Chri-

292 374 414 408 stianis
433 373 565 410 iurare,
600 379 634 404 ut
652 371 734 403 alibi
763 372 938 414 copiosius
964 371 1104 404 (licitur.

399 423 481 455 lnde
505 430 618 454 autem
640 422 829 454 existimari
853 429 981 465 potest,
1008 423 1113 454 fuisse
1132 432 1273 463 magnas

293 485 410 508 causas
445 471 547 505 liuius
580 472 845 512 indignationis,
898 472 1001 505 Haud
1035 473 1140 505 (lubic
1163 472 1272 515 aliqui

292 525 432 558 fanatici
450 532 480 556 et
498 523 638 566 superbi
651 522 937 566 Pseudoapostoli
953 535 1029 555 cum
1047 535 1106 556 sna
1124 522 1275 555 factione

294 577 394 607 xalde
427 574 654 606 turbaverant
679 571 868 606 Ecclesiam
896 571 1070 606 Corinthi.
1126 572 1195 606 Sed
1224 579 1275 606 ta-

294 639 373 659 nzen
396 624 524 657 Paulus
550 624 636 656 iram
660 624 829 666 reprimit.
884 624 1003 666 Quare
1028 635 1106 655 mox
1132 623 1272 655 recitata

296 688 413 711 causa,
442 687 503 708 cur
519 687 589 707 non
607 675 758 711 venerit,
784 675 908 707 intexit
926 675 1208 716 occupationem,
1237 679 1275 705 ut

295 733 453 761 occurrat
473 726 593 758 tacitae
610 725 810 757 oliiectioni.
870 725 1034 757 l‘oterant
1052 725 1145 756 enim
1165 723 1274 767 aliqui

295 779 413 810 iniuns
443 776 629 808 verecundi
656 776 788 808 dicere:
833 775 926 816 Quid
953 775 1125 807 minitaris
1151 773 1277 806 uoltis?

298 828 410 870 Quale
438 827 622 870 imperinm
648 825 712 858 tibi
737 826 870 858 sumis?
918 838 987 858 non
1016 826 1094 857 ideo
1126 824 1275 868 amplexi

298 889 416 911 sumus
450 875 704 919 sziigelitiiii,
748 883 785 908 ut
820 883 856 908 tu
891 876 926 908 in
957 888 1022 908 nos
1054 876 1276 921 tyr-mnidem

298 939 472 965 exerceas,
507 928 533 958 si
560 934 627 958 tam
655 926 848 970 periculosa
873 927 1020 959 servitus
1047 927 1186 959 sert-uda
1214 931 1276 963 est,

299 980 415 1023 potius
441 979 481 1009 :ul
513 974 683 1009 Etlinicos
716 979 898 1009 redeamus
963 976 1054 1009 Huic
1087 976 1276 1009 obiectioni

298 1028 448 1063 occurrit
469 1027 532 1059 lioc
550 1029 669 1059 modo:
698 1026 777 1060 Non
800 1026 887 1060 rnilii
914 1040 1014 1060 sumo
1035 1027 1069 1059 in
1088 1039 1148 1059 vos
1167 1027 1277 1070 impe-

300 1082 404 1113 rium.
460 1078 537 1111 Non
557 1090 686 1122 quaero
708 1078 900 1121 potentiam
927 1085 986 1110 aut
1009 1090 1110 1120 opes,
1135 1079 1192 1109 sed
1212 1077 1278 1108 mi-

300 1133 411 1164 nister
434 1141 508 1161 sum
534 1129 656 1161 salutis
679 1136 828 1167 vestrae,
862 1129 967 1173 idque
995 1129 1076 1160 dicit
1102 1128 1278 1165 blandius,

301 1181 417 1225 gaudii
446 1179 569 1216 xestri„
598 1191 724 1224 sequor
748 1180 901 1222 regulam
927 1177 1013 1211 mihi
1035 1192 1051 1211 a
1071 1179 1143 1212 Deo
1170 1178 1278 1210 tradi-

301 1241 388 1271 tam,
418 1231 476 1274 qui
498 1228 562 1262 hoc
581 1239 700 1262 nostro
720 1230 916 1263 ministerio
934 1236 1032 1263 vocat
1050 1242 1110 1262 vos
1127 1230 1168 1262 ad
1186 1229 1278 1261 salu·

300 1291 389 1317 tem,
418 1282 452 1313 in
472 1293 540 1325 quo
559 1287 694 1314 tantum
713 1292 750 1312 ea
769 1293 850 1322 ago,
879 1281 972 1313 iuxta
996 1281 1151 1323 regulam
1171 1293 1187 1312 a
1207 1279 1279 1312 Deo

301 1333 483 1371 traditam,
505 1343 591 1375 quae
608 1331 707 1363 vobis
726 1331 890 1364 salutaria
907 1338 998 1364 sunt.
1051 1329 1096 1364 Et
1115 1328 1197 1363 haec
1215 1331 1280 1362 do-

302 1395 364 1417 nec
383 1382 450 1414 fide
468 1382 563 1414 statis
576 1408 583 1420 ‚
610 1382 707 1412 vobis
724 1388 817 1422 grata
838 1388 952 1416 erunt.

405 1433 475 1466 Iam
504 1430 560 1464 liic
589 1432 774 1463 discrimen
810 1432 969 1474 politicae
1005 1431 1205 1475 potestatis,
1248 1437 1281 1464 et

302 1483 488 1518 ministerii
516 1482 704 1524 evangelici
731 1482 989 1522 consideretur,
1016 1488 1055 1515 ut
1075 1482 1160 1514 alias
1182 1493 1282 1525 saepe

303 1536 443 1569 dicitur.
498 1532 651 1565 Potestas
671 1532 808 1572 politica
827 1533 860 1564 vi
877 1532 1050 1574 corporali
1071 1534 1222 1574 coercet,
1250 1539 1283 1564 et

303 1585 405 1631 punit
431 1583 578 1622 invitos,
606 1589 643 1615 nt
667 1582 820 1616 Romani
845 1589 978 1625 recepta
998 1581 1115 1626 Capua
1134 1582 1283 1615 Senato—

302 1648 356 1670 res
374 1634 559 1677 Capuanos
575 1634 615 1665 ad
638 1633 755 1676 palum
779 1633 948 1675 deligatos
968 1633 1080 1666 securi
1105 1644 1283 1676 percusse-

303 1693 386 1721 runt
413 1685 557 1717 invitos:
586 1684 644 1716 sed
673 1691 822 1726 potestas
845 1684 1073 1716 ecclesiastica
1099 1681 1189 1716 nihil
1214 1683 1283 1725 agit

303 1739 337 1769 vi
355 1735 524 1779 corporali
537 1760 544 1771 ‚
574 1747 644 1767 non
662 1732 765 1767 babet
784 1747 877 1768 arma
897 1742 928 1768 et
946 1735 1148 1770 exercitum.
1189 1733 1284 1767 Haec

305 1788 388 1821 alibi
415 1786 589 1830 copiosius
616 1791 837 1820 enarrantur.

684 1916 820 1968 Caput
854 1916 907 1956 ΙΙ.

546 2015 701 2049 Decrevi
723 2013 827 2061 apud
846 2014 1035 2062 meipsum.

406 2094 550 2129 Initium
585 2093 728 2125 secundi
762 2092 883 2134 capitis
924 2092 1074 2135 pertinet
1104 2092 1146 2125 ad
1183 2092 1286 2125 finem

307 2146 468 2193 proximi.
523 2144 647 2177 Narrat
668 2143 760 2176 enim
785 2143 945 2185 pluribus
964 2143 1097 2183 verbis,
1130 2155 1192 2176 cur
1214 2155 1285 2176 non

306 2197 467 2236 redierit,
505 2194 668 2228 videlicet
703 2205 745 2226 ne
780 2193 851 2225 eius
884 2194 1090 2226 moestitiam
1122 2193 1286 2227 severitas

309 2250 425 2292 aliqua
461 2252 609 2286 augeret.
671 2242 717 2277 Et
755 2243 890 2286 mitigat
924 2244 1204 2286 obiurgationein
1249 2245 1285 2277 in

310 2300 425 2343 priore
446 2296 601 2340 Epistola
628 2296 808 2337 scriptam,
837 2294 984 2326 subinde
1010 2302 1168 2338 repetens
1191 2307 1286 2328 com-

309 2348 596 2382 memorationem
616 2358 696 2377 suae.
716 2356 792 2387 erga
812 2356 874 2377 nos
899 2345 990 2388 ipsos
1010 2346 1285 2387 benevolentiae,

312 2409 344 2433 et
372 2399 520 2430 vicissim
542 2394 806 2428 Corinthiorum
836 2407 913 2437 erga
947 2396 1059 2438 ipsum
1094 2397 1286 2429 observan-

310 2451 403 2483 tiam.
460 2448 518 2481 Ait
538 2459 570 2479 se
588 2447 825 2479 lacrimantem
848 2446 1009 2480 scribere.

412 2498 532 2531 Postea
551 2498 647 2530 addit
672 2508 863 2539 expressam
889 2496 1146 2529 absolutionem
1171 2494 1286 2530 horni-

311 2553 365 2584 nis
391 2556 489 2583 antea
519 2548 674 2579 damnati
702 2554 843 2590 propter
866 2547 1032 2580 incestam
1059 2548 1285 2580 consuetudi-

310 2615 390 2635 npm
413 2612 490 2633 cum
512 2609 678 2636 noverca,
705 2598 762 2640 qui
786 2598 826 2629 ad
852 2598 1101 2640 poenitentiam
1125 2599 1286 2632 redierat.

309 2656 359 2685 Ac
379 2652 530 2696 primum
548 2646 603 2681 hic
621 2648 800 2680 sciendum
822 2654 891 2688 est,
919 2645 985 2681 hoc
1011 2649 1206 2692 exemplum
1230 2648 1285 2681 in-

860 82 985 120 PfflL.
1019 82 1134 120 MEL.
1173 82 1379 120 SCRlPTA
1415 83 1713 122 EXEGETICA.

2205 89 2302 125 1212

1322 176 1373 203 ter
1399 170 1546 204 illustria
1572 170 1770 205 testimonia
1795 171 1954 213 recitari,
1980 185 2068 218 quae
2093 174 2299 207 confirmant

1324 222 1439 264 lapsos
1467 228 1544 264 post
1579 222 1790 266 baptismum
1825 223 1937 255 redii-e
1971 226 2013 256 ad
2051 224 2302 268 poenitentiam

1324 283 1442 316 posse,
1469 279 1502 305 et
1528 273 1711 306 redeuntes
1738 273 1954 316 recipiendos
1978 285 2060 308 esse.

1423 321 1615 366 Coniungit
1633 330 1746 356 autem
1766 334 1863 355 suam
1883 325 2089 357 sententiam
2108 337 2185 358 cum
2208 325 2303 358 illins

1323 371 1499 406 Ecclesiae
1516 385 1614 406 voce:
1643 374 1707 407 Coi
1725 374 1915 416 ignoscitis,
1931 381 1962 407 et
1979 386 2040 416 ego
2061 375 2213 418 ignosco.
2254 375 2304 408 lta

1325 423 1436 457 voluit
1464 423 1625 457 ordinem
1652 424 1862 457 iudiciorum
1890 425 2040 464 servari,
2080 437 2150 458 non
2176 426 2302 458 armari

1324 474 1434 512 ullos,
1467 480 1507 507 ut
1534 476 1610 508 sine
1644 475 1843 517 cognitione
1877 476 2171 517 pronunciarent,
2214 476 2303 510 sicut

1324 535 1426 568 saepe
1452 524 1488 557 fit
1515 536 1533 557 a
1559 523 1731 559 Romanis
1761 525 1993 569 pontificibus,
2046 526 2104 560 Sic
2128 526 2303 568 intelliga-

1327 581 1384 607 tur
1409 582 1441 608 et
1472 576 1651 619 sequentia
1677 576 1800 609 verba:
1845 574 1919 618 Ego
1945 588 2023 608 cum
2050 576 2191 617 ignosco
2218 576 2307 616 aliis,

1327 625 1468 667 ignosco
1487 633 1597 658 vestra
1615 638 1733 663 causa„
1756 626 1789 659 id
1812 633 1882 666 est,
1910 638 1981 659 non
2002 638 2078 659 sum
2094 638 2177 660 usus
2196 638 2306 671 poena

1327 676 1488 718 duriore,
1523 688 1626 721 quam
1653 677 1819 709 mediocri
1848 677 2092 719 castigatione,
2125 689 2213 722 quae
2236 689 2308 710 non

1328 726 1535 759 interficeret
1558 733 1715 767 sontem,
1761 740 1804 759 ne
1832 727 1930 759 vobis
1958 728 2125 760 maiorem
2150 728 2307 760 dolorem

1328 776 1510 816 afferrem,
1537 783 1567 809 et
1592 785 1722 809 vestros
1747 777 1881 810 animos
1900 778 1944 810 al)
1963 776 2156 821 Evangelio
2176 779 2310 812 aliena-

1329 839 1412 860 rem.
1469 824 1512 859 Et
1531 839 1624 860 nunc
1642 828 1784 861 absolvo
1809 841 1886 860 eum
1914 840 2072 871 prorsus,
2101 835 2133 863 et
2151 829 2310 861 consola·

1330 878 1425 910 tione
1444 889 1523 909 vera
1542 876 1628 920 erigi
1646 878 1738 916 volo,
1756 891 1800 911 ne
1817 879 2009 912 diabolicae
2026 878 2172 912 insidiae
2191 880 2226 912 in
2244 877 2310 912 boc

1329 928 1452 961 dolore
1469 940 1547 959 eum
1573 928 1753 969 impell.·nt
1779 929 1814 961 in
1841 930 2117 972 desperationem
2137 938 2168 962 et
2186 930 2220 962 in
2238 930 2310 962 exi-

1329 979 1428 1013 tium.
1482 977 1592 1018 Novi,
1622 978 1755 1023 inquit,
1783 980 2007 1020 cogitationes
2036 977 2211 1020 hostium,
2238 980 2310 1013 scio

1330 1029 1490 1062 diabolos
1515 1023 1675 1061 insidiari
1706 1028 1902 1070 Ecclesiae,
1944 1037 1977 1063 et
2003 1029 2156 1063 intentos
2181 1041 2252 1063 esse
2276 1030 2313 1062 in

1332 1080 1567 1115 occasionem„
1609 1085 1648 1112 ut
1690 1091 1873 1123 oppressos
1916 1081 2110 1118 moestitia,
2154 1087 2312 1122 urgeant.

1332 1129 1402 1163 Nec
1424 1131 1515 1162 addo
1534 1127 1589 1161 hic
1609 1130 1802 1172 longiorem
1822 1129 2093 1166 enarrationem.
2147 1131 2240 1164 Satis
2263 1137 2312 1164 est

1332 1181 1424 1213 enim
1467 1181 1763 1213 commonefacere
1799 1181 1984 1220 lectorem,
2035 1187 2073 1214 ut
2116 1181 2313 1224 exemplum

1331 1232 1492 1264 observet
1511 1232 1553 1263 de
1571 1232 1676 1263 modo
1694 1232 1951 1264 condemnandi
1971 1232 2103 1274 lapsos,
2131 1239 2163 1265 et
2190 1233 2233 1265 de
2258 1243 2313 1264 re-

1332 1282 1503 1324 cipiendis
1532 1281 1710 1314 conversis
1737 1282 1876 1326 longior
1907 1283 2066 1315 doctrina
2095 1283 2138 1316 de
2170 1294 2316 1316 conver·

1332 1333 1430 1365 sione
1459 1332 1543 1365 alibi
1572 1332 1748 1367 recitatur.

1326 1404 1436 1440 Ἀλλὰ
1464 1402 1743 1451 ἀποταξάμενος
1770 1405 1914 1448 αὐτοῖς,
1944 1406 2101 1452 ἐξῆλθον
2131 1408 2180 1446 εἷς
2204 1419 2316 1453 μακε-

1750 1455 1894 1493 devians.

1434 1532 1561 1567 Narrat
1587 1534 1712 1567 itinera
1730 1546 1809 1573 sua,
1835 1546 1872 1566 ac
1894 1534 2036 1577 adparet
2062 1534 2097 1566 in
2123 1531 2176 1566 liis
2195 1545 2316 1566 narra-

1337 1585 1492 1618 tionibus
1516 1595 1617 1628 saepe
1640 1591 1862 1628 pervagatum
1885 1596 1956 1616 esse
1987 1584 2159 1616 minorem
2185 1584 2317 1623 Asiam,

1337 1643 1370 1668 et
1397 1635 1581 1678 aliquoties
1606 1635 1687 1667 inde
1710 1634 1745 1668 in
1770 1634 1949 1677 Europam
1973 1635 2163 1676 navigasse.

1339 1687 1422 1718 bum
1454 1682 1730 1728 ἀποταξάμενος
1762 1685 1950 1726 significat,
1999 1684 2158 1718 indicans
2190 1684 2317 1716 disces-

1339 1748 1414 1769 sum
1441 1737 1540 1774 aliis,
1573 1736 1664 1769 sicut
1682 1735 1797 1769 Lucae
1815 1735 1849 1770 9.
1878 1734 2075 1778 Usurpatur
2097 1743 2126 1768 et
2156 1735 2190 1767 in
2221 1734 2317 1768 Actis

1340 1787 1449 1830 capite
1479 1787 1536 1821 18.
1597 1784 1658 1819 Est
1683 1793 1797 1820 autern
1822 1786 1858 1818 in
1886 1786 1991 1818 verbo
2027 1784 2109 1818 liat-c
2133 1783 2317 1828 emphasis,

1340 1838 1503 1870 ordinare
1519 1838 1610 1880 apud
1629 1837 1733 1877 alios,
1758 1849 1845 1881 quae
1863 1838 1903 1869 ad
1925 1837 2110 1869 discessum
2130 1836 2315 1880 pei-tinent.

1341 1888 1401 1921 Est
1419 1889 1524 1929 igitur
1540 1895 1570 1921 et
1589 1888 1725 1920 forense
1741 1888 1885 1920 verbnm
1902 1883 2161 1925 ἀποτάξασθαι
2175 1888 2219 1931 τῇ
2234 1888 2319 1931 κλη-

1342 1936 1520 1984 ρονομίᾳ,
1550 1939 1671 1971 cedere
1697 1935 1926 1976 haereditate,
1963 1938 2133 1977 indicare,
2163 1937 2316 1981 profiteri

1341 2002 1375 2022 se
1399 1989 1493 2022 nolle
1519 1987 1767 2022 haereditatem
1790 1989 1921 2021 andire.
1975 1988 2016 2022 Et
2034 1987 2188 2033 Cyl-illus
2215 1987 2317 2020 dixit:

1341 2041 1388 2078 εἷς
1401 2042 1493 2074 γοῦν
1512 2037 1563 2084 μὴ
1587 2035 1764 2083 λαβόντες
1779 2037 1846 2083 τὴν
1863 2035 2037 2078 σύνταξιν
2048 2040 2221 2084 χριστοῦ,
2256 2036 2317 2072 καὶ

1339 2088 1407 2135 τὴν
1430 2087 1607 2130 ἀπόῖαξιν
1628 2092 1696 2124 τοῦ
1718 2087 1921 2135 διαβόλου,
1955 2090 2034 2122 Non
2064 2090 2251 2132 cogitantes
2283 2100 2317 2122 se

1340 2142 1478 2174 foedere
1502 2142 1707 2174 coniunctos
1728 2152 1799 2173 esse
1827 2153 1906 2174 cum
1929 2138 2090 2182 Christo,
2126 2147 2158 2173 et
2188 2151 2317 2173 renun-

1340 2193 1446 2225 ciasse
1472 2192 1624 2225 diabolo.

2232 1633 2318 1666 Ver-

1444 2278 1505 2323 Τῷ
1532 2271 1803 2322 θριαμβεύοντι
1825 2272 1922 2320 ἡμᾶς
1938 2273 1976 2309 ἐν
1992 2276 2045 2320 τῷ
2064 2276 2217 2321 χριστῷ.

1437 2345 1520 2388 Agit
1554 2344 1680 2385 gratias
1714 2342 1904 2387 Apostolus
1934 2339 2050 2381 Deo,
2078 2344 2172 2386 quod
2206 2355 2318 2388 quan-

1340 2409 1442 2441 quam
1483 2396 1589 2437 magis
1625 2394 1801 2427 aerumnis
1835 2401 1867 2426 et
1900 2393 2149 2427 certaminibus
2192 2393 2318 2436 passim

1340 2453 1556 2483 exerceatur,
1601 2453 1716 2478 tamen
1741 2452 1915 2483 servetur,
1960 2450 1990 2476 et
2018 2440 2141 2476 babeat
2167 2444 2316 2477 docendi

1341 2499 1474 2538 locum,
1520 2503 1552 2528 et
1576 2496 1716 2538 colligat
1737 2495 1890 2539 aliquem
1914 2501 2070 2533 coetum,
2112 2494 2200 2527 sicot
2224 2506 2318 2527 nunc

1340 2549 1468 2581 mirum
1500 2554 1567 2586 est,
1607 2547 1694 2579 adeo
1729 2544 1993 2578 adversantibus
2029 2544 2252 2587 pontificibus
2285 2551 2318 2577 et

1341 2599 1499 2642 regibus,
1545 2605 1660 2631 tamen
1696 2595 1810 2629 Deum
1853 2595 1980 2628 alicubi
2016 2602 2050 2628 et
2084 2595 2317 2628 ministerium

1340 2647 1524 2692 Evangelii
1551 2655 1580 2681 et
1601 2645 1773 2680 Ecclesias
1797 2657 1943 2679 servare.
1995 2644 2063 2678 Pro
2088 2658 2128 2678 eo
2153 2646 2319 2679 beneficio
