2415 2942
106 109 181 147 193
498 108 583 147 XII.

104 191 280 230 luendam'
305 193 428 239 generi
457 191 635 236 humano,
675 200 716 228 ut
737 194 887 228 salvaret
910 195 1103 231 credentes,

107 247 187 281 Hoc
212 258 380 280 arcanum
405 246 595 280 consilium
621 244 687 279 Dei
711 245 760 279 ait
784 256 819 278 se
843 246 1101 289 patefacturum

107 310 203 340 esse,
229 299 288 331 sed
307 304 381 331 tum
400 297 574 341 primum,
601 309 681 330 cum
699 296 805 329 fuerit
824 296 1006 336 exaltatus,
1034 294 1102 330 hoc

107 356 177 389 est,
219 349 332 382 factus
361 348 505 382 victima
534 355 567 383 et
594 347 837 386 maledictum,
870 347 1030 390 pendens
1062 347 1099 379 in

106 412 227 442 cruce,
255 407 289 433 et
312 399 360 433 ita
385 399 527 433 demum
551 399 647 440 fore,
688 404 727 431 ut
751 397 966 438 innotescat,
1008 409 1100 441 quo-

104 451 212 485 modo
237 451 336 484 Deus
368 450 453 483 velit
487 449 646 493 agnosci,
687 448 850 482 videlicet
878 460 957 481 cum
983 449 1098 492 palam

105 502 245 536 sonabit
266 513 332 535 vox
356 499 560 544 Evangelii,
594 499 689 544 quod
713 511 787 532 non
810 506 956 543 propter
987 499 1097 541 legem

106 560 166 587 aut
185 553 299 587 cultus
315 551 490 592 levificoe,
518 551 577 583 sed
593 556 739 594 propter
757 547 853 584 hunc
870 550 984 583 filium
1002 549 1097 584 Deus

106 603 190 638 velit
208 604 364 647 recipere
381 608 415 635 et
432 602 566 635 salvare
585 602 776 636 credentes·

205 680 300 714 Haec
314 691 449 714 summa
469 685 519 713 est
531 677 637 713 huius
652 678 756 714 dicti:
786 676 990 712 Offensioni
1002 675 1096 712 Pha-

103 733 296 766 risaeorum
315 733 359 765 de
375 741 523 776 persona
542 728 677 764 Christi
702 737 734 764 et
755 741 882 773 genere
901 729 1096 772 doctrinae,

102 784 198 829 quod
230 783 386 816 iudicant
416 782 533 826 palam
574 781 785 819 absurdum,
846 781 997 825 opponit
1028 779 1095 814 hoc

102 835 238 879 ipsum,
265 834 359 879 quod
378 831 473 866 Deus
492 844 566 865 non
584 833 687 866 aliter
702 833 789 865 velit
805 832 959 875 agnosci,
988 844 1093 877 quam

102 886 167 923 sub
187 882 251 917 hac
272 885 345 928 ipsa
362 885 475 917 forma
497 884 626 925 crucis,
662 884 755 928 quod
784 883 878 916 filius
894 882 961 916 Dei
989 883 1093 915 susti-

100 947 189 969 nens
206 936 294 968 iram
312 934 379 968 Dei
403 942 435 968 et
459 941 627 976 mortem,
663 941 807 979 propter
829 941 1010 979 peccatum
1031 946 1093 976 ge—

101 987 196 1020 neris
219 984 388 1027 humani,
416 993 449 1019 et
472 997 594 1019 rursus
619 985 844 1019 resuscitatus
870 992 1008 1029 sparget
1029 983 1093 1018 hoc

99 1038 265 1078 verbum,
303 1037 400 1082 quod
429 1044 573 1081 propter
605 1034 700 1070 hunc
731 1036 844 1069 filium
876 1036 1093 1076 crucifixum,

98 1089 192 1123 Deus
210 1099 291 1121 vere
304 1088 449 1132 recipiat
467 1088 662 1121 credentes.
697 1085 753 1120 Ad
772 1084 862 1120 hanc
881 1087 1090 1120 sententiam

100 1139 261 1184 congruit
290 1139 423 1172 dictum
451 1137 553 1172 Pauli
576 1139 618 1171 de
642 1138 792 1171 efficacia
814 1135 1019 1181 Evangelii,
1061 1138 1092 1172 1.

83 1186 180 1225 'C0r.
208 1191 240 1223 1.
269 1202 348 1223 cum
381 1190 443 1222 ait:
495 1188 589 1231 Quia
613 1201 677 1233 per
700 1189 908 1233 sapientiam
937 1189 1092 1221 mundus

99 1253 173 1275 non
190 1240 355 1283 cognovit
370 1238 485 1273 Deum
503 1240 540 1272 in
563 1240 753 1283 sapientia,
782 1239 914 1283 placuit
929 1237 1005 1272 Deo
1030 1251 1092 1282 per

100 1291 285 1326 stultitiam
305 1290 576 1334 praedicationis
596 1291 730 1323 salvare
748 1291 940 1324 credentes.
979 1290 1090 1323 Docet

98 1341 292 1385 Evangelio
314 1341 482 1385 praeferri
502 1341 723 1374 immutabile
749 1342 928 1374 decretum
954 1340 1088 1374 aeterni

96 1393 223 1437 patris,
253 1393 346 1437 quod
361 1391 447 1424 velit
471 1391 605 1424 salvare
630 1403 738 1435 genus
767 1389 982 1431 humanum,
1016 1403 1089 1423 non

95 1444 157 1477 illo
176 1444 301 1483 modo,
329 1454 399 1487 quo
417 1441 547 1475 iudicat
564 1442 733 1485 sapientia
758 1442 925 1485 rationis,
960 1442 1089 1474 videli-

97 1501 150 1529 cet
166 1494 303 1527 iusticia
320 1493 422 1536 legis,
448 1499 507 1526 aut
525 1493 716 1527 efficiendis
734 1493 835 1526 novis
853 1500 887 1526 et
905 1493 1085 1537 prodigio—

98 1546 144 1580 sis
159 1545 258 1579 factis
275 1555 335 1577 seu
355 1544 546 1577 virtutibus
564 1544 601 1576 in
624 1545 804 1590 aliquibus
827 1544 1088 1588 praestantibus

96 1596 200 1635 viris,
223 1595 283 1640 qui
303 1595 487 1639 praecipue
500 1595 674 1629 excellunt
702 1596 794 1628 inter
820 1593 1000 1635 homines,
1027 1596 1086 1628 sed

96 1648 164 1680 fide
182 1644 287 1679 huius
303 1646 401 1678 verbi
423 1646 571 1679 salvatos
590 1658 661 1679 esse
685 1658 826 1685 omnes,
856 1647 916 1691 qui
938 1649 1086 1679 credunt

97 1695 310 1738 Evangelio,
338 1697 433 1740 quod
450 1697 529 1729 ideo
553 1697 691 1730 ridetur
707 1709 725 1730 a
742 1697 958 1739 sapientibus
973 1724 980 1737 ,
1005 1698 1086 1742 quia

101 1749 202 1780 docet
231 1745 315 1778 haec
349 1747 499 1779 absurda
529 1748 658 1780 rationi
692 1754 724 1780 et
755 1748 886 1780 iudicio
919 1745 1087 1787 humano,

98 1798 210 1831 filiurn
235 1795 301 1829 Dei
324 1797 453 1829 sactum
478 1808 551 1829 esse
575 1797 772 1835 victimam,
808 1809 867 1830 seu
895 1798 1086 1841 piaculum,

98 1860 159 1882 sen
190 1847 433 1887 maledictum,
476 1854 510 1880 et
533 1845 697 1880 homines
724 1848 833 1881 iustos
858 1849 1087 1891 pronunciari

98 1911 117 1932 a
140 1898 236 1938 Deo,
270 1910 342 1930 non
371 1904 514 1941 propter
538 1899 695 1931 studium
721 1899 902 1932 faciendae
926 1899 1030 1941 legis,
1056 1907 1088 1932 et

96 1949 322 1994 quantumvis
341 1948 547 1981 excellentes
570 1949 735 1989 virtuteS,
763 1951 821 1982 sed
841 1957 983 1997 propter
1001 1952 1087 1984 obe-

94 2000 262 2033 dientiam
282 1999 346 2031 filii
368 1999 453 2039 Dei,
479 2000 539 2044 qui
564 2000 731 2033 sustinuit
749 2001 837 2033 iram
854 2000 918 2033 Dei
937 2008 970 2034 et
990 2013 1086 2034 mor-

92 2059 181 2092 tem,
210 2050 236 2083 si
255 2057 373 2084 tamen
389 2051 532 2084 credant
550 2051 616 2084 sibi
640 2058 784 2095 propter
801 2049 896 2085 hunc
914 2052 1059 2095 ignosci.

196 2126 291 2160 Haec
307 2126 467 2159 doctrina
485 2139 558 2160 non
575 2134 688 2170 potest
706 2139 783 2160 non
802 2128 915 2161 videri
932 2129 1084 2162 absurda

92 2179 332 2221 sapientibus,
366 2178 427 2222 qui
453 2178 571 2222 aliquo
596 2179 701 2212 modo
732 2179 936 2222 intelligunt
962 2180 1085 2223 legem,

93 2237 128 2264 et
153 2236 244 2263 recte
274 2229 432 2262 iudicant
463 2227 554 2261 nihil
586 2241 658 2262 esse
683 2230 838 2273 pulcrius
861 2231 897 2263 in
924 2228 988 2263 hac
1013 2238 1082 2264 tota

90 2288 215 2315 natura
234 2292 350 2312 rerum
363 2306 372 2320 ,
399 2292 503 2324 quam
522 2280 676 2313 studium
696 2281 847 2324 virtutis,
876 2288 907 2314 et
925 2283 1078 2324 diligen-

91 2333 175 2366 tiam
193 2331 372 2364 faciendae
388 2331 484 2373 legis.
537 2330 606 2364 Sed
630 2331 678 2375 pii
703 2334 845 2365 credant
872 2334 979 2366 verbo
997 2332 1077 2375 Dei,

94 2384 187 2428 quod
215 2383 331 2425 arguit
355 2381 620 2415 immunditiem
644 2383 779 2423 cordis,
815 2385 967 2417 ostendit
993 2385 1080 2417 iram

93 2434 159 2468 Dei
175 2435 339 2466 adversus
356 2440 534 2476 peccatum
554 2433 661 2467 totius
685 2434 822 2476 generis
840 2432 1006 2474 humaui,
1043 2448 1080 2468 ac

93 2485 222 2518 iudicat
239 2496 462 2529 nequaquam
488 2485 646 2517 satisfieri
669 2484 736 2528 legi
759 2485 818 2517 illa
844 2486 1081 2531 qualicunque

93 2535 291 2578 diligentia,
314 2548 418 2580 quam
437 2542 588 2579 praestat
605 2536 716 2576 ratio,
745 2542 777 2569 et
801 2537 931 2575 sciant,
959 2550 1078 2570 revera

93 2598 165 2619 esse
182 2592 377 2626 aeternum,
404 2593 436 2620 et
453 2587 673 2620 immutabile
691 2588 869 2621 decretum
888 2588 1080 2632 sapientiae

92 2635 178 2677 Dei,
206 2649 293 2681 qnae
312 2637 479 2672 indicavit
492 2665 499 2679 ‚
534 2645 696 2683 oportere
721 2639 831 2672 filium
849 2637 916 2672 Dei
935 2640 1025 2674 mitti
1042 2640 1079 2673 in

94 2699 252 2726 carnem,
280 2693 311 2720 et
328 2688 364 2720 in
381 2701 482 2723 cruce
497 2689 571 2722 fieri
590 2689 790 2732 victimam,
816 2702 905 2736 quae
927 2691 1080 2735 placeret

149 2741 331 2774 MELANTH.
360 2741 463 2776 Orza.
502 2742 586 2774 Von.
611 2743 688 2775 XV.

635 104 935 145 ENARRATIO
963 105 1015 144 IN
1041 105 1226 145 EVANG.
1254 104 1472 145 IOANNIS.

1523 109 1628 149 CAP.
1657 113 1759 154 VIII.
2082 122 2154 160 194

1155 201 1188 228 et
1215 195 1354 229 tolleret
1377 203 1555 231 aeternam
1588 199 1699 242 iram,
1740 209 1773 236 et
1798 211 1943 250 propter
1967 219 2071 253 quam
2094 222 2150 244 re-

1155 246 1245 291 cepti
1263 259 1280 279 a
1297 245 1372 280 Deo
1390 248 1605 284 donaremur
1624 252 1762 287 iusticia
1780 262 1811 289 et
1832 257 1902 290 vita
1921 265 2072 297 aeterna.

1256 296 1319 330 Est
1345 305 1462 332 autem
1486 297 1554 334 hoc
1585 302 1663 336 loco
1696 305 1957 344 observandum
1990 311 2148 347 testimo-

1153 346 1254 379 nium
1280 348 1323 380 de
1347 360 1498 392 persona
1523 349 1675 394 Christi,
1719 363 1899 404 utrunque
1922 361 2016 394 enim
2044 363 2145 398 dicit:

1153 396 1228 438 Ait,
1253 408 1289 430 se
1307 409 1379 431 esse
1395 399 1507 433 filium
1525 399 1699 446 hominis,
1728 404 1795 441 hoc
1818 416 1886 452 est,
1913 423 1993 446 vere
2010 410 2146 448 haben-

1152 453 1221 480 tem
1236 455 1399 482 naturam
1418 447 1630 494 humanam,
1658 462 1690 489 et
1716 459 1858 501 quidem
1886 462 2099 498 destinatum
2123 478 2144 500 a

1150 496 1246 539 Deo,
1274 505 1311 532 nt
1335 500 1393 534 fiat
1417 501 1577 544 victima,
1605 502 1671 538 hoc
1699 515 1765 546 est,
1798 511 1968 547 sustineat
1992 522 2145 550 mortem

1150 557 1183 582 et
1199 550 1287 582 iram
1299 548 1363 582 Dei
1383 559 1527 596 propter
1544 563 1722 597 peccatum
1740 555 1886 594 humani
1903 566 2053 607 generis,
2082 568 2144 601 sed

1150 601 1248 634 addit
1267 602 1310 634 de
1328 602 1449 635 divina
1475 611 1599 638 natura
1617 613 1650 640 et
1670 610 1844 650 potentia:
1883 612 1985 647 Tunc
2010 628 2143 651 coono-

1149 652 1250 685 scetis
1267 654 1361 696 quod
1379 665 1441 696 ego
1460 665 1536 687 sum
1550 682 1557 696 ,
1585 657 1690 700 plane
1708 667 1745 692 nt
1762 672 1866 705 supra
1884 664 1988 699 dixit:
2015 644 2143 702 Sionon

1149 703 1371 737 credideritis
1388 706 1482 749 quod
1504 718 1565 749 ego
1582 719 1679 750 sum,
1709 712 1912 746 moriemini
1937 715 1974 748 in
1992 720 2142 760 peccatis

1149 755 1283 787 vestris.
1338 754 1426 788 Nam
1445 753 1500 789 his
1517 759 1633 791 verbis
1652 772 1724 793 non
1751 769 1890 797 tantum
1917 763 1984 800 hoc
2006 768 2141 811 signifi-

1149 811 1220 845 cat,
1248 817 1283 838 se
1300 817 1372 839 esse
1389 814 1552 841 vocatum
1571 817 1629 843 aut
1647 812 1790 846 missum
1812 827 1830 847 a
1847 815 1941 857 Deo,
1969 818 2057 853 sicut
2078 821 2141 854 alii

1148 853 1347 900 Prophetae
1366 864 1399 891 et
1419 858 1597 901 doctores,
1624 861 1755 902 Moses,
1782 864 1959 909 Baptista,
1986 870 2141 906 sedvuIt

1148 907 1300 940 discerni
1324 920 1510 952 personam
1528 911 1572 944 ab
1597 914 1764 947 omnibus
1790 917 1868 950 aliis
1892 920 2141 962 gubernatori-

1147 959 1212 991 bus
1249 965 1283 991 et
1306 959 1498 999 ministris,
1543 963 1620 996 vult
1650 976 1684 997 se
1718 969 1879 1008 agnosci,
1930 982 2003 1004 esse
2036 973 2139 1007 illum

1148 1009 1261 1053 ipsum
1281 1010 1466 1043 dominum
1480 1039 1488 1052 ,
1514 1014 1573 1057 qui
1591 1015 1636 1047 ab
1654 1022 1797 1050 aeterno
1816 1020 1980 1061 extiterit,
2007 1030 2039 1057 et
2057 1024 2140 1058 inde

1146 1071 1256 1105 usque
1273 1062 1317 1093 ab
1344 1062 1448 1095 initio
1473 1074 1545 1096 sese
1570 1066 1791 1108 patefecerit,
1824 1071 1919 1104 edito
1944 1074 2052 1107 verbo
2076 1087 2139 1109 seu

1146 1112 1461 1155 promissionibuS,
1489 1114 1549 1158 qui
1567 1127 1704 1160 semper
1721 1119 1863 1154 affuerit
1883 1119 2078 1166 Ecclesiae,
2106 1133 2140 1160 et

1146 1163 1296 1195 ediderit
1314 1163 1474 1196 miranda
1493 1177 1598 1208 opera
1617 1175 1649 1201 et
1667 1168 1914 1213 liberationes,
1941 1180 1973 1207 et
2001 1186 2140 1220 semper

1145 1220 1327 1246 conservet
1364 1212 1577 1254 Ecclesiam,
1635 1219 1725 1252 sicut
1766 1219 1887 1256 Ioann.
1923 1225 1955 1259 1.
1997 1227 2139 1270 dicitur,

1145 1262 1278 1296 Omnia
1298 1276 1359 1307 per
1384 1265 1498 1308 ipsum
1525 1267 1613 1301 facta
1641 1281 1724 1305 esse.
1779 1271 1885 1314 Item,
1919 1281 1957 1308 ut
1974 1274 2138 1321 Baptista

1144 1315 1212 1348 ait:
1243 1314 1315 1356 Qui
1334 1316 1432 1359 prior
1451 1329 1504 1348 me
1522 1317 1609 1356 suit,
1637 1327 1670 1353 et
1688 1328 1768 1355 ante
1786 1336 1840 1355 me
1855 1325 1966 1358 sactus
1983 1335 2043 1367 est,
2071 1327 2138 1363 hoc

1144 1372 1212 1406 est,
1240 1366 1267 1397 is
1290 1373 1434 1410 propter
1455 1379 1558 1411 quem
1576 1368 1671 1403 Deus
1697 1373 1741 1404 ab
1768 1373 1870 1408 initio
1896 1377 2000 1420 elegit
2015 1378 2139 1413 Eccle-

1143 1416 1251 1457 siam,
1279 1423 1312 1449 et
1329 1429 1403 1449 eam
1422 1419 1498 1452 vult
1522 1420 1674 1463 salvare,
1703 1430 1733 1456 et
1753 1426 1812 1469 qui
1840 1439 1911 1460 non
1936 1436 2071 1463 tantum
2089 1439 2140 1466 est

1143 1468 1266 1500 doctor
1283 1474 1315 1501 et
1331 1469 1494 1502 minister
1517 1477 1556 1504 ut
1579 1475 1724 1514 caeteri,
1757 1478 1816 1508 scd
1842 1478 1917 1522 ipse
1942 1487 1992 1513 est
2019 1482 2138 1515 dorni-

1143 1530 1210 1551 nus
1236 1525 1269 1552 ct
1295 1520 1460 1553 conditor
1485 1527 1516 1554 et
1541 1531 1698 1557 servator
1719 1525 1913 1570 Ecclesiae,
1954 1531 2027 1576 ipse
2063 1534 2137 1569 edit

1142 1570 1333 1609 miracula,
1372 1572 1429 1603 dat
1448 1571 1621 1615 Spiritum
1645 1584 1805 1610 sanctum
1834 1588 1867 1614 et
1890 1581 1998 1615 vitam
2024 1591 2138 1618 aeter-

1142 1633 1235 1654 nam.
1292 1620 1387 1653 Haec
1412 1623 1530 1655 omnia
1554 1625 1798 1667 significantur
1821 1627 1888 1664 hoc
1913 1633 2026 1674 dicto,
2056 1648 2138 1669 cum

1142 1672 1276 1716 inquit:
1302 1671 1529 1714 Cognoscetis
1547 1678 1641 1719 quod
1659 1690 1720 1720 ego
1739 1679 1823 1720 sim,
1851 1682 1943 1715 clarc
1960 1684 2040 1719 facit
2063 1687 2137 1720 dis-

1142 1723 1296 1760 crimen,
1341 1724 1453 1756 multo
1486 1725 1588 1759 aliter
1612 1729 1687 1761 vult
1720 1732 1861 1771 agnosci
1893 1745 1984 1776 sese,
2029 1749 2136 1781 quam

1142 1773 1267 1806 Mosen
1287 1781 1345 1807 aut
1365 1773 1560 1818 Prophetas
1574 1805 1582 1816 ,
1610 1779 1669 1822 qui
1695 1782 1836 1825 quidem
1857 1792 1955 1818 erant
1980 1787 2137 1822 ministri

1143 1825 1237 1856 missi
1263 1837 1279 1856 a
1302 1823 1396 1866 Deo,
1433 1833 1465 1860 et
1493 1824 1669 1863 habebant
1701 1833 1898 1868 testimonia
1927 1839 2134 1876 vocationis,

1141 1874 1209 1907 Sed
1228 1873 1284 1907 hic
1301 1874 1448 1909 Messias
1467 1881 1620 1921 postulat
1640 1883 1753 1923 credi,
1787 1887 1880 1928 qnod
1905 1887 1978 1931 ipse
1999 1890 2042 1923 sit
2066 1892 2134 1924 do-

1142 1925 1277 1966 minus,
1304 1934 1447 1970 propter
1464 1941 1567 1973 quem
1589 1930 1685 1965 Deus
1712 1935 1854 1978 recipiat
1880 1944 1910 1970 et
1928 1947 2042 1973 servet
2062 1939 2132 1974 Ec-

1140 1976 1299 2015 clesiam,
1328 1989 1400 2010 non
1424 1986 1568 2023 propter
1586 1982 1715 2025 legem,
1744 1993 1801 2019 aut
1829 1989 1951 2022 merita
1975 1991 2133 2026 ullorum

1141 2025 1346 2066 hominum,
1391 2030 1472 2073 quia
1497 2040 1640 2076 propter
1662 2032 1757 2068 hunc
1781 2038 1894 2071 solum
1923 2041 2021 2074 datae
2048 2051 2132 2078 sunt

1141 2080 1408 2121 promissiones,
1450 2088 1481 2114 et
1510 2080 1565 2115 liic
1590 2085 1684 2118 solus
1711 2094 1760 2120 est
1791 2091 2023 2133 propiciator,
2068 2094 2130 2139 qui

1138 2130 1255 2163 abolet
1269 2138 1448 2174 peccatum
1467 2139 1498 2165 et
1515 2141 1663 2168 mortem
1676 2163 1684 2178 ,
1721 2145 1753 2172 et
1773 2141 1923 2175 restituit
1940 2143 2048 2176 vitam
2072 2156 2130 2179 ae-

1137 2187 1282 2215 ternam.

1241 2231 1325 2265 Ideo
1343 2233 1443 2267 addit
1460 2237 1666 2269 metuendas
1687 2240 1812 2274 minas:
1840 2241 1916 2276 Nisi
1933 2246 2127 2281 credideri-

1136 2282 1196 2322 tis,
1225 2285 1318 2327 quod
1339 2296 1400 2327 ego
1418 2296 1510 2324 sum,
1538 2288 1737 2322 moriemini
1762 2292 1797 2323 in
1821 2296 1968 2335 peccatis
1990 2299 2127 2334 vestris.

1138 2333 1222 2366 Vult
1242 2347 1305 2367 nos
1323 2335 1430 2376 scire,
1468 2344 1611 2380 propter
1639 2340 1752 2382 ipsum
1777 2344 1903 2378 salvari
1927 2354 1959 2380 et
1982 2360 2124 2383 conser-

1136 2385 1208 2416 vari
1231 2383 1443 2425 Ecclesiam,
1471 2395 1502 2420 et
1528 2390 1697 2431 praedicit
1716 2391 1871 2436 ludaeis,
1900 2394 1990 2431 hanc
2015 2406 2124 2435 totam

1134 2436 1294 2483 politiam
1323 2436 1535 2478 Mosaicam,
1586 2445 1812 2483 quantumvis
1843 2447 2048 2491 florentem,
2091 2458 2126 2485 et

1134 2487 1276 2531 quidem
1307 2488 1479 2521 divinitus
1505 2490 1750 2534 constitutam,
1793 2496 1872 2531 ideo
1897 2499 2120 2535 interituram

1134 2549 1226 2578 esse,
1262 2539 1343 2583 quia
1370 2552 1441 2571 non
1470 2549 1661 2585 agnoscant
1689 2551 1721 2577 et
1747 2547 1917 2591 recipiant
1941 2548 2035 2584 hunc
2059 2553 2124 2586 do-

1133 2589 1288 2629 minum,
1315 2589 1466 2634 ideoque
1490 2590 1661 2633 significat
1685 2606 1720 2628 se
1746 2609 1818 2631 non
1845 2601 1989 2634 missum
2015 2614 2123 2637 essea

1132 2638 1228 2680 Deo,
1254 2647 1294 2673 ut
1318 2641 1506 2674 constituat
1531 2643 1710 2684 politicam
1733 2659 1795 2682 seu
1820 2653 2035 2685 mundanam
2058 2655 2123 2687 do-

1132 2690 1384 2733 minationem,
1410 2693 1468 2724 sed
1497 2692 1620 2727 afferre
1647 2693 1719 2742 hoel
1737 2702 1942 2736 mandatum
1966 2704 2124 2747 coeleste,

1451 2743 1497 2776 13
