2415 2942
63 105 162 144 1377
266 104 366 140 XIII.

61 193 172 228 multa
188 191 424 226 animadverti
446 197 614 240 possunt,
643 197 681 225 ut
705 189 906 230 mendacia,
937 197 1056 223 osten-

61 245 166 285 tatio,
200 243 426 284 obtrectatio,
462 242 716 276 familiaritates
748 241 943 281 malorum,
982 252 1056 274 non

62 295 198 328 solvere
215 295 350 335 debita,
379 305 489 338 genus
511 293 619 326 studii
647 300 680 327 et
706 293 889 335 laborum,
918 289 1056 325 hellua-

63 347 188 379 tiones„
244 344 294 378 De
315 346 444 378 talibus
468 344 609 377 indiciis
627 341 793 377 humanis
818 341 874 376 hic
897 343 1077 388 quuitur·

62 396 214 436 Paulus,
242 403 276 430 et
295 397 369 430 vult
388 408 453 430 nos
470 395 657 437 vigilantes
683 401 714 428 et
739 394 895 428 intentos
919 405 991 427 esse
1018 394 1057 426 iu

61 448 263 480 diiucandis
280 448 441 482 sensibus
459 453 491 480 et
512 446 648 480 naturis
666 457 806 486 eorum,
842 457 930 491 qnos
954 445 1057 479 nobis

61 498 300 542 adiungimuS.

440 622 578 675 Caput
608 621 651 662 V
653 621 685 663 Ι.

167 713 208 747 In
232 719 327 746 sexto
355 712 465 756 capite
489 711 590 744 initio
616 710 724 743 servis
751 716 971 754 praeceptum
990 711 1059 751 dat,

63 765 124 799 ubi
142 765 368 798 meminerint
386 764 544 797 iuniores
557 773 780 794 communem
801 761 956 803 regulam
974 773 1058 794 con-

63 816 213 856 firmari,
246 828 334 861 quae
358 826 467 859 saepe.-
495 813 682 856 repetitur,
722 811 953 854 Evangelium
985 823 1057 844 non

63 867 180 901 abolet
198 866 421 900 oeconomias
440 871 472 897 et
488 864 649 908 politias,
677 864 735 895 sed
757 863 989 896 concionatur
1015 863 1058 895 de

65 918 142 951 aliis
160 918 276 958 rebus,
302 917 463 950 videlicet
482 916 524 948 de
541 914 691 948 aeternis
710 914 832 954 honis,
858 915 901 946 de
918 921 1057 947 aeterua

66 969 203 1002 iusticia
221 976 254 1002 et
273 968 342 1002 vita
355 993 365 1008 ‚
395 979 500 1012 quam
518 965 613 999 Deus
631 965 736 998 efficit
756 965 792 997 in
809 965 974 998 cordibus
992 963 1058 998 ho-

64 1020 215 1062 minum,
244 1030 332 1064 quos
351 1025 469 1051 tamen
486 1018 561 1050 vult
579 1017 616 1049 in
635 1014 700 1049 hac
716 1017 785 1050 vita
815 1016 956 1049 mortali
975 1017 1058 1049 sub-

65 1071 171 1104 iectos
191 1081 262 1103 esse
284 1067 366 1103 huic
390 1068 527 1108 ordini,
555 1068 614 1113 qui
640 1067 734 1100 quta
756 1068 973 1101 voluntatem
993 1066 1057 1100 Dei

64 1122 231 1155 convenit
255 1121 346 1154 vitae
369 1119 554 1163 corporali.
610 1118 694 1151 Vult
719 1130 783 1151 nos
807 1119 885 1151 cibo
913 1125 945 1151 et
972 1126 1059 1166 potu

64 1172 271 1210 sustentari,
299 1172 375 1206 vult
396 1183 468 1204 esse
486 1170 638 1213 legitima
657 1169 840 1212 coniugia,
871 1175 904 1202 et
928 1181 1059 1213 propa-

62 1223 261 1266 gationem,
306 1223 381 1255 vult
417 1234 488 1255 esse
519 1221 815 1254 consociationem
841 1220 1057 1253 ordinariam

61 1274 198 1318 generis
217 1272 385 1314 humani,
414 1272 677 1306 distinctionem
705 1272 969 1312 dominiorum,
999 1272 1058 1304 de-

62 1325 260 1358 fensionem
285 1337 347 1368 per
373 1324 540 1368 imperia,
577 1330 797 1361 contractus,
827 1323 934 1365 leges,
964 1323 1059 1355 iudi-

62 1376 135 1417 cia,
162 1387 302 1421 poenas.
364 1374 413 1409 Ita
440 1373 497 1408 hic
514 1374 675 1407 videmus
697 1374 887 1417 approbari
909 1374 1060 1407 servitu-

63 1434 154 1468 tem,
179 1427 293 1472 qualis
311 1434 395 1460 tune
413 1427 451 1459 in
477 1426 613 1468 legibus
641 1425 813 1468 descripta
841 1424 918 1459 suit.
972 1423 1056 1457 Pro-

61 1479 137 1511 dest
157 1484 271 1511 autem
289 1484 322 1511 et
339 1476 563 1511 conscientiis
576 1503 584 1516 ‚
612 1482 644 1509 et
660 1476 703 1507 ad
725 1487 843 1519 pacem
862 1475 1059 1519 intelligere

63 1527 154 1563 hanc
171 1529 369 1563 doctrinam
389 1527 644 1573 approbatione
663 1526 800 1560 ordinis
820 1527 967 1571 politici.

332 1619 376 1654 Si
392 1620 475 1668 quis
492 1619 603 1653 aliter
618 1618 715 1653 docel
733 1624 794 1655 etc.

166 1697 399 1742 Praeceptum
427 1698 469 1730 de
496 1697 726 1730 custodienda
750 1695 904 1740 puritate
930 1694 1063 1728 doctri-

67 1762 133 1784 nae
152 1750 354 1794 saepissime
382 1748 569 1793 repetitum
597 1755 648 1781 est
673 1748 710 1780 in
734 1747 901 1780 omnibus
924 1747 1063 1790 scriptis

65 1798 326 1846 Prophetarum
345 1807 375 1833 et
397 1799 671 1844 Apostolorum,
694 1799 789 1832 iuxta
808 1798 896 1831 illud
918 1796 997 1830 Gal.
1016 1800 1062 1833 1.:

67 1852 105 1887 Si
124 1852 203 1898 quis
219 1853 315 1886 aliud
334 1850 567 1893 Evangelium
585 1851 685 1883 docet
710 1856 772 1884 etc.
828 1848 865 1881 ld
894 1846 949 1881 hic
975 1861 1063 1894 quo-

68 1915 136 1949 que
161 1905 266 1947 longa
291 1902 626 1936 commemoratione
652 1901 840 1945 repetitum
867 1908 937 1938 est,
974 1912 1063 1945 quae

68 1961 190 1988 monet
217 1962 248 1988 et
272 1954 393 2000 quales
432 1954 501 1986 sint
533 1953 594 1998 qui
632 1952 813 1986 doctrinae
848 1952 1064 1996 corruptelas

68 2012 257 2050 spargunt,
285 2013 317 2039 et
332 2005 452 2050 quales
468 2004 538 2038 sint
555 2004 738 2042 materiae,
766 2009 798 2036 et
824 2010 953 2047 quanta
972 2003 1063 2035 mala

71 2069 110 2089 ex
127 2057 315 2090 inutilibus
332 2056 598 2101 quaestionibus
616 2055 789 2089 oriantur.

175 2115 300 2149 Postea
348 2115 455 2149 insert
498 2115 632 2149 dictum
652 2127 659 2148 :
714 2109 854 2146 Putant
896 2111 1065 2159 pietatem

71 2170 261 2214 quaestum
278 2177 369 2207 esse,
403 2167 438 2199 id
463 2173 532 2206 est,
568 2171 694 2210 putant
721 2165 921 2198 doctrinam
947 2171 980 2197 et
1002 2176 1067 2196 no-

71 2230 153 2252 men
171 2217 351 2261 religionis
371 2229 441 2251 esse
462 2218 651 2261 aucupium
677 2223 858 2261 quaestus,
887 2222 917 2247 et
936 2216 980 2248 ita
1000 2215 1067 2247 cir-

72 2270 292 2312 cumferunt,
320 2275 359 2302 ut
382 2275 546 2313 quaestus
564 2279 665 2301 causa
685 2273 866 2300 exerceant
885 2266 993 2311 aliqui
1011 2278 1067 2298 ar—

73 2328 123 2354 tes
142 2332 286 2365 prorsus
305 2320 467 2361 inutiles,
496 2319 777 2362 circulatoriam,
805 2318 1067 2351 funambulato—

73 2372 161 2404 riam
175 2398 184 2412 ‚
207 2378 239 2404 et
257 2371 399 2406 similia.

179 2430 301 2464 Utitur
316 2437 431 2464 autem
451 2429 559 2462 verbo
579 2425 812 2475 τετύφωται,
842 2428 935 2472 quod
962 2427 1068 2470 signi-

75 2482 173 2522 fleat,
207 2481 376 2514 attonitus
404 2489 471 2522 est,
510 2492 570 2513 seu
592 2480 742 2513 fulmine
766 2479 997 2523 stupefactuS,
1034 2486 1069 2512 ut

74 2532 247 2566 iudicium
265 2538 298 2565 et
315 2533 469 2565 delectus
485 2532 634 2564 amissus
657 2531 711 2565 sit.
765 2527 1019 2564 Demosthenes
1039 2537 1071 2563 et

75 2584 137 2617 alii
154 2581 221 2616 boc
239 2583 346 2615 verbo
365 2583 419 2616 usi
439 2590 538 2619 sunt,
563 2594 626 2626 pro
645 2593 764 2615 amens
780 2593 868 2615 sum.
898 2579 959 2614 Est
977 2581 1069 2613 enim

78 2646 97 2668 a
118 2631 273 2680 τυφών,
309 2635 403 2678 quod
433 2634 605 2677 significat
635 2633 831 2673 turbinem,
861 2638 892 2665 et
920 2638 1072 2665 vetustas

78 2697 142 2729 pro
161 2684 272 2729 specie
290 2685 480 2718 fulminum
502 2684 696 2728 usurpavit.

139 2737 319 2770 Mnan'rn.
349 2737 451 2771 Orsa,
494 2737 578 2769 vot.
604 2736 682 2768 XV.

420 105 454 140 7.
482 101 783 141 ENARRATIO
811 100 965 140 EPIST.
994 96 1200 138 PRIORIS
1227 95 1294 133 AD
1324 95 1653 135 TIMOTHEUM.

1710 101 1813 137 CAP.
1842 103 1905 140 vt.

1999 110 2103 146 3278

1217 183 1400 228 Significat
1431 196 1511 228 ergo
1544 187 1629 220 tales
1662 198 1735 221 esse
1760 189 2014 234 alucinatores,
2050 197 2109 240 qti

1115 236 1332 279 corruptelas
1351 248 1452 269 verae
1469 238 1648 271 doctrinae
1666 239 1820 283 fingunt,
1848 250 1884 275 ut
1903 243 2033 277 iudicio
2053 259 2109 279 er-

1113 294 1213 327 rent,
1242 293 1275 320 et
1293 287 1390 320 velut
1407 288 1500 320 coeci
1519 289 1634 322 vicina
1661 289 1948 335 apprehendant,
1979 307 2050 329 non
2069 309 2106 330 va

1114 350 1202 383 quae
1215 344 1351 381 petunt.
1403 337 1540 372 Deinde
1556 347 1587 373 et
1604 338 1816 385 liyperbolas
1839 345 1993 385 addunt,
2021 360 2108 392 qua-

1113 389 1161 421 les
1177 395 1296 422 nostra
1313 395 1424 422 aetate
1449 391 1580 424 multos
1607 392 1778 426 vidimus:
1813 401 1852 428 ut
1878 408 1955 429 cum
1974 396 2106 432 Paulus

1112 439 1249 484 inquit,
1277 437 1480 484 molinum&
1499 448 1658 475 nostrum
1686 443 1721 476 in
1750 445 1856 478 coelis
1877 454 1942 487 est,
1971 448 2105 492 signifi-

1111 502 1192 523 cans
1219 488 1453 533 Evangelium
1481 504 1552 524 non
1575 494 1787 528 constituere
1814 498 1974 540 politiam
1998 512 2105 533 mun-

1112 542 1252 575 danam.
1307 541 1561 585 Anabaptistae
1577 544 1783 588 simpliciter
1799 549 1968 582 damnant
1986 552 2105 584 omnia

1112 592 1253 636 politica
1272 592 1400 632 officia,
1427 593 1689 628 distinctionem
1709 597 1969 641 dominiorum,
1995 602 2106 645 magi—

1112 650 1258 683 stratus,
1287 642 1438 684 iudicia‚
1466 644 1676 679 iuramenta.

1215 692 1305 726 Cum
1325 700 1478 727 vetustas
1497 695 1650 734 dixisset,
1679 697 1816 732 iusticia
1836 706 1885 733 est
1905 703 2104 735 communi-

1113 743 1202 777 catio
1223 742 1288 776 Dei
1306 756 1385 777 cum
1402 746 1628 790 aequalitate,
1655 748 1788 781 scilicet
1813 751 1994 792 ordinata,
2021 751 2104 787 hae-

1115 795 1213 828 retici
1231 796 1413 829 addebant
1431 794 1667 841 hyperbolen,
1694 811 1773 832 cum
1794 802 2012 845 aequalitate,
2039 805 2105 837 sci-

1112 846 1193 879 licet
1209 845 1415 886 universali,
1442 848 1488 880 ita
1510 855 1548 881 ut
1567 849 1762 893 aequaliter
1777 851 1821 884 ad
1836 852 1966 886 alienas
1980 866 2105 888 uxores

1112 897 1243 940 singuli
1284 898 1500 933 accederent.
1568 898 1671 933 Talia
1711 902 1868 946 exempla
1899 906 2105 947 ostendunt,

1113 949 1199 994 quid
1233 948 1395 982 nominet
1431 950 1599 984 attonitos
1625 962 1686 984 seu
1717 954 1950 997 stupefactOS,
1984 956 2031 990 ita
2066 964 2105 991 ut

1112 999 1264 1033 amentia
1280 1007 1458 1045 sequatur.

1217 1049 1322 1084 Initia
1364 1058 1480 1084 autem
1522 1049 1629 1085 huius
1669 1053 1842 1087 amentiae
1885 1052 1970 1089 haec
2012 1065 2105 1097 sunt,

1113 1102 1255 1147 quando
1274 1099 1381 1134 homo
1401 1114 1471 1135 non
1494 1109 1585 1136 recte
1603 1104 1728 1138 didicit
1756 1105 2046 1149 fundamentum,
2074 1116 2108 1143 et

1114 1154 1189 1186 sine
1207 1153 1334 1186 timore
1353 1153 1417 1186 Dei
1446 1162 1477 1188 et
1495 1154 1570 1186 sine
1587 1156 1787 1198 precatione
1809 1157 1959 1197 iudicat,
1995 1167 2027 1193 et
2044 1161 2107 1193 ad-

1114 1205 1302 1237 miratione
1336 1216 1418 1237 suae
1450 1205 1641 1249 sapientiae
1672 1206 1861 1241 fascinatus
1899 1218 1992 1244 amat
2031 1222 2109 1244 suas

1114 1255 1401 1298 imaginationes,
1428 1257 1562 1289 accedit
1584 1257 1746 1291 diabolus
1770 1265 1802 1291 et
1828 1261 1937 1302 magis
1960 1261 2108 1305 impedit

1115 1306 1307 1345 iudicium,
1335 1307 1425 1340 sicut
1450 1307 1618 1351 scriptum
1639 1315 1689 1341 est
1707 1309 1823 1342 Lucae
1847 1311 1925 1345 22:
1958 1311 2108 1347 Intravit

1114 1358 1151 1389 in
1174 1369 1254 1389 eum
1274 1356 1432 1390 Satanas.
1487 1357 1593 1399 ltem,
1620 1358 1805 1392 Tenentur
1829 1363 1955 1405 captivi
1974 1363 2108 1408 laqueis

1115 1408 1246 1441 diaboli
1260 1434 1268 1448 ‚
1296 1407 1414 1452 inquit
1432 1407 1564 1441 Paulus
1582 1411 1616 1443 2.
1635 1408 1794 1445 Timoth.
1811 1413 1846 1445 2.
1882 1411 1970 1445 Cum
2002 1415 2110 1456 igitur

1116 1466 1147 1492 et
1173 1470 1298 1501 magna
1324 1461 1367 1492 sit
1397 1459 1583 1491 infirmitas
1607 1469 1744 1504 nostra,
1784 1469 1816 1495 et
1842 1463 2005 1497 diabolus
2030 1473 2108 1498 tan-

1116 1522 1221 1555 quam
1248 1510 1302 1542 Ieo
1326 1510 1468 1552 rugiens
1486 1518 1629 1554 quaerat
1648 1523 1752 1556 quem
1772 1514 1926 1555 devoret,
1953 1516 2109 1550 studiose

1115 1561 1291 1593 discamus
1307 1560 1593 1602 fundamentum,
1622 1569 1655 1595 et
1677 1564 1816 1596 assidua
1832 1566 2030 1608 precatione
2048 1579 2109 1611 pe-

1116 1619 1241 1649 tamus,
1270 1611 1357 1644 sicut
1373 1610 1549 1655 Propheta
1567 1624 1697 1646 sonans
1716 1626 1833 1647 vocem
1852 1617 2011 1650 omnium
2027 1630 2110 1651 san-

1117 1669 1251 1696 ctorum
1266 1690 1274 1702 ,
1302 1661 1441 1695 Psalmo
1464 1663 1567 1697 118.:
1604 1664 1673 1697 Fac
1689 1677 1766 1698 cum
1791 1677 1890 1699 servo
1907 1674 1967 1700 tuo
1985 1680 2110 1702 secun-

1117 1716 1202 1747 dum
1227 1714 1505 1748 misericordiam
1536 1722 1651 1754 tuam,
1684 1723 1719 1750 et
1745 1717 2007 1752 iustificationes
2032 1727 2110 1754 tuas

1117 1766 1202 1798 doce
1221 1776 1286 1798 me.

1220 1814 1323 1849 Dicat
1341 1822 1456 1849 autem
1479 1817 1625 1862 aliquis:
1663 1816 1766 1851 Unde
1783 1819 1979 1853 discernam
2004 1833 2112 1867 quae-

1119 1867 1251 1901 stiones
1270 1867 1375 1900 utiles
1393 1868 1436 1900 ab
1461 1868 1674 1902 inutilibus?
1712 1868 1944 1914 Respondeo:
1979 1872 2111 1907 Norma

1118 1920 1161 1952 sit
1177 1919 1448 1952 fundamentum
1462 1943 1470 1957 ,
1494 1926 1534 1953 ut
1551 1919 1680 1953 Paulus
1697 1920 1813 1966 inquit
1832 1922 1864 1957 1.
1876 1921 2038 1956 Corinth.
2057 1925 2110 1958 3.:

1120 1969 1409 2003 Fundamentum
1446 1970 1541 2004 aliud
1583 1972 1666 2015 poni
1697 1984 1770 2005 non
1803 1981 1933 2017 potest,
1973 1975 2041 2008 nisi
2074 1977 2112 2009 id

1121 2022 1216 2066 quod
1234 2021 1387 2065 positum
1406 2028 1474 2062 est,
1502 2025 1596 2067 quod
1618 2029 1668 2056 est
1682 2021 1844 2058 Christus
1864 2024 1966 2060 Iesus.
2007 2025 2112 2060 Com-

1121 2073 1285 2116 plectitur
1309 2078 1426 2105 autem
1451 2073 1723 2107 fundamentum
1754 2076 1880 2123 scripta
1909 2074 2113 2120 prophetica

1121 2131 1153 2157 et
1177 2123 1389 2167 apostolica,
1423 2130 1455 2156 et
1481 2125 1659 2170 symbola,
1701 2132 1733 2159 et
1764 2126 1900 2160 illustre
1924 2128 2114 2162 discrimen

1122 2181 1172 2208 est
1187 2173 1290 2218 Legis
1310 2180 1341 2207 et
1353 2171 1551 2218 Evangelii.
1605 2176 1691 2209 Item
1709 2176 1866 2210 iusticiae
1882 2178 1962 2211 fidei
1981 2185 2013 2212 et
2029 2192 2115 2223 ope-

1122 2237 1213 2260 rum,
1273 2224 1360 2258 Item
1384 2227 1457 2258 veri
1483 2227 1598 2260 cultus
1622 2239 1640 2260 a
1664 2227 1739 2261 Deo
1769 2228 1938 2270 instituti,
1973 2237 2006 2263 et
2037 2231 2116 2263 salsi

1123 2276 1237 2310 cultus
1253 2277 1297 2309 ab
1312 2273 1519 2310 hominibus
1537 2278 1691 2311 instituti
1717 2285 1779 2312 etc.
1835 2278 1930 2313 Intra
1956 2278 2017 2313 l1as
2043 2294 2117 2314 rne-

1124 2336 1174 2361 tas
1193 2328 1406 2361 coercendae
1429 2335 1510 2362 sunt
1534 2329 1780 2372 cogitatione5‚
1818 2337 1849 2363 et
1873 2331 2043 2365 frenanda
2068 2339 2118 2365 est

1125 2378 1328 2417 curiositas,
1356 2385 1395 2412 ut
1411 2377 1641 2413 Ecclesiastae
1657 2380 1691 2413 5.
1711 2380 1856 2414 dicitur:
1886 2381 1965 2415 Non
1992 2383 2036 2416 sis
2056 2395 2117 2416 ve-

1125 2431 1181 2463 lox
1199 2431 1241 2462 ad
1262 2430 1481 2474 loquendum
1499 2443 1616 2464 coram
1635 2430 1722 2464 Deo.
1776 2431 1821 2465 Et
1840 2433 1942 2473 paulo
1960 2441 2039 2466 ante
2058 2446 2114 2466 ca-

1126 2481 1196 2525 pite
1212 2480 1266 2515 4.;
1296 2481 1434 2513 Accede
1453 2482 1496 2513 ad
1515 2482 1696 2526 templum,
1720 2489 1759 2516 nt
1776 2483 1909 2519 audias.
1962 2483 2114 2518 Roman.

1129 2533 1202 2565 12:
1231 2530 1349 2576 Sapite
1368 2532 1524 2566 modeste
1540 2534 1734 2566 secundum
1759 2545 1958 2568 mensuram
1975 2535 2115 2567 unicui-

1127 2594 1193 2628 que
1210 2585 1325 2615 datam
1344 2589 1407 2615 etc.

1229 2633 1272 2667 Et
1283 2644 1424 2677 prorsus
1441 2633 1626 2677 fugiendae
1640 2642 1721 2669 sunt
1740 2636 1819 2668 illae
1836 2642 1959 2679 pestes,
1988 2633 2120 2669 Osten-

1125 2684 1210 2718 tatio
1243 2684 1479 2727 argutiarum,
1512 2683 1818 2730 Sopliistomania,
1859 2693 1891 2720 et
1916 2699 2015 2720 amor
2037 2699 2123 2720 con-

1238 2734 1284 2769 87
