2415 2942
103 104 156 141 97
525 103 609 143 XH.

663 101 961 142 ENARRATIO
990 102 1041 140 IN
1063 99 1248 140 EVANG.
1273 99 1489 138 IOANNIS.
1543 97 1648 136 CAP.
1674 97 1739 133 IV.

2089 100 2138 136 98

101 193 206 229 etiam
223 192 260 227 in
274 193 340 227 hac
355 191 448 236 vita,
474 198 509 227 et
531 192 751 238 reprimendi
778 197 991 234 grassantem
1016 191 1094 224 dia-
1116 190 1121 227 l
1142 190 1220 224 vult
1236 186 1295 223 hic
1311 195 1429 223 tantus
1442 185 1656 222 consensus?
1682 184 1916 219 Retineamus
1936 185 2135 230 proprieta-

100 245 243 286 bolum,
269 245 349 278 ideo
371 245 569 278 illustribus
596 245 762 289 operibus
779 242 951 285 glorificat
969 240 1093 275 Eccle-

100 296 189 330 siam
207 296 311 329 etiarn
329 295 367 328 in
384 292 448 328 hac
472 295 561 334 vita,
596 296 645 328 sic
667 301 706 328 ut
727 293 951 326 mirabilibus
975 293 1093 335 operi·
1116 329 1118 333 Α

98 347 166 381 hus
190 359 327 391 semper
350 347 518 387 servavit,
550 352 589 379 ut
608 346 646 378 in
669 344 824 384 diluvio,
860 344 898 376 in
920 344 1092 389 Aegypto,
1116 379 1117 391 ἶ

1115 397 1117 430 .’
1140 393 1231 426 clare
1248 392 1390 432 iubent,
1416 398 1456 425 ut
1471 392 1592 424 credas
1615 390 1680 422 tibi
1702 390 1835 423 remitti
1857 396 2014 433 peccata,
2049 397 2083 424 et
2098 397 2132 425 te

100 398 138 431 in
156 399 312 436 deserto,
346 405 380 432 et
403 404 521 442 postea
546 403 702 439 tempore
721 394 882 428 Indicum
903 401 936 427 et
952 393 1090 437 Regum

99 447 188 482 Iuda
217 455 249 482 et
272 447 397 488 lsrael,
424 447 541 481 omnia
557 447 658 489 plena
676 453 757 479 sunt
772 445 990 478 mirabilium
1008 456 1091 488 ope-

100 511 192 533 rum.
242 497 288 532 Et
304 510 504 543 quanquam
522 509 595 530 non
612 498 733 530 eodem
752 497 858 529 modo
885 493 949 529 hae
972 507 1089 529 serva-

101 551 217 584 tiones
235 549 420 582 incurrunt
445 549 482 580 in
505 548 642 588 oculos,
675 555 793 581 tamen
818 558 956 590 semper
978 558 1090 591 usque

102 602 145 634 ad
165 602 266 633 finem
287 599 413 632 mundi
438 599 522 632 fient
552 599 733 631 mirabiles
758 599 930 642 quaedam
960 597 1089 630 libera-

101 652 234 689 tiones,
262 649 350 682 sicut
369 649 404 681 in
424 647 516 682 Osea
535 649 636 683 dicit:
665 649 818 683 Salvabo
837 660 912 689 εοε,
940 649 998 681 sed
1016 660 1089 681 non

100 702 138 734 iu
155 712 257 741 arcu,
290 712 402 745 neque
426 701 463 732 in
489 700 618 743 gladio.
678 699 780 733 Hanc
806 700 1003 732 doctrinam
1026 711 1089 732 nos

96 802 255 846 potentia
279 802 314 834 in
338 802 457 834 oculos
481 802 649 842 incurrit,
686 810 719 835 et
741 801 878 834 videtur
896 799 1089 834 Ecclesiam

98 853 282 886 obruitura
308 864 398 890 esse,
433 859 472 885 ut
501 864 597 886 nuuc
621 852 771 886 Turcica
794 852 969 896 potentia,
1004 852 1088 886 item

98 903 251 936 aliorum
267 914 386 946 regum
406 903 563 938 saevitia.

148 984 227 1034 Qui
258 984 367 1021 credit
402 987 440 1021 in
466 985 611 1031 filium,
651 985 802 1022 habebit
835 987 946 1021 citam
974 990 1090 1021 aeler-

200 1050 306 1080 nam,
334 1042 395 1073 etc.

177 1104 276 1140 Dixit
307 1107 350 1139 de
374 1118 524 1150 persona
545 1106 711 1140 Messiae:
747 1105 854 1140 Hunc
878 1105 993 1139 Iesum
1019 1117 1091 1138 esse

100 1156 288 1196 RIessiam,
316 1157 427 1190 filium
445 1159 532 1202 Dei,
560 1155 690 1190 habere
711 1158 969 1202 plenitudinem
988 1157 1092 1200 spiri—

100 1216 178 1250 tus,
204 1220 242 1241 ac
259 1209 452 1251 potentiam
471 1209 606 1241 dandae
624 1221 736 1241 novae
763 1220 801 1241 ac
826 1215 1012 1252 perpetuae
1036 1208 1092 1239 lu—

103 1259 170 1297 cis,
197 1259 409 1303 sapientiae,
441 1259 599 1292 iusticiae
625 1266 658 1292 et
683 1260 786 1294 vitae.
839 1259 941 1292 Nunc
966 1259 1008 1290 de
1031 1269 1092 1300 ap-

101 1310 291 1354 plicatione
316 1310 561 1349 concionatur,
608 1311 785 1354 quomodo
812 1307 896 1342 haec
925 1308 1092 1341 beneficia

102 1371 379 1404 consequamur,
414 1361 592 1404 quomodo
619 1360 863 1404 excipiendus,
897 1366 956 1392 aut
972 1359 1093 1391 colen-

102 1411 168 1444 dus
186 1411 229 1443 sit
245 1409 401 1445 Messias.
459 1408 692 1445 Vehementer
713 1418 830 1444 autem
854 1408 1092 1443 abhorrebant

100 1461 146 1495 ab
168 1458 233 1494 hac
257 1460 426 1493 concione
451 1459 650 1502 Pharisaei,
688 1462 749 1507 qui
771 1462 1015 1504 intelligebant
1038 1458 1093 1492 his

101 1512 219 1547 verbis
238 1511 347 1545 tribui
365 1511 513 1544 Messiae
530 1509 703 1546 honorem
722 1513 896 1552 divinum,
917 1511 1093 1554 intellige-

102 1564 190 1596 bant
206 1563 289 1597 item
308 1561 473 1595 Messiam
491 1563 560 1596 dici
583 1576 602 1596 a
620 1562 796 1607 Baptista,
823 1576 895 1596 non
920 1563 1093 1596 instaura-

103 1620 215 1647 torem
233 1613 331 1656 regni
350 1613 506 1657 politici,
539 1615 597 1647 sed
623 1616 779 1647 datorem
805 1615 897 1647 vitae
921 1622 1094 1648 aeternae.

102 1663 206 1697 Hanc
223 1676 296 1696 non
310 1663 358 1696 sic
374 1664 503 1707 expetit
523 1667 696 1706 mundus,
724 1672 762 1698 ut
783 1677 855 1697 non
876 1665 976 1697 malit
995 1676 1095 1708 prae-

108 1723 186 1746 sens
210 1713 396 1757 imperium
426 1714 552 1747 florere
579 1716 689 1758 gloria
714 1716 960 1755 victoriarum,
998 1722 1094 1747 tran-

107 1764 301 1809 quillitate,
328 1764 421 1796 bono
438 1765 583 1805 ordine,
611 1766 738 1808 opibus
755 1773 818 1798 etc.
869 1766 942 1799 Has
958 1765 1096 1808 magui-

108 1815 188 1847 ficas
201 1826 278 1858 spes
295 1825 417 1847 omnes
435 1815 478 1847 de
493 1815 642 1858 imperio
668 1816 792 1848 mundi
820 1816 915 1848 iubet
939 1815 1096 1858 Baptista

107 1865 277 1905 abiicere,
305 1871 339 1897 et
355 1865 583 1899 concionatur
602 1866 644 1898 de
668 1867 772 1899 rebus
797 1867 969 1907 aeternis,
996 1866 1098 1900 iusti-

106 1915 160 1949 cia
177 1922 210 1949 et
228 1914 470 1956 vita-aeterna,
496 1922 528 1949 et
546 1917 589 1949 de
608 1916 659 1949 ira
674 1915 741 1949 Dei
758 1924 912 1950 aeterna.

209 1966 407 2009 Diligenter
422 1966 663 2000 observandus
683 1973 734 2000 est
758 1979 948 2000 consensus
965 1966 1098 2000 doctri-

107 2029 174 2052 nae
190 2016 392 2051 de'iusticia
408 2023 440 2050 et
460 2017 538 2050 fide.
590 2017 740 2051 Prorsus
765 2019 887 2051 eodem
910 2018 1015 2050 modo
1042 2018 1098 2050 lo-

108 2069 229 2114 quitur
252 2068 294 2100 de
317 2067 403 2108 fide,
430 2067 518 2102 sicut
537 2066 717 2110 Christus,
743 2067 908 2114 Apostoli
931 2069 969 2101 in
989 2067 1098 2109 Actis,

109 2126 143 2152 et
164 2118 295 2151 Paulus
318 2118 534 2162 loquuntur,
574 2120 622 2154 sic
645 2117 808 2154 Christus
831 2132 935 2164 supra
960 2119 1096 2164 inquit:

109 2168 169 2203 Sic
183 2169 278 2203 Deus
294 2169 416 2202 dilexit
433 2171 626 2211 mundum,
654 2178 693 2204 ut
712 2171 824 2204 filium
849 2182 952 2204 suum
973 2171 1098 2213 unige-

107 2221 223 2254 nitum
240 2220 357 2257 daret,
384 2226 423 2253 ut
438 2221 552 2254 omnis
569 2222 712 2255 credens
729 2222 767 2254 in
784 2234 863 2256 eum
882 2234 953 2255 nou
969 2228 1099 2266 pereat,

109 2272 167 2304 sed
199 2268 326 2303 habeat
358 2270 465 2304 vitam
496 2279 686 2306 aeternam.
736 2272 794 2306 Sic
818 2280 846 2306 et
874 2271 1038 2316 Apostoli
1061 2272 1098 2304 in

108 2322 206 2356 Actis
239 2322 376 2355 dicunt:
429 2321 523 2356 Huic
557 2335 678 2356 omnes
711 2322 909 2367 Prophetae
943 2323 1100 2356 testimo-

109 2373 210 2407 nium
235 2369 446 2417 perhibent,
489 2374 732 2408 remissionem
759 2382 979 2418 peccatorum
1008 2374 1101 2407 acci-

108 2436 190 2468 pere
208 2435 269 2468 per
284 2435 415 2457 nornen
440 2424 514 2458 eius
542 2437 666 2459 omnes
684 2426 865 2459 credentes
886 2426 923 2458 in
941 2437 1037 2466 eum3
1067 2432 1125 2469 εις

963 2475 1015 2510 lta
1043 2474 1100 2509 hic
1123 2477 1125 2513 ἶ

109 2474 256 2508 Paulus:
285 2473 465 2509 Iustificati
490 2476 558 2509 fide
580 2488 700 2520 pacem
726 2474 908 2510 habemus.

1142 248 1213 275 tem
1237 241 1447 280 verborum,
1482 250 1547 272 nec
1570 238 1742 280 fingamus
1766 237 1967 281 peregrinas
1992 238 2135 282 opinio-

1141 303 1223 332 nes,
1263 292 1373 324 simus
1405 289 1571 334 discipuli
1600 295 1778 322 tantorum
1810 288 2016 330 doctorum,
2058 301 2134 322 non

1141 343 1325 384 gignamus
1340 342 1377 373 in
1387 339 1543 374 Ecclesia
1564 339 1660 373 aliud
1678 338 1857 372 doctrinae
1871 350 1997 382 genus:
2025 340 2133 374 verba

1139 443 1249 487 recipi
1275 455 1293 476 a
1318 441 1412 483 Deo,
1449 448 1481 474 et
1505 441 1580 473 fieri
1606 438 1793 473 haeredem
1828 440 1919 474 vitae
1955 447 2131 483 aeternae,

1139 501 1283 539 propter
1300 493 1412 526 filium
1430 491 1516 530 Dei,
1543 502 1616 525 non
1631 497 1775 535 propter
1789 490 1901 534 legem
1913 517 1923 532 ,
1954 503 2028 525 non
2045 504 2130 537 pro-

1140 553 1217 590 pter
1235 545 1381 579 virtutes
1398 543 1572 589 proprias.

1241 603 1310 638 Sed
1339 601 1432 636 hanc
1459 600 1754 646 simplicissimam
1784 600 2042 634 enarrationem
2066 614 2130 646 op..

1139 662 1298 700 pugnant
1316 651 1504 693 Monachi,
1539 652 1601 700 qui
1625 652 1760 694 fingunt
1789 651 1864 684 dari
1887 652 2130 686 remissionem

1114 733 1115 738 ,
1139 713 1360 751 peccatorum
1383 711 1526 749 propter
1541 710 1658 736 nostra
1676 702 1810 742 merita,
1838 702 1966 734 deinde
1983 710 2131 736 conten-

98 751 137 784 in
153 749 308 784 Ecclesia
324 751 412 784 tueri
431 763 568 784 necesse
585 758 652 790 est,
682 764 761 784 cum
779 750 947 783 terribilis
963 750 1087 782 mundi
1113 748 1115 756 ⁴

1139 759 1230 791 dunt
1268 757 1335 789 fide
1364 762 1500 789 tantum
1531 753 1720 798 significari
1752 753 1918 786 noticiam
1952 751 2132 796 historiae,

1114 829 1115 836 κ
1140 809 1254 853 qualis
1271 807 1356 841 etin
1373 807 1524 839 diabolis
1540 812 1609 843 est,
1635 811 1764 847 negant
1785 815 1857 836 esse
1880 804 2044 837 fiduciam
2061 805 2130 838 mi-

1139 859 1349 892 sericordiae
1381 865 1524 901 propter
1546 853 1727 890 Christum
1756 855 1966 898 promissae,
2002 855 2073 888 imo
2090 862 2130 889 ut

1140 911 1237 943 illam
1254 909 1417 942 fiduciam
1436 908 1660 951 extinguant,
1686 906 1810 939 iubent
1827 905 1989 939 dubitare
2005 918 2048 938 an
2066 904 2131 939 ha-

1141 962 1222 994 beas
1255 960 1498 993 remissionem
1531 964 1772 1002 peccatorum,
1811 968 1871 989 seu
1896 969 1940 988 an
1966 957 2061 990 Deus
2086 957 2131 991 sit

1142 1013 1205 1046 tibi
1223 1011 1413 1055 propicius.
1472 1008 1534 1043 Est
1560 1020 1641 1050 ergo
1665 1008 1701 1039 in
1728 1007 1893 1040 omnibus
1915 1004 1970 1039 his
1987 1008 2130 1041 concio-

1141 1063 1265 1103 nibus,
1299 1060 1496 1105 Baptistae,
1529 1058 1681 1099 Christi,
1713 1057 1835 1097 Pauli,
1861 1058 2129 1101 Apostolorum,

1142 1113 1329 1158 praecipua
1362 1111 1532 1156 quaestio.
1601 1109 1698 1151 Quid
1729 1108 1898 1151 significet
1927 1109 2028 1141 fides:
2072 1108 2131 1142 An

1143 1176 1222 1196 vere
1238 1163 1407 1206 significet
1423 1161 1597 1194 confidere
1612 1157 1765 1193 Christo.
1810 1158 1848 1192 Si
1868 1170 1939 1191 non
1960 1159 2132 1201 significat

1143 1214 1319 1246 confidere
1337 1210 1498 1252 Christo,
1518 1212 1577 1243 sed
1602 1217 1736 1243 tantum
1756 1221 1877 1249 nosse,
1913 1216 1947 1243 et
1974 1211 2132 1253 profiteri

1142 1264 1347 1304 historiam,
1381 1260 1465 1295 haec
1494 1263 1585 1295 dicta
1609 1258 1700 1293 nihil
1722 1260 1938 1303 significant,
1973 1268 2006 1294 et
2031 1262 2134 1294 valde

1144 1322 1228 1348 sunt
1263 1313 1474 1358 impropria,
1511 1313 1578 1345 fide
1611 1311 1852 1345 iustificamur.
1914 1310 2017 1344 llem:
2060 1311 2134 1354 Qui

1143 1366 1254 1399 credit
1271 1365 1307 1397 in
1326 1365 1455 1402 filium,
1489 1361 1594 1396 habet
1617 1362 1723 1395 vitam
1747 1369 1934 1397 aeternam.
1984 1363 2051 1396 Sed
2069 1374 2135 1396 nos

1144 1417 1378 1455 retineamus,
1427 1421 1465 1448 ut
1505 1415 1596 1452 dixi,
1642 1413 1891 1456 proprietatem
1930 1414 2135 1455 verborum,

1145 1469 1295 1501 sciamus
1311 1478 1429 1499 veram
1458 1477 1529 1498 esse
1556 1464 1771 1504 orationem,
1804 1463 1871 1497 fide
1895 1463 2136 1505 iustificamur,

1144 1519 1180 1552 id
1198 1526 1257 1559 est,
1284 1517 1410 1551 fiducia
1430 1517 1493 1550 filii
1511 1515 1576 1549 Dei
1595 1515 1874 1555 reconciliamur,
1902 1527 1974 1548 non
1992 1523 2136 1559 propter

1145 1571 1276 1613 legem,
1315 1575 1374 1602 aut
1398 1574 1534 1601 nostras
1560 1567 1716 1600 virtutes.
1774 1564 1875 1599 Hanc
1900 1577 1972 1599 esse
1995 1575 2138 1600 senten·

1147 1622 1230 1655 tiam
1255 1633 1294 1653 ex
1318 1618 1430 1652 Paulo
1457 1619 1539 1651 satis
1563 1624 1725 1660 apparet,
1763 1616 1823 1660 qui
1855 1617 1956 1648 fidem
1987 1624 2019 1650 et
2048 1629 2137 1661 pro-

1147 1672 1350 1705 missionem
1370 1671 1460 1702 inter
1472 1681 1507 1701 se
1525 1669 1678 1708 confert,
1712 1674 1744 1700 et
1770 1667 1867 1700 iubet
1893 1667 1959 1699 fide
1985 1668 2138 1711 promis-

1147 1723 1280 1756 sionem
1297 1721 1419 1765 accipi.
1474 1719 1559 1753 Item
1578 1717 1665 1751 hanc
1681 1718 1727 1751 ob
1742 1729 1878 1751 causam
1896 1719 2078 1752 contendit
2096 1720 2139 1752 de

1148 1773 1316 1817 particula
1336 1771 1454 1814 gratis,
1481 1778 1520 1804 ut
1535 1771 1656 1802 doceat
1674 1769 1837 1802 fiduciam
1859 1770 2139 1803 transferendam

1149 1836 1221 1857 esse
1238 1824 1274 1856 iu
1292 1823 1404 1855 filium
1420 1821 1504 1862 Dei,
1531 1821 1591 1866 qui
1610 1827 1661 1853 est
1680 1819 1820 1853 victima
1838 1832 1899 1865 pro
1922 1821 2045 1859 nobis,
2074 1832 2138 1854 uec

1151 1887 1223 1907 esse
1252 1874 1501 1906 confidendum
1524 1879 1643 1904 nostra
1670 1871 1859 1914 dignitate,
1891 1882 1955 1903 nec
1981 1878 2138 1904 nostram

1150 1925 1357 1968 dignitatem
1375 1936 1447 1956 esse
1463 1923 1615 1966 pretium
1627 1947 1636 1961 ‚
1664 1934 1724 1955 seu
1741 1922 1905 1955 meritum
1922 1933 1982 1956 seu
1999 1933 2138 1956 causam

1150 1975 1366 2011 remissionis
1383 1981 1619 2020 peccatorum.

1518 2108 1657 2162 Caput
1699 2107 1775 2150 IV.

1241 2192 1287 2226 Ut
1304 2189 1420 2236 igilur
1438 2188 1601 2235 cognorit
1621 2185 1647 2221 I
1647 2200 1727 2221 esus
1742 2183 1842 2236 quod
1853 2183 2056 2221 audissent.

1253 2266 1421 2301 Continet
1448 2272 1479 2298 et
1502 2263 1568 2298 hoc
1593 2270 1695 2307 caput
1721 2264 1841 2296 utilem
1862 2262 2136 2306 disputationem

1151 2319 1194 2352 de
1218 2330 1325 2362 regno
1352 2317 1521 2356 Messiae,
1549 2316 1591 2348 de
1616 2314 1818 2347 discrimine
1844 2314 1929 2347 novi
1953 2319 1985 2346 et
2010 2314 2138 2346 veteris

1151 2369 1387 2409 Testamenti,
1416 2369 1458 2400 de
1474 2379 1556 2399 vero
1575 2365 1690 2405 cultu,
1717 2367 1760 2398 de
1778 2377 1847 2410 quo
1870 2364 1997 2398 mulier
2014 2363 2140 2397 Sama-

1150 2423 1265 2456 ritana
1284 2419 1422 2453 disserit
1439 2430 1516 2451 cum
1535 2414 1689 2450 Christo.
1741 2415 1810 2449 Sed
1835 2417 1932 2460 prius
1955 2415 2060 2447 series
2082 2412 2138 2447 hi-

1151 2473 1279 2507 storiae
1299 2471 1551 2505 consideretur.
1592 2464 1722 2499 Adhuc
1741 2467 1856 2510 agitur
1874 2466 2008 2511 primus
2025 2476 2139 2498 annus

110 2525 213 2568 plane
236 2525 353 2570 inquit
367 2524 543 2570 Baptista:
577 2526 649 2570 Qui
675 2528 785 2561 credit
808 2528 845 2560 in
869 2527 999 2568 filium,
1035 2524 1100 2560 ha·
1123 2519 1125 2550 l
1151 2531 1229 2568 post
1246 2524 1459 2567 baptismum
1479 2517 1631 2558 Christi,
1658 2524 1690 2550 et
1708 2517 1777 2550 iam
1801 2518 1954 2562 primum
1974 2523 2052 2559 post
2071 2515 2139 2549 Pa-

110 2576 169 2610 bet
190 2576 296 2610 vitam
320 2584 515 2617 aeternam,
550 2579 611 2623 qui
640 2585 757 2613 autem
783 2591 855 2612 non
881 2578 990 2612 credit
1015 2578 1100 2619 filio,
1123 2552 1126 2603 l
1150 2572 1232 2608 scha
1250 2574 1340 2607 redit
1358 2573 1394 2605 in
1413 2570 1630 2608 Galilaeam‚
1658 2580 1737 2601 cum
1761 2570 1903 2602 interim
1930 2567 2140 2611 aliquandiu

110 2639 184 2660 non
205 2627 338 2660 videbit
354 2628 475 2670 vitam,
502 2630 560 2662 sed
577 2629 627 2662 ira
636 2628 703 2663 Dei
719 2637 837 2664 manet
854 2641 960 2673 super
974 2629 1101 2674 ipsum.
1123 2605 1126 2653 l
1151 2632 1309 2659 moratus
1326 2629 1412 2656 esset
1428 2622 1464 2654 in
1485 2619 1612 2652 ludaea
1624 2644 1633 2658 ,
1659 2626 1692 2653 et
1709 2620 1759 2652 ibi
1777 2620 1932 2653 iussisset
1946 2616 2141 2660 discipulos

110 2676 228 2710 Verba
253 2688 444 2720 congruere
475 2681 701 2713 manifestum
732 2688 792 2716 est.
853 2680 952 2724 Quid
982 2687 1100 2714 autem
1123 2687 1127 2707 1
1151 2677 1252 2721 fungi
1269 2673 1465 2709 ministerio
1490 2671 1712 2715 baptizandi,
1741 2672 1784 2705 de
1803 2684 1872 2717 quo
1889 2679 1993 2712 supra
2013 2667 2137 2712 dispu-

161 2730 340 2765 Munsxu.
368 2731 473 2767 Oen.
512 2733 596 2766 von.
620 2733 698 2766 XV.
1483 2723 1506 2756 7
