2415 2942
290 111 363 149 833

293 200 355 233 das
377 194 501 230 donari
528 191 766 226 remissionem
798 197 1030 234 peccatorum.
1093 189 1183 224 Cum
1207 188 1272 223 liae

294 250 360 282 fide
383 246 570 288 erigimur,
594 243 720 282 simul,
745 249 783 274 nt
805 241 898 281 dixi,
925 241 1018 273 filius
1032 240 1097 275 Dei
1121 241 1274 274 vivificat

295 299 512 336 credentem,
549 301 578 327 et
605 296 711 326 donat
735 292 906 336 Spiritum
940 300 1118 331 sanctum,
1154 299 1187 326 et
1211 303 1274 324 nos

293 349 482 392 accipimus
498 345 737 379 remissionem
756 351 996 387 peccatorum,
1018 350 1051 376 et
1076 355 1196 376 snmus
1222 343 1276 375 iu-

295 400 357 441 sti,
385 398 421 431 id
447 404 514 435 est,
542 396 671 440 accepti
697 394 771 426 Deo
798 394 840 426 ad
866 394 973 427 vitam
991 401 1167 428 aeternam
1195 406 1277 438 pro-

296 457 373 494 pter
388 448 614 481 mediatorem
628 473 636 485 ,
664 445 797 478 etiamsi
815 452 897 478 sunt
915 444 951 477 in
969 445 1073 479 nobis
1091 443 1207 479 adhuc
1223 456 1278 477 re-

295 501 425 545 liquiae
449 497 599 543 peccati,
625 503 657 529 et
678 507 802 539 magna
823 495 1022 530 infirmitas.

398 574 500 607 Hanc
529 584 603 605 esse
635 572 773 616 planam
813 577 846 604 et
880 571 1036 605 nativam
1069 570 1278 605 sententiam

297 626 397 660 Pauli
418 636 489 657 non
511 623 658 656 dubium
677 630 748 662 est,
775 628 813 655 ut
832 630 948 666 postea
968 623 1143 667 copiosius
1161 622 1276 654 decla·

297 678 464 711 rabimus.
524 674 576 707 Ac
606 674 797 706 retinemus
829 684 892 705 nos
922 673 958 704 iu
982 672 1046 706 hac
1071 673 1281 716 iuterpreta-

298 729 394 762 tione
411 725 656 770 proprietatem
690 724 877 755 verborum
902 722 1020 763 Pauli,
1047 730 1079 756 et
1102 723 1281 756 auditores

299 789 418 812 snmus
437 775 557 814 Pauli,
580 786 652 806 non
674 773 873 816 affingimus
900 774 966 806 alia
989 774 1181 816 significata
1203 785 1280 806 ser-

299 828 396 862 moni
416 826 585 865 Paulino,
619 832 651 857 et
665 821 755 856 hanc
774 831 928 856 nostram
953 825 1280 868 interpretationem

298 879 452 913 nativam
476 884 507 909 et
531 887 646 907 veram
673 886 745 908 esse
768 882 930 919 apparet,
957 876 1092 908 collatis
1116 876 1282 908 omnibns

298 928 465 963 memhris
490 926 657 959 Paulinae
689 925 950 969 disputationis.
999 925 1105 966 item,
1146 926 1282 958 collatis

299 976 555 1023 Prophetarum
580 983 612 1009 et
636 974 766 1008 Christi
792 976 1033 1010 concionibus.
1078 976 1182 1017 ltem,
1209 976 1283 1009 col-

299 1031 369 1064 lato
396 1027 595 1062 testimonio
617 1025 793 1059 Ecclesiae
821 1024 1012 1059 catholicae
1042 1026 1126 1066 Dei,
1162 1028 1195 1060 id
1221 1033 1283 1067 est,

299 1081 458 1114 omnium
476 1076 680 1117 hominum,
708 1077 767 1121 qui
792 1077 993 1120 intelligunt
1011 1078 1172 1110 exercitia
1199 1090 1282 1120 poe-

301 1131 468 1165 nitentiae
503 1136 533 1162 et
564 1127 817 1168 invocationis,
848 1135 880 1160 et
913 1129 1114 1162 didicerunt
1142 1129 1283 1173 acquie-

300 1184 466 1216 scendum
487 1191 559 1212 esse
575 1179 641 1211 fide
658 1178 694 1210 in
713 1178 784 1211 filio
803 1178 879 1211 Dei.
933 1178 1037 1212 Tales
1055 1191 1191 1223 semper
1207 1180 1283 1211 fue-

301 1240 402 1270 runt,
420 1238 502 1264 sunt
528 1237 558 1262 et
577 1236 679 1262 erunt
709 1229 811 1261 multi
837 1229 871 1261 in
889 1228 1060 1270 Ecclesia,
1095 1230 1131 1261 in
1155 1230 1284 1274 quibus

302 1285 393 1317 lucet
423 1294 502 1314 vera
534 1279 719 1322 Evangelii
750 1281 932 1313 sententia.
1003 1279 1045 1313 Et
1081 1292 1283 1325 quanquam

303 1334 488 1377 scriptores
505 1332 682 1363 interdum
699 1330 889 1372 improprie
906 1331 1044 1373 loquuti
1063 1338 1156 1371 sunt,
1171 1339 1284 1364 tamen

303 1395 476 1426 conguere
500 1393 578 1414 cnm
604 1378 668 1413 hac
687 1380 857 1413 sententia
878 1381 1008 1413 multos
1040 1381 1219 1423 videmus,
1247 1388 1285 1414 nt

303 1434 560 1477 Augustinum,
588 1430 819 1474 prosperum,
837 1428 1085 1471 Ambrosium,
1103 1430 1286 1471 Basilium,

303 1486 546 1521 Bernardnm,
572 1481 785 1520 Tantorum,
813 1488 844 1514 et
868 1481 967 1517 alios.
1021 1482 1190 1526 Adeoque
1212 1495 1284 1514 non

303 1534 559 1569 contemnimus
577 1530 753 1564 Ecclesiae
778 1531 945 1564 iudicium
971 1544 1009 1564 ac
1035 1533 1286 1571 testimonium,

303 1595 341 1620 ut
368 1587 409 1619 ad
429 1585 502 1629 pias
519 1589 649 1615 mentes
665 1589 738 1614 toto
756 1584 840 1614 orbe
867 1589 1039 1614 terrarum
1053 1609 1062 1622 ,
1085 1583 1287 1625 intelligen-

304 1646 354 1671 tes
370 1635 529 1670 exercitia
548 1633 804 1677 poeniteutiae,
834 1645 1073 1676 provocemus.

406 1708 481 1743 Etsi
505 1714 618 1740 autem
647 1708 682 1740 iu
707 1708 915 1750 corruptelis
941 1705 1046 1740 huius
1071 1707 1170 1740 dicti:
1200 1706 1288 1739 Fide

305 1761 551 1798 iustificamnr,
579 1758 638 1790 alii
671 1759 772 1790 aliter
795 1758 933 1802 loquuti
958 1766 1056 1798 sunt,
1093 1765 1207 1791 tamen
1232 1770 1287 1789 ea-

307 1816 384 1845 dem
410 1818 459 1844 est
491 1821 592 1842 causa
621 1810 750 1841 erroris
777 1809 960 1849 omnibns,
990 1816 1021 1842 et
1044 1811 1190 1840 eandem
1209 1820 1288 1840 sen—

307 1863 452 1896 tentiam
478 1861 599 1893 falsam
631 1871 753 1891 omnes
776 1866 952 1894 extruunt.
1020 1857 1155 1893 Omms
1184 1859 1288 1892 intel-

308 1915 421 1957 ligunt
444 1913 509 1944 fide
535 1917 671 1943 tantum
702 1910 887 1952 significari
915 1910 1077 1942 noticiam
1111 1908 1290 1949 historiae,

309 1974 341 1998 et
381 1965 510 1997 iustum
549 1961 750 2003 intelligunt
788 1958 1053 2004 philosophice,
1102 1959 1289 1993 habentem

312 2018 403 2060 ipsas
434 2014 597 2049 virtutes,
632 2019 669 2044 ut
701 2024 778 2044 cum
804 2012 972 2051 dicimus,
1007 2024 1096 2056 aqua
1130 2013 1290 2045 calefacta

312 2074 378 2105 est,
406 2066 527 2102 idest,
554 2063 648 2094 calor
672 2063 866 2095 transfusus
890 2070 937 2095 est
963 2063 997 2094 in
1026 2074 1162 2107 aquam.
1215 2061 1292 2095 Hoc

314 2118 418 2150 modo
435 2126 512 2147 cnm
538 2115 580 2145 de
597 2113 774 2145 vocabulis
800 2119 937 2152 errent,
971 2113 1141 2155 affingunt
1166 2113 1292 2145 deinde

314 2168 443 2201 alienas
475 2165 797 2207 interpretationes,
833 2175 921 2207 qnae
946 2170 1061 2196 tamen
1100 2175 1221 2196 omnes
1256 2164 1294 2195 in

316 2229 449 2251 summa
468 2214 534 2248 hoc
554 2215 698 2254 volunt,
727 2215 761 2245 in
784 2212 846 2246 hac
864 2214 1103 2256 propositione
1121 2215 1294 2258 synecdo-

317 2267 406 2301 chen
433 2279 522 2303 esse,
551 2266 618 2297 fide
641 2265 883 2304 iustilivamur,
911 2264 944 2296 id
973 2271 1039 2303 est,
1067 2265 1132 2297 fide
1159 2271 1191 2298 et
1217 2277 1293 2298 cae—

320 2319 401 2351 teris
427 2317 618 2350 virtutibus
649 2316 895 2355 iustificantur,
931 2327 989 2348 seu
1016 2314 1082 2348 fide
1109 2328 1294 2360 praepara-

322 2381 417 2408 mur,
444 2376 481 2400 nt
501 2374 616 2410 postea
633 2366 709 2399 aliis
729 2366 917 2398 virtutibus
935 2366 1014 2399 iusti
1039 2367 1157 2399 simus.
1214 2366 1294 2399 Mo-

322 2417 425 2452 naclii
449 2419 496 2450 sic
515 2418 649 2462 loquuti
668 2423 766 2453 sunt,
795 2417 860 2448 fide
883 2417 1047 2457 formata,
1067 2417 1214 2454 scilicet,
1242 2417 1296 2450 di-

322 2470 471 2503 lectione
489 2468 570 2500 iusti
597 2479 734 2506 sumus,
751 2469 842 2512 quod
864 2467 910 2500 sic
926 2467 1192 2506 intellexerunt,
1216 2480 1295 2511 pro-

324 2528 400 2565 pter
425 2518 646 2551 dilectionem
671 2519 751 2550 insti
779 2530 909 2551 sumus.
964 2517 1036 2552 Alii
1062 2519 1297 2562 sicinterpre-

324 2571 385 2604 tati
404 2576 503 2607 sunt,
530 2568 617 2610 fide,
645 2569 678 2600 id
705 2576 771 2607 est,
798 2569 963 2611 operibus
987 2568 1093 2601 aDeo
1110 2569 1297 2607 mandatis,

323 2621 405 2654 iusti
436 2631 575 2657 sumus,
615 2630 684 2650 non
717 2619 881 2661 operibus
910 2620 1141 2652 traditionum
1174 2617 1298 2652 hnma-

324 2683 462 2705 narum.
527 2667 601 2703 Atii
636 2666 701 2701 hoc
739 2671 843 2702 modo
875 2671 1089 2714 depravant,
1133 2671 1219 2709 fide,
1262 2671 1296 2703 id

881 103 1005 142 PHlL.
1032 102 1148 141 MEL.
1176 103 1386 140 SCRIPTA
1414 103 1719 142 EXEGETICA.

2233 107 2308 145 804

1325 200 1396 237 est,
1424 193 1590 227 interiore
1613 193 1732 232 cultu,
1757 204 1831 227 non
1855 194 2007 228 externis
2030 195 2196 240 operibus
2225 193 2308 229 iusti

1326 256 1456 278 sumus.

1430 294 1504 328 Hae
1522 295 1826 339 interpretationes
1844 305 1966 328 omnes
1975 292 2043 329 hoc
2060 296 2202 330 volunt:
2230 294 2307 329 Ho-

1329 358 1386 379 mo
1403 353 1452 379 est
1471 347 1602 384 iustus,
1629 346 1663 379 id
1681 352 1752 386 est,
1778 343 1853 379 Deo
1876 353 2036 390 acceptus
2058 348 2102 379 ad
2127 347 2234 380 vitam
2249 358 2308 380 ae-

1329 404 1463 430 ternam
1499 404 1641 440 propter
1669 397 1827 441 proprias
1854 396 2000 430 virtutes
2030 402 2062 430 et
2086 408 2201 441 opera.
2262 395 2309 431 Et

1330 444 1397 480 hoc
1415 447 1474 480 alii
1491 454 1655 480 enarrant
1671 447 1878 486 absurdius,
1895 447 1955 480 alii
1973 447 2143 492 quaedam
2159 448 2309 481 absurda

1331 498 1511 532 omittunt.
1594 496 1763 531 Mon-achi
1801 499 1944 538 dicunt,
1989 495 2152 531 homines
2183 498 2311 530 mereri

1332 549 1571 582 remissionem
1598 556 1817 592 peccatorum
1842 548 1913 581 suis
1930 547 2121 582 virtutibus
2143 554 2176 582 et
2193 547 2311 592 operi-

1334 601 1416 639 bns,
1443 600 1564 633 dicunt
1591 601 1698 633 iustos
1721 600 1917 632 satisfacere
1941 599 2028 642 legi,
2056 606 2095 633 ut
2119 598 2310 632 Malvenda

1334 650 1467 695 inquit,
1492 650 1570 683 ideo
1587 648 1766 683 hominem
1785 650 1854 683 dici
1873 650 2023 688 iustum,
2041 650 2122 695 quia
2137 648 2213 683 Deo
2233 661 2312 694 per-

1333 701 1445 734 solvat
1461 702 1630 736 debitum.
1683 701 1725 734 Et
1751 703 1884 734 addunt
1904 701 2072 745 amplius:
2101 699 2190 733 Cnm
2209 712 2312 732 nemo

1334 752 1434 792 sciat,
1461 753 1601 795 quando
1623 753 1704 785 satis
1730 764 1875 796 operum
1898 749 2043 789 habeat,
2077 751 2200 784 iubent
2223 762 2314 783 sem-

1334 814 1396 846 per
1411 803 1572 835 dubitare
1595 814 1638 835 an
1666 804 1712 836 sis
1736 803 1771 835 iu
1797 802 1924 846 gratia,
1953 809 1986 836 et
2012 799 2102 835 hauc
2120 801 2316 835 dubitatio-

1335 865 1413 884 nem
1450 853 1572 886 dicunt
1609 854 1700 897 piam
1735 865 1818 887 esse.
1880 854 1928 885 Ita
1959 864 2102 897 prorsus
2132 858 2315 886 removent

1335 904 1456 947 fidem,
1486 911 1517 936 et
1543 904 1659 936 delent
1678 916 1795 936 vocem
1815 901 2018 946 Evangelii,
2047 910 2078 936 et
2102 902 2315 935 consolatio-

1336 966 1435 993 nem,
1463 967 1567 999 quam
1593 954 1684 987 Deus
1708 955 1876 987 immensa
1898 955 2056 988 bonitate
2079 953 2256 998 patefecit,
2283 959 2315 986 et

1337 1005 1411 1038 vult
1429 1006 1464 1037 in
1481 1004 1635 1037 Ecclesia
1654 1012 1780 1038 extare.

1437 1055 1539 1088 Nunc
1557 1057 1697 1088 videant
1715 1054 1883 1094 studiosi,
1908 1066 1954 1087 an
1975 1052 2040 1087 hae
2056 1053 2319 1097 interpretatio-

1336 1117 1398 1138 nes
1432 1113 1626 1149 congruant
1661 1118 1740 1138 cum
1772 1106 1907 1151 integra
1942 1104 2181 1148 disputatione
2206 1103 2317 1137 Pauli.

1340 1157 1445 1197 ltem,
1479 1170 1523 1189 an
1549 1163 1744 1200 congruant
1763 1168 1840 1189 cum
1867 1162 2031 1199 perpetua
2048 1155 2218 1188 sententia
2236 1167 2319 1199 pro-

1337 1205 1472 1251 phetica
1499 1215 1531 1241 et
1557 1207 1760 1251 apostolica.
1833 1206 2062 1239 Manifestum
2101 1212 2153 1239 est
2191 1213 2318 1246 antem,

1337 1256 1421 1290 haec
1439 1258 1504 1291 tria
1530 1258 1685 1290 membra
1705 1257 1888 1301 praecipua
1914 1269 1985 1289 esse
2002 1251 2174 1289 Paulinae
2197 1257 2319 1299 dispu-

1338 1309 1493 1343 tationis.
1558 1308 1715 1341 Primum
1743 1308 1923 1351 perspicue
1948 1314 1980 1340 et
2005 1307 2080 1339 sine
2102 1306 2176 1339 ulla
2205 1307 2319 1340 ambi-

1338 1359 1467 1401 guitate
1484 1359 1651 1398 affirmat,
1679 1356 1838 1390 homines
1855 1370 1926 1389 non
1944 1357 2141 1390 satisfacere
2156 1357 2223 1399 legi
2240 1357 2318 1396 Dei,

1339 1421 1401 1441 nec
1425 1409 1498 1451 lege
1519 1409 1628 1441 iustos
1652 1420 1742 1447 esse,
1769 1409 1827 1440 sed
1854 1418 1975 1439 omnes
2001 1417 2076 1439 reos
2100 1411 2132 1438 et
2155 1407 2220 1439 suh
2240 1418 2318 1450 pec-

1339 1466 1414 1492 cato
1433 1471 1521 1497 esse,
1544 1466 1581 1492 nt
1599 1458 1722 1501 Capite
1740 1458 1772 1492 3.
1793 1458 1972 1501 perspicue
1989 1457 2134 1491 dicitur:
2151 1455 2198 1490 Ut
2215 1468 2319 1490 omne

1339 1522 1376 1542 os
1392 1511 1588 1549 obturetur,
1606 1516 1637 1542 et
1654 1516 1746 1541 totus
1765 1510 1917 1541 mundus
1936 1519 2014 1541 reus
2031 1508 2075 1541 sit
2092 1518 2209 1540 coram
2232 1506 2320 1543 Deo.

1339 1559 1521 1592 Conclusit
1544 1571 1666 1592 omnes
1690 1559 1756 1591 sub
1781 1565 1979 1605 peccatum,
2007 1565 2045 1591 ut
2061 1555 2234 1592 Omnium
2253 1557 2320 1590 nii-

1341 1618 1510 1643 sereatur.

1442 1659 1608 1693 Secundo
1640 1659 1808 1699 affirmat,
1849 1658 1956 1702 recipi
1987 1656 2149 1691 homines
2180 1664 2323 1702 propter

1341 1711 1588 1750 mediatorem,
1621 1710 1744 1753 gratis,
1795 1715 1827 1742 et
1860 1710 1936 1743 vult
1970 1709 2138 1751 intelligi,
2181 1715 2325 1753 propter

1341 1759 1432 1794 hanc
1456 1761 1564 1804 ipsam
1591 1772 1729 1793 causam
1752 1760 1895 1793 missum
1922 1772 1993 1792 esse
2011 1759 2196 1801 Messiam‚
2222 1766 2259 1793 ut
2279 1759 2323 1793 sit

1343 1812 1516 1855 placator,
1558 1818 1590 1844 et
1625 1811 1725 1844 tollat
1759 1817 1937 1853 peccatum
1977 1818 2010 1844 et
2038 1817 2206 1848 mortem,
2249 1821 2322 1842 non

1343 1870 1381 1895 ut
1416 1862 1563 1903 imperia
1596 1861 1720 1895 mnndi
1748 1861 1958 1901 constituat,
1989 1861 2079 1895 sicut
2100 1859 2324 1894 somniabant

1344 1911 1535 1946 Pharisaei.

1447 1962 1569 1995 Tertio
1593 1961 1762 1999 affirmat,
1797 1968 1958 2005 oportere
1983 1960 2050 1993 fide
2073 1961 2182 2005 accipi
2200 1973 2324 1995 recon-

1346 2014 1583 2052 ciliationem,
1608 2019 1640 2045 et
1669 2013 1735 2044 fide
1760 2014 1984 2045 statuendum
2011 2022 2098 2052 esse,
2131 2023 2203 2045 non
2232 2024 2327 2045 rece-

1346 2072 1423 2109 ptos
1448 2077 1536 2104 esse,
1568 2070 1599 2096 et
1632 2064 1767 2107 placere
1801 2062 1874 2096 Deo
1907 2069 2050 2110 propter
2089 2063 2328 2104 mediatorem,

1347 2128 1409 2148 nec
1427 2116 1640 2147 manendum
1661 2125 1731 2146 esse
1748 2114 1784 2145 in
1802 2114 2033 2147 dubitatione.

1449 2166 1519 2198 lam
1543 2178 1621 2197 cum
1650 2165 1874 2198 manifestum
1899 2165 1961 2205 sit,
1988 2162 2072 2197 haec
2088 2165 2152 2197 tria
2170 2164 2327 2197 membra

1348 2229 1364 2249 a
1382 2215 1491 2249 Paulo
1514 2216 1639 2249 tradita
1657 2227 1746 2255 esse,
1774 2223 1908 2249 constat
1932 2215 2239 2258 interpretationes
2263 2227 2328 2257 pu-

1348 2274 1492 2309 gnantes
1509 2279 1586 2299 cum
1602 2264 1661 2298 'his
1680 2266 1791 2299 tribus
1817 2266 1984 2299 membris
2000 2267 2102 2299 falsas
2120 2278 2202 2298 esse.
2257 2265 2327 2299 Nec

1349 2317 1501 2350 difficilis
1519 2325 1567 2350 est
1588 2317 1769 2357 refutatio,
1797 2318 1998 2351 tenentibus
2019 2315 2102 2349 haec
2119 2317 2326 2349 fundamen-

1350 2375 1393 2407 ta,
1411 2380 1501 2412 quae
1520 2369 1687 2401 recensui.
1744 2368 1835 2411 Quia
1855 2368 2021 2412 particula
2034 2367 2154 2401 Gratis
2171 2377 2328 2410 expresse

1350 2419 1443 2452 tollit
1468 2425 1585 2452 nostra
1606 2419 1748 2459 merita,
1775 2426 1806 2452 et
1825 2419 1964 2452 deducit
1981 2430 2045 2451 nos
2061 2419 2102 2450 ad
2124 2418 2245 2451 merita
2264 2417 2327 2450 filii

1349 2469 1433 2510 Dei,
1461 2476 1492 2503 et
1512 2470 1586 2503 vult
1605 2468 1699 2502 Dens
1726 2470 1866 2511 agnosci
1885 2469 1993 2502 filium
2007 2496 2016 2509 ,
2043 2476 2077 2502 et
2100 2467 2194 2502 hunc
2215 2469 2245 2500 ei
2264 2467 2327 2501 ho-

1350 2533 1472 2553 norem
1504 2520 1631 2559 tribui,
1665 2527 1703 2553 ut
1734 2522 1922 2558 fateamur,
1957 2532 2029 2553 esse
2052 2519 2326 2563 Propiciatorem

1350 2578 1382 2605 et
1408 2568 1654 2604 Mediatorem.
1715 2570 1833 2613 Quare
1858 2571 2080 2604 manifestum
2107 2577 2175 2611 est,
2213 2580 2328 2603 errare

1350 2619 1557 2660 monachos,
1590 2634 1668 2654 cum
1691 2622 1838 2662 docent,
1874 2619 2033 2654 homines
2067 2621 2138 2654 suis
2164 2620 2328 2664 operibus

1349 2679 1409 2706 aut
1443 2672 1630 2706 virtutibus
1663 2673 1787 2705 mereri
1823 2672 2063 2706 remissionem
2096 2677 2325 2716 peccatorum.
