2415 2942
59 76 130 112 741
235 74 336 109 xm.

59 173 202 208 quoque
234 160 322 193 moti
361 159 528 203 exemplis
561 159 803 193 assentiamur
837 158 1050 203 quibusdam

59 213 253 247 erroribus.
309 210 358 244 lta
385 211 422 244 fit
445 218 483 244 ut
509 211 676 244 articulos
703 211 782 242 fidei
807 210 924 242 minus
945 221 1050 252 puros

60 265 252 303 retineant,
295 262 384 295 sicut
419 262 560 294 videtur
587 260 789 294 Bernardus
826 260 1048 292 commodius

59 314 224 355 sensisse,
253 325 358 358 quam
382 313 527 353 caeteri,
560 313 623 345 etsi
647 312 767 344 multis
797 311 974 343 erroribus
996 322 1050 342 as-

59 365 187 406 sensit,
215 372 252 398 ut
269 364 395 397 abusui
420 363 632 402 Missarum,
656 361 820 407 potestati
839 361 1049 406 pontificiae,

59 417 168 455 votis,
197 415 306 449 cultui
325 421 535 449 sanctorum.

162 482 243 516 Non
273 482 382 525 igitur
405 479 644 514 multitudinis
668 478 838 512 autoritas
865 479 1048 522 alleganda

60 540 110 567 est
128 541 250 567 contra
268 534 415 566 verbnm
431 532 516 572 Dei,
543 532 601 564 sed
630 532 850 563 redeundum
876 533 919 564 ad
948 543 1049 574 regu-

61 585 145 618 lam:
178 585 215 619 Si
242 584 321 630 quis
355 583 450 616 aliud
474 581 707 624 Evangelium
739 582 926 621 docuerit,
965 594 1051 614 ana-

61 633 175 669 thema
200 637 256 669 sit.
318 634 437 667 Prima
468 633 512 666 sit
535 633 704 665 autoritas
742 632 841 664 verbi
877 632 1050 665 divinitus

61 686 192 720 traditi.
263 685 400 717 Deinde
435 684 493 715 illa
531 689 580 716 est
615 682 770 715 Ecclesia
806 683 1049 723 existimanda,

60 749 149 781 quae
164 749 242 769 cum
262 736 367 768 verbo
385 735 445 766 illo
464 733 655 770 consentit,
683 741 721 767 ut
736 733 850 778 inquit
869 732 1048 767 Christus:

60 786 157 821 Oves
171 799 267 819 meae
287 797 405 819 vocem
421 796 532 817 meam
557 784 727 825 audiunt,
761 791 795 817 et
813 785 1047 828 Augustinus:

60 837 227 880 Quaestio
251 844 319 875 est,
348 836 409 869 ubi
434 835 478 869 sit
503 833 681 876 Ecclesia,
710 835 794 880 quid
822 847 904 878 ergo
921 836 1047 869 facturi

59 888 203 921 sumus?
241 887 282 920 ln
308 887 425 919 verbis
450 887 581 918 nostris
608 897 681 918 eam
707 886 898 931 quaesituri
918 899 1048 927 snmus,

57 951 100 972 an
116 938 153 971 in
179 937 295 970 verbis
321 937 441 980 capitis
469 937 520 970 sui
542 935 684 969 Domini
710 937 820 971 nostri
846 936 921 970 lesu
940 935 1046 971 Chri-

59 989 132 1023 sti?
172 988 261 1022 Puto
294 989 389 1033 quod
424 988 460 1020 in
495 988 565 1021 illis
592 988 708 1020 verbis
738 1000 906 1032 quaerere
941 989 1048 1021 debe-

59 1052 161 1084 πως,
202 1040 262 1085 qui
294 1040 422 1072 veritas
455 1046 525 1080 est,
564 1046 597 1072 et
628 1039 760 1083 optime
792 1040 891 1073 novit
921 1051 1047 1084 corpus

58 1102 170 1124 suum.

156 1157 225 1192 Sed
258 1155 316 1191 liic
346 1157 538 1196 obiicitur,
581 1157 608 1190 si
641 1157 848 1200 repudiatur
876 1143 1075 1191 autoritasl

56 1206 252 1250 Ecclesiae,
279 1210 483 1242 conceditur
507 1209 634 1241 deinde
658 1209 764 1241 nimis
785 1220 907 1251 magna
936 1209 1044 1241 licen-

56 1260 103 1293 tia
127 1260 344 1304 petulantiae
372 1260 619 1302 ingeniorum,
656 1271 736 1291 nam
762 1260 899 1292 reiectis
923 1257 1045 1292 Eccle-

57 1311 128 1344 siae
152 1311 352 1350 sententiis,
394 1311 496 1344 multi
519 1310 766 1352 excogitabunt
792 1322 898 1342 novas
921 1318 953 1343 et
978 1310 1044 1342 im-

56 1362 131 1406 pias
147 1361 455 1405 interpretationes
481 1361 684 1404 scripturae.
742 1359 819 1392 Hoc
844 1361 1040 1403 pericnlum

56 1425 135 1446 eum
152 1425 224 1445 non
245 1413 287 1445 sit
305 1413 616 1451 contemnendum,
645 1418 675 1444 et
693 1411 801 1455 prosit
818 1411 913 1443 illam
933 1411 1044 1443 licen-

56 1464 141 1497 tiam
166 1464 344 1504 coercere,
383 1474 504 1496 rursus
536 1463 728 1495 videndum
762 1468 831 1502 est,
872 1469 1042 1506 quatenus

57 1515 267 1559 requirenda
285 1514 328 1547 sit
346 1514 512 1547 autoritas
526 1512 714 1547 Ecclesiae.
757 1512 922 1546 Servetus
938 1514 1044 1553 enim,

59 1577 137 1598 cum
158 1571 300 1597 revovat
319 1565 466 1607 impium
489 1576 641 1596 errorem
660 1564 898 1602 samosateni,
924 1571 956 1597 et
980 1576 1044 1596 ne-

59 1621 116 1658 gat
133 1613 288 1647 Verbum
316 1614 464 1656 intelligi
491 1626 672 1657 personam
697 1614 733 1645 in
761 1612 825 1646 hoc
852 1615 960 1647 dicto:
1000 1613 1041 1646 ln

57 1665 233 1709 principio
250 1671 323 1697 erat
340 1665 507 1703 verbum,
535 1664 717 1706 magnifice
741 1665 916 1707 praedicat
942 1671 1042 1697 anto-

58 1716 196 1750 ritatem
215 1716 426 1758 scripturae,
455 1715 551 1747 iubet
570 1712 660 1747 hanc
683 1715 846 1747 anteferri
868 1713 1042 1747 Ecclesiae

58 1767 224 1807 decretis,
252 1766 379 1798 deinde
404 1766 528 1798 callide
554 1766 706 1809 disputat
730 1777 926 1798 sermonem
954 1766 1042 1797 sim-

58 1817 196 1861 pliciter
221 1817 488 1859 intelligendum
513 1828 595 1848 esse.
659 1815 748 1848 Cum
775 1816 867 1848 enim
895 1817 1041 1849 verbum

59 1869 93 1900 in
113 1869 288 1901 communi
308 1866 492 1900 bominum
510 1878 672 1899 sermone
688 1879 759 1898 non
777 1867 946 1909 significet
965 1879 1043 1911 per-

58 1931 202 1959 sonam,
244 1925 344 1961 negat
370 1919 462 1961 apud
490 1917 657 1950 loannem
685 1917 947 1960 intelligendam
972 1929 1043 1950 esse

59 1982 263 2014 personam,
291 1977 327 2001 ut
345 1970 371 2001 si
392 1966 645 2002 Demosthenes
664 1966 729 2000 hoc
744 1969 876 2000 dictum
898 1968 1042 2010 legeret:

58 2020 100 2052 ln
119 2020 292 2063 principio
311 2027 382 2052 erat
399 2021 564 2059 verbum,
592 2025 684 2052 certe
708 2031 779 2052 non
802 2019 969 2062 cogitaret
987 2020 1043 2051 in-

58 2071 166 2113 telligi
190 2082 370 2113 personam
389 2070 553 2114 aliquam.

163 2137 303 2180 Quaero
326 2138 452 2180 igitur,
477 2148 521 2169 an
540 2137 705 2169 adversus
723 2137 809 2170 tales
834 2150 906 2170 non
933 2138 1045 2181 prosit

59 2201 238 2233 opponere
262 2189 483 2220 autoritatem
507 2186 707 2220 Ecclesiae?
741 2187 809 2220 Hic
831 2191 1043 2232 respondeo:

60 2241 158 2273 Sicut
173 2239 405 2281 Evangelium
433 2238 601 2282 praecipit
625 2238 738 2270 audiri
759 2237 968 2280 Ecclesiam,
998 2240 1042 2272 ita

61 2302 196 2334 semper
218 2291 314 2332 dico,
342 2302 421 2323 eum
444 2296 601 2328 coetum,
630 2300 735 2331 penes
761 2301 862 2333 quein
881 2291 948 2323 fnit
966 2303 1043 2323 ver-

64 2342 146 2373 bum
170 2341 257 2381 Dei,
301 2348 333 2373 et
360 2341 421 2385 qui
452 2340 582 2372 dicitur
606 2338 785 2379 Ecclesia,
827 2341 1043 2374 audiendum
1069 2344 1070 2360 ¹

64 2403 153 2432 esse,
176 2392 262 2424 sicut
280 2392 439 2424 iubemus
463 2402 603 2435 qnoque
628 2390 743 2422 audiri
769 2397 907 2423 nostros
929 2400 1044 2435 pasto-

64 2453 128 2474 res.
181 2441 376 2475 Audiamus
402 2443 509 2485 igitur
532 2443 714 2474 docentem
742 2448 774 2474 et
797 2442 1043 2475 admonentem

62 2491 251 2525 Ecclesiam
265 2520 274 2533 ‚
300 2494 358 2526 sed
377 2506 448 2525 non
466 2501 607 2536 propter
624 2490 801 2524 Ecclesiae
823 2493 1045 2526 autoritatem

64 2544 276 2576 credendum
298 2551 357 2578 est.
409 2543 497 2577 Nam
516 2542 671 2576 Ecclesia
689 2554 761 2575 non
778 2543 898 2576 condit
918 2544 1044 2577 articu—

65 2595 117 2626 los
133 2594 230 2630 fidei,
259 2601 392 2626 tanturn
411 2596 511 2628 docet
527 2606 565 2626 ac
582 2595 760 2627 admonet.
812 2592 947 2627 Verum
966 2607 1048 2638 pro-

64 2651 141 2688 pter
167 2645 311 2677 verbum
333 2644 396 2678 Dei
427 2645 639 2678 credendum
664 2651 735 2685 est,
773 2656 853 2678 cum
885 2646 1048 2679 videlicet

387 75 423 108 2.
465 71 827 109 COMMENTARH
859 71 908 107 ΙΝ
934 71 1090 109 EPIST.

1119 70 1263 107 PAULl
1291 70 1358 107 AD
1386 72 1648 110 ROMANOS.
1699 75 1802 112 CAP.
1829 77 1927 114 xlv.
2030 78 2102 114 742

1103 158 1277 191 admoniti
1308 160 1351 192 al)
1376 157 1531 194 Ecclesia
1565 161 1800 205 intelligimus
1832 161 1922 196 lianc
1955 172 2096 197 seuten-
2142 177 2148 185 ·

1103 209 1186 241 tiam
1218 222 1295 242 vere
1322 218 1353 244 et
1379 212 1456 244 sine
1477 210 1666 256 sophistica
1694 214 1731 245 in
1759 215 1866 247 verbo
1894 213 1958 247 Dei
1984 216 2094 248 tradi-

1103 266 1171 291 tam
1192 271 1275 295 esse.

1202 316 1374 351 Fortassis
1393 318 1648 353 Demosthenes
1666 334 1737 355 non
1755 322 1920 364 cogitaret
1946 324 1987 355 de
2015 335 2093 366 per—

1101 379 1206 406 sona,
1234 368 1262 400 si
1280 368 1422 411 legeret:
1454 369 1493 402 ln
1515 372 1686 414 principio
1712 380 1784 405 erat
1811 374 1974 408 verbum.
2021 374 2089 408 Sed

1101 418 1244 451 auditor
1276 420 1478 453 admonitus
1505 422 1548 453 ab
1582 420 1753 462 Ecclesia,
1797 425 1892 467 quod
1932 423 2089 457 Verbum

1101 469 1271 512 significet
1296 483 1500 513 personam,
1535 472 1665 506 scilicet
1689 474 1799 505 filiurn
1824 474 1910 513 Dei,
1943 476 2089 508 adiuva-

1102 528 1158 553 tur
1176 520 1243 553 iam
1263 521 1307 553 ab
1327 519 1479 554 Ecclesia
1498 524 1644 556 docente
1669 531 1700 556 et
1719 525 1948 564 admonente,
1977 533 2009 558 et
2032 538 2089 558 ar-

1102 571 1247 604 ticulum
1273 573 1383 605 credit
1410 585 1480 605 non
1500 581 1642 617 propter
1660 572 1836 607 Ecclesiae
1854 576 2088 617 autoritatem,

1099 623 1157 654 sed
1176 622 1257 667 quia
1277 623 1371 656 videt
1390 622 1478 656 lianc
1496 625 1704 657 sententiam
1723 623 1850 657 habere
1867 625 1965 658 firma
1990 627 2089 660 testi-

1101 673 1238 717 monia,
1267 674 1302 706 in
1326 674 1397 717 ipsa
1424 675 1615 717 scriptura,
1645 676 1740 707 videt
1765 677 1806 707 de
1831 678 1982 720 quadam
2010 690 2089 719 per-

1100 735 1184 756 sona
1202 724 1283 765 dici,
1302 737 1391 769 quae
1407 734 1556 758 assumta
1574 723 1729 759 hnmana
1746 733 1881 766 natura,
1900 726 1936 758 in
1956 729 2088 761 mundo

1100 782 1301 808 conversata
1326 783 1375 809 est
1399 789 1477 808 cum
1502 773 1717 812 horninibus.
1771 775 1873 809 Hanc
1903 790 2087 820 personam

1100 825 1195 859 videt
1221 826 1391 870 appellari
1418 823 1538 874 λόγον.
1607 827 1752 870 Colligit
1781 828 1982 861 testimonia
2008 836 2088 872 apta

1099 883 1132 909 et
1150 877 1249 909 firma
1271 881 1313 911 de
1338 879 1476 910 duabus
1503 879 1638 911 naturis
1659 880 1694 910 in
1711 877 1875 917 Christo,
1904 880 1967 913 scit
1992 880 2087 912 enim

1098 928 1142 959 de
1168 934 1291 961 natura
1318 928 1383 962 Dei
1409 930 1624 961 credendum
1650 942 1722 962 esse
1745 929 1821 962 voci
1854 930 2013 970 coelesti,
2048 943 2087 965 ac

1098 989 1270 1011 summam
1300 979 1513 1023 impietatem
1546 992 1618 1012 esse
1650 981 1868 1013 comminisci
1901 981 2087 1024 opiniones

1097 1030 1140 1061 de
1165 1037 1288 1062 natura
1314 1031 1405 1075 Dei,
1432 1032 1508 1063 sine
1537 1032 1646 1075 ipsius
1670 1031 1869 1064 testimonio
1886 1033 1923 1066 2.
1938 1031 2034 1066 Petri
2055 1035 2087 1067 1.

1095 1079 1141 1113 Et
1157 1079 1283 1115 Matth.
1305 1082 1381 1116 16.;
1433 1080 1538 1115 Hunc
1558 1083 1690 1116 audite.

1203 1137 1288 1172 Item
1317 1140 1406 1173 valet
1426 1141 1536 1186 prima
1555 1139 1729 1181 Ecclesia,
1759 1147 1797 1173 ut
1821 1141 1915 1173 testis
1931 1138 2084 1184 Aposto-

1097 1188 1225 1221 lorum.
1284 1189 1430 1235 Loqnor
1455 1199 1570 1224 antem
1596 1193 1638 1224 de
1663 1192 1906 1234 dogmatibus,
1942 1204 2014 1224 non
2040 1193 2083 1224 de

1096 1237 1261 1272 humanis
1285 1242 1546 1276 traditionibus.
1616 1242 1704 1275 Nam
1730 1243 1890 1285 dogmata
1918 1243 2082 1275 volebant

1096 1302 1167 1322 esse
1185 1291 1284 1323 firma
1301 1299 1331 1325 et
1348 1300 1528 1339 perpetua.
1579 1292 1684 1326 Ritus
1705 1291 1878 1326 humanos
1893 1305 1965 1325 non
1985 1294 2082 1326 vole-

1095 1341 1179 1374 bant
1202 1353 1273 1374 esse
1301 1351 1487 1387 perpetuos
1507 1351 1566 1376 ant
1592 1344 1839 1378 immutabiles.
1892 1343 1965 1377 Nec
1987 1356 2082 1377 erra-

1094 1392 1180 1425 bant
1196 1393 1362 1436 Apostoli
1385 1395 1421 1426 in
1448 1396 1620 1429 doctrina.
1678 1393 1760 1427 Ideo
1786 1395 1925 1438 prodest
1949 1401 2082 1437 tenere,

1095 1443 1157 1474 ubi
1193 1444 1345 1486 allegant
1377 1446 1604 1479 vetustissimi
1642 1446 1829 1490 scriptores
1860 1446 2083 1479 autoritatem

1094 1492 1363 1539 Apostolorum.

1195 1552 1242 1586 Ut
1267 1555 1309 1586 de
1327 1553 1503 1588 Trinitate
1530 1556 1637 1588 citant
1663 1568 1740 1597 eos,
1769 1553 1961 1598 Origenes,
1989 1555 2081 1588 Ter-

1094 1604 1285 1643 tullianus,
1320 1605 1504 1646 Irenaens,
1547 1605 1740 1649 Gregorius
1766 1605 2079 1647 Neocaesariensis‚

1094 1654 1296 1687 Alexander
1314 1654 1508 1700 Episcopus
1526 1656 1807 1695 Alexandrinus,
1835 1664 1866 1690 et
1882 1657 1941 1689 alii
1965 1657 2080 1695 multi,

1095 1705 1154 1749 qui
1173 1718 1250 1738 cum
1270 1713 1440 1740 testentur
1457 1708 1652 1741 doctrinam
1670 1710 1712 1741 de
1729 1707 1904 1742 Trinitate
1920 1708 1964 1741 ab
1981 1708 2082 1751 Apo-

1093 1756 1191 1788 stolis
1210 1765 1383 1801 acceptam
1402 1771 1493 1800 esse,
1525 1759 1626 1791 valde
1644 1759 1851 1792 confirmant
1873 1758 1959 1802 pios.
2011 1757 2081 1793 Ita-

1093 1819 1160 1851 que
1178 1808 1258 1840 talia
1277 1809 1476 1842 testimonia
1497 1822 1568 1842 non
1586 1817 1669 1843 sunt
1686 1812 1915 1857 aspernanda.

1154 1855 1168 1867 ’
1194 1864 1275 1899 Dixi
1302 1875 1416 1901 autem
1445 1870 1639 1902 audiendos
1666 1881 1737 1902 esse
1759 1868 1962 1912 scriptores,
1990 1868 2079 1902 sicut

1094 1929 1188 1949 nunc
1206 1930 1346 1962 quoque
1371 1920 1519 1952 dicimus
1538 1922 1733 1952 audiendos
1756 1930 1828 1952 esse
1852 1920 2078 1952 concionato-

1095 1980 1166 2007 res,
1194 1969 1274 2013 quia
1292 1970 1402 2014 aliqui
1427 1977 1570 2003 manent
1593 1971 1628 2003 in
1646 1969 1821 2010 Ecclesia,
1848 1970 1907 2015 qui
1927 1970 2080 2004 retinent

1095 2020 1274 2052 veritatem
1299 2020 1385 2053 alias
1410 2021 1551 2064 purius,
1572 2022 1657 2054 alias
1684 2021 1868 2064 impurius.
1922 2020 1990 2054 Sed
2017 2021 2079 2053 ad-

1094 2071 1250 2103 dendum
1276 2078 1342 2112 est,
1378 2079 1416 2105 ut
1443 2072 1555 2105 auditi
1585 2073 1787 2106 iudicentur
1812 2085 1852 2105 ex
1877 2072 1983 2105 vetbo
2001 2070 2080 2113 Dei,

1094 2123 1187 2166 quod
1206 2133 1343 2166 semper
1360 2130 1478 2157 manet
1497 2124 1614 2167 regula
1633 2123 1827 2158 doctrinae.

1493 2223 1674 2269 Exempla.

1195 2288 1415 2334 Augustinus
1440 2292 1482 2324 de
1508 2301 1646 2336 peccato
1670 2291 1834 2333 originali
1860 2290 1974 2323 acrius
1994 2302 2079 2324 con-

1096 2342 1205 2374 tendit
1222 2355 1326 2386 quam
1345 2343 1481 2386 reliqui.
1530 2343 1639 2376 Docet
1659 2344 1763 2385 igitur
1781 2350 1813 2375 et
1832 2350 1965 2381 monet,
1983 2354 2080 2374 cum-

1097 2405 1162 2436 que
1182 2394 1361 2426 videamus
1376 2406 1453 2426 eum
1473 2406 1553 2426 vere
1577 2401 1609 2427 et
1633 2395 1707 2427 sine
1727 2391 1915 2437 sophistica
1934 2392 2080 2425 recitare

1096 2445 1304 2476 sententiam
1330 2445 1542 2486 scripturae,
1586 2445 1762 2478 credimus
1789 2444 1975 2478 articulum
2008 2455 2081 2475 non

1096 2503 1240 2538 propter
1267 2495 1529 2537 Augustinum,
1570 2498 1629 2528 sed
1662 2503 1804 2539 propter
1830 2496 1976 2527 verbum
2000 2493 2081 2534 Dei,

1098 2553 1130 2578 et
1147 2546 1306 2578 videmus
1323 2547 1414 2578 idem
1440 2547 1569 2580 sentire
1588 2547 1802 2591 superiores,
1828 2545 1962 2579 etiamsi
1988 2542 2082 2577 hunc

1098 2597 1285 2629 articulum
1315 2608 1386 2629 non
1422 2603 1492 2629 tam
1529 2599 1670 2642 copiose
1705 2605 1765 2632 aut
1798 2604 1868 2631 tam
1903 2595 2082 2640 perspicue

1098 2654 1303 2683 tractarunt.

1532 2694 1612 2731 47*
