2415 2942
232 92 306 128 359

234 177 336 210 aliter
353 171 492 216 agnosci
511 177 542 203 et
560 167 715 201 invocari
740 164 864 210 possit,
889 164 957 197 nisi
973 163 1063 196 sicut
1079 159 1213 196 Christi

240 226 453 261 revelatione
473 220 660 265 patefactus
676 223 737 252 est.
792 215 894 254 Item,
919 214 1013 259 quod
1036 212 1155 247 omnia
1179 212 1222 245 ad

241 278 384 311 salutem
417 270 608 305 necessaria
640 266 824 301 tradiderit
847 263 1027 305 Christus,
1061 275 1125 296 nec
1155 263 1225 296 sint

241 324 438 373 quaerenda
472 332 583 354 novae
607 317 905 356 illuminationes,
937 328 999 348 nec
1026 314 1224 359 quaerenda

241 378 308 411 alia
327 374 496 408 doctrina.
540 369 615 403 Hae
633 368 823 402 sententiae
843 378 980 409 semper
997 366 1066 399 sint
1085 365 1122 397 in
1141 376 1224 397 con-

243 433 379 470 spectu,
405 430 442 457 nt
459 417 713 465 philosophicis
728 417 977 462 opinionibus,
1003 428 1064 450 seu
1087 415 1227 459 sapien-

243 479 310 512 tiae
341 473 472 508 carnali
505 477 741 516 opponantur.
803 468 911 502 Multi
943 467 1080 510 fingunt
1109 467 1226 499 Deum

245 538 344 573 posse
363 523 501 567 agnosci
518 530 549 555 et
570 521 654 561 coli,
689 521 792 553 ctiam
816 519 890 552 sine
912 518 1042 551 noticia
1065 523 1097 550 et
1122 516 1229 549 mini—

246 578 352 612 sterio
377 573 582 617 Evangelii,
617 571 699 616 quia
730 569 884 603 humana
915 570 1004 602 ratio
1039 568 1142 600 etiam
1167 567 1229 599 scit

246 639 358 663 unum
379 638 449 659 esse
468 625 582 657 Deum
596 650 604 663 ,
629 629 661 655 et
681 622 778 655 novit
795 621 916 663 legem.
969 619 1037 653 Sed
1062 616 1120 652 hic
1143 618 1230 650 scia·

249 690 346 716 mus,
381 677 597 710 voluntatem
622 672 686 706 Dei
713 674 756 705 de
779 671 983 704 remissione
1010 676 1230 712 peccatorum

250 729 415 764 donanda
448 732 591 771 propter
626 724 854 756 mediatorem
889 721 1019 760 filium,
1079 720 1231 761 ignotam

250 781 356 814 fuisse
391 776 565 810 humanae
608 774 737 807 rationi
780 780 811 805 et
851 771 1016 804 omnibus
1057 769 1235 808 creaturis,

252 831 456 876 priusquam
478 826 609 870 prolata
628 831 677 857 est
698 836 738 856 ex
764 823 843 855 sinu
865 833 991 853 arcano
1018 820 1150 852 aeterni
1175 831 1234 862 pa-

252 882 316 915 tris
342 891 404 923 per
428 878 553 911 filium.
606 875 749 907 Necesse
776 879 825 905 est
848 872 954 914 igitur
977 870 1099 903 audire
1117 868 1234 902 Evan-

253 932 403 975 gelium,
436 935 475 961 ut
498 927 584 959 alias
608 936 708 969 saepe
733 924 865 957 dictum
892 928 942 955 est
966 922 1008 954 de
1034 920 1238 953 discrimine

254 982 339 1025 legis
357 987 388 1012 et
404 976 601 1020 Evangelii.

356 1029 494 1064 Deinde
526 1027 630 1060 etiam
662 1023 719 1065 hi,
761 1024 822 1069 qui
856 1022 1047 1056 audierunt
1077 1018 1239 1063 Evange-

256 1083 363 1122 lium,
404 1078 592 1113 difficulter
617 1076 859 1121 acquiescunt,
898 1079 1065 1116 expetunt
1088 1072 1174 1104 alias
1197 1071 1240 1103 il-

255 1131 509 1167 luminationes
526 1134 585 1161 aut
601 1127 778 1160 contuitus
787 1124 962 1164 clariores,
978 1123 1108 1168 quibus
1118 1129 1241 1166 optant

259 1197 293 1218 se
311 1182 410 1216 reddi
428 1180 610 1219 certiores,
642 1178 737 1211 unde
754 1173 1022 1213 Exuhusiastae,
1056 1173 1242 1217 anabapti-

260 1243 349 1273 stae,
386 1230 539 1265 etmulti
562 1228 703 1262 fanatici
727 1227 795 1260 orti
820 1232 922 1265 sunt,
957 1232 989 1258 et
1015 1224 1243 1268 experiuntur

261 1295 382 1319 omnes
400 1283 469 1327 pii,
489 1291 616 1323 magno
634 1277 823 1312 certamine
839 1276 1080 1320 reprimendos
1095 1282 1127 1309 et
1144 1275 1244 1307 coe'r-

261 1335 392 1369 cendos
416 1344 489 1366 esse
511 1337 675 1373 vagantes
697 1329 851 1366 animos,
885 1333 923 1360 ut
944 1327 986 1359 ad
1010 1324 1076 1358 hoc
1098 1326 1244 1358 verbum

261 1386 432 1421 traditum
455 1395 473 1415 a
491 1379 652 1420 Christo,
679 1386 710 1412 et
728 1390 790 1422 per
809 1377 1017 1421 Apostolos,
1045 1376 1245 1418 alligentur,

264 1444 298 1471 et
325 1436 363 1468 in
389 1446 428 1467 eo
455 1433 693 1476 acquiescant,
726 1441 764 1462 ac
784 1434 937 1461 statuant
960 1438 1040 1459 vere
1065 1424 1156 1459 hanc
1180 1425 1246 1459 Dei

263 1480 482 1521 voluntaterri
501 1494 578 1525 erga
594 1493 658 1514 nos
673 1492 765 1520 esse,
790 1492 893 1524 quam
911 1478 968 1510 hic
986 1477 1158 1522 patefecit.
1208 1475 1247 1510 Si

264 1549 361 1571 nunc
378 1537 420 1568 de
443 1533 541 1568 coelo
565 1532 631 1565 tibi
657 1531 855 1563 mitteretur
879 1529 1041 1571 angelus,
1075 1527 1248 1560 nuncians

266 1588 331 1622 tibi
349 1586 462 1620 Deum
478 1585 650 1628 placatum
671 1593 760 1621 esse,
796 1587 830 1614 et
852 1581 1065 1613 adderentur
1091 1578 1249 1611 testimo-

267 1639 348 1678 nia,
378 1636 542 1669 videlicet
565 1633 649 1666 solis
671 1642 864 1674 regressus,
906 1637 946 1664 ut
967 1627 1137 1663 Ezechiae
1160 1635 1250 1661 tem-

267 1701 371 1734 pore,
400 1695 474 1721 tum
496 1697 578 1717 vero
596 1683 797 1726 gavisurum
815 1689 867 1721 te,
880 1688 950 1714 tam
969 1680 1099 1713 illustri
1117 1678 1250 1722 signifi-

271 1740 406 1773 catione
432 1735 622 1769 voluntatis
644 1733 709 1766 Dei
734 1732 927 1765 arbitraris.
982 1731 1030 1764 At
1055 1731 1166 1763 maius
1192 1731 1252 1762 be-

271 1790 435 1824 neficium
455 1794 523 1826 est,
549 1786 660 1818 filium
680 1795 752 1817 esse
770 1784 934 1822 missum,
970 1794 1008 1814 ac
1026 1781 1132 1814 fuisse
1158 1791 1253 1812 nnn-

272 1841 365 1874 cium
390 1839 476 1872 tanti
501 1835 667 1870 muneris.
727 1833 844 1866 Huius
867 1833 931 1866 filii
954 1833 1060 1865 verbo
1086 1832 1160 1864 vult
1190 1842 1254 1862 nos

273 1891 434 1929 credere,
468 1900 531 1921 nec
561 1887 646 1920 alias
676 1885 855 1918 doctrinas
885 1890 945 1917 aut
977 1882 1256 1915 illuminationes

275 1952 452 1987 quaerere.
504 1937 560 1971 Ad
578 1935 669 1969 hanc
685 1935 892 1969 sententiam
916 1933 1192 1967 confirmandam
1218 1932 1255 1963 in

274 1992 399 2031 nobis,
441 1988 574 2022 dictum
599 1985 664 2020 hoc
689 1986 972 2019 meminerimus:
1010 1981 1144 2017 Omnia
1168 1993 1258 2027 qnae

277 2042 397 2077 audivi
414 2052 433 2074 a
455 2046 552 2084 patre
576 2050 651 2070 meo
666 2064 673 2078 ,
701 2036 846 2080 patefeci
871 2035 984 2070 vobis.
1036 2032 1200 2067 Affirmat
1223 2043 1259 2064 se

278 2093 436 2127 attulisse
466 2089 679 2127 doctrinam,
712 2087 873 2119 videlicet
903 2087 945 2118 de
974 2084 1258 2118 reconciliatione

279 2145 433 2187 ignotam
457 2140 625 2174 omnibus
651 2137 836 2177 creaturis,
871 2136 1042 2180 prolatam
1067 2146 1105 2166 ex
1133 2144 1261 2165 arcano

279 2196 360 2228 sinu
376 2192 496 2242 patris.
549 2189 648 2223 Hanc
667 2189 741 2221 vult
762 2198 826 2220 nos
843 2185 1025 2229 amplecti,
1052 2185 1089 2216 in
1107 2182 1170 2216 hac
1187 2183 1262 2215 vult

280 2256 345 2278 nos
369 2243 605 2288 acquiescere,
640 2251 703 2271 nec
726 2238 810 2270 alias
835 2237 1042 2283 opiniones,
1075 2235 1163 2268 alios
1188 2234 1264 2266 cul-

281 2304 355 2338 tus,
383 2295 466 2328 alias
483 2291 713 2326 revelationes
732 2295 901 2332 expetere.

376 2376 493 2411 Posui
509 2388 586 2415 cos,
614 2379 651 2409 ut
670 2372 783 2416 eatis,
811 2371 1015 2421 elsruclum
1025 2368 1179 2418 feralis.

386 2445 498 2479 Addit
515 2443 807 2477 consolationem:
836 2440 874 2475 Si
891 2439 982 2474 hanc
1001 2450 1113 2472 meam
1137 2437 1268 2471 doctri-

288 2509 369 2531 nam
402 2495 618 2534 retinebitis,
651 2494 801 2526 sructum
832 2492 960 2527 seretis.
1017 2489 1190 2523 Miserum
1219 2494 1268 2520 est

288 2558 433 2591 magnos
448 2546 585 2579 labores
601 2544 790 2581 sustinere,
818 2543 878 2587 qui
896 2554 959 2575 nec
980 2541 1066 2581 tibi,
1100 2551 1164 2573 nec
1190 2538 1268 2572 aliis

288 2599 444 2643 prosint,
477 2603 516 2630 ut
534 2596 625 2639 apud
647 2595 776 2626 inferos
800 2591 972 2639 Sisyphus
997 2602 1117 2625 saxum
1143 2590 1269 2623 adver-

288 2661 345 2683 sus
375 2654 530 2682 montem
554 2657 654 2689 agere
677 2644 814 2679 dicitur.
876 2643 992 2677 Multo
1019 2654 1102 2675 vero
1135 2640 1268 2675 tristius

816 79 944 115 PIIIL.
970 77 1086 113 MEL.
1113 75 1320 112 SCRIPTA
1346 74 1645 112 EXEGETtCA.

2172 79 2250 115 340

1272 169 1337 204 est,
1363 162 1544 195 laboribus
1569 168 1602 195 et
1624 163 1910 198 contentionibus
1933 170 2068 198 tantum
2092 171 2251 199 aeternas

1274 224 1594 258 poenasaccersere,
1610 213 1698 246 sicut
1713 213 1815 246 multi
1833 221 1989 257 gerentes
2007 216 2135 249 iniusta
2147 217 2251 257 bella,

1273 272 1306 298 ct
1325 264 1384 297 alii
1407 270 1667 307 propugnantes
1689 264 1796 307 impia
1820 265 1994 307 dogmata.
2053 266 2169 309 Quam
2195 267 2252 300 lu-

1274 316 1382 358 gubre
1399 314 1633 357 spectaculum
1651 314 1715 347 fuit
1733 314 1903 347 excidium
1923 314 2155 362 lerosolymae
2179 317 2252 361 regi

1275 362 1486 404 Zedechiac,
1513 371 1546 397 et
1562 364 1640 397 aliis
1658 365 1896 408 principibus,
1923 377 2002 399 cum
2020 367 2175 401 videntes
2192 380 2254 401 ur-

1276 417 1330 449 bis
1355 415 1578 453 incendium,
1613 415 1812 459 cogitarunt
1835 427 1871 448 se
1894 416 1966 449 suis
1989 417 2144 450 consiliis
2169 417 2254 452 haec

1278 467 1430 510 ingentia
1458 466 1547 498 mala
1572 465 1640 498 sibi
1665 473 1697 499 et
1717 463 1893 499 Ecclesiae
1914 464 1980 499 Dei
2010 468 2254 502 accersivisse?

1279 517 1329 551 Ac
1346 515 1508 550 Christus
1531 528 1608 549 cum
1634 517 1677 549 de
1699 515 1785 549 luda
1815 516 1989 562 loquitur,
2023 518 2148 551 melius
2171 526 2259 553 esset

1280 568 1337 601 isti
1358 565 1495 600 homini
1520 579 1592 599 non
1618 579 1689 600 esse
1711 574 1854 607 natum,
1889 567 2059 610 significat
2080 569 2258 612 ingentem

1281 618 1455 651 miseriam
1475 629 1566 658 esse,
1593 618 1738 650 consilia
1755 624 1787 651 et
1804 618 1940 651 labores
1955 619 2131 667 suscipere
2143 647 2152 660 ,
2179 620 2260 666 qui-

1282 670 1347 702 bus
1363 669 1412 701 ira
1429 667 1494 701 Dei
1512 668 1670 702 irritatur
1690 675 1722 702 et
1744 668 1855 702 exitus
1875 667 1980 701 Iudae
2002 671 2153 704 ostendit
2176 669 2260 704 hor-

1282 719 1401 753 rendis
1418 719 1570 752 tenebris
1593 726 1626 752 et
1649 719 1750 751 furiis
1775 719 1926 763 opprimi
1950 717 2108 754 homines
2133 721 2262 755 iniusta

1283 777 1450 813 gerente&
1501 769 1598 803 Sicut
1617 769 1721 803 Iudas
1737 769 1803 802 sibi
1822 776 1970 804 mortem
1996 771 2198 813 consciscit,
2224 779 2265 806 ut

1284 821 1470 862 abrumpat
1490 820 1668 860 dolorem,
1695 827 1727 853 et
1743 827 1857 853 tamen
1875 827 1992 863 postea
2009 828 2168 855 aeternos
2183 835 2265 856 cru-

1286 871 1395 904 ciatus
1411 870 1526 902 sentit.
1577 870 1648 903 Iam
1665 871 1775 913 cogita
1792 871 1977 904 maximam
2005 879 2137 915 partem
2160 884 2266 916 gene-

1286 922 1334 954 ris
1349 918 1495 953 humani
1513 920 1646 963 frangi,
1673 928 1732 954 aut
1750 921 1953 963 inutilibus,
1985 929 2044 956 aut
2062 923 2267 966 perniciosis

1288 971 1584 1004 contentionibus.
1646 970 1754 1005 Multi
1780 973 1939 1013 fuerunt,
1973 979 2072 1014 sunt,
2108 980 2141 1007 et
2165 980 2269 1008 erunt

1289 1021 1396 1054 Iudae
1413 1021 1565 1061 similes,
1590 1027 1629 1054 ut
1646 1022 1746 1064 impii
1769 1023 1927 1056 doctores
1951 1024 2109 1057 omnium
2133 1030 2271 1068 tempo-

1289 1083 1378 1105 rum.
1433 1069 1548 1113 Quam
1568 1071 1669 1104 multi
1686 1073 1828 1105 fuerunt
1847 1073 2094 1108 excellentibus
2119 1075 2271 1118 ingeniis

1290 1121 1463 1166 praediti,
1487 1122 1546 1166 qui
1566 1128 1683 1154 tamen
1700 1133 1754 1155 res
1771 1129 1831 1155 aut
1852 1123 2014 1162 inutiles,
2048 1131 2108 1158 aut
2132 1132 2270 1159 tantum

1292 1172 1505 1217 perniciosas
1519 1172 1637 1214 generi
1655 1170 1810 1205 humano
1827 1181 2019 1215 gesserunt.
2068 1174 2141 1209 Res
2159 1183 2272 1219 gestae

1291 1222 1488 1257 Alcibiadis
1505 1234 1626 1255 omnes
1644 1223 1689 1255 ab
1703 1223 1805 1256 initio
1820 1234 1932 1268 usque
1947 1224 1990 1256 ad
2014 1224 2118 1257 finem
2142 1237 2275 1259 nocue-

1293 1281 1377 1307 runt
1393 1273 1478 1317 ipsi,
1503 1279 1536 1305 et
1554 1272 1698 1316 patriae.
1735 1272 1859 1311 Bruti,
1886 1272 2018 1313 Cassii,
2045 1274 2214 1317 Antonii,
2241 1282 2275 1310 et

1295 1325 1445 1358 aliorum
1464 1323 1776 1356 innumerabilium
1795 1323 1894 1364 bella,
1912 1324 1995 1368 quid
2013 1332 2094 1359 sunt
2109 1327 2178 1359 nisi
2196 1338 2277 1370 per-

1295 1374 1419 1407 niciosi
1437 1374 1634 1407 tumultus?
1666 1373 1769 1408 Nune
1784 1386 1924 1419 quoque
1939 1387 2044 1420 quam
2067 1377 2170 1420 pauci
2194 1383 2277 1410 sunt

1297 1426 1464 1458 salutares
1480 1424 1666 1467 principe&

1398 1474 1492 1507 Haec
1509 1475 1545 1506 in
1561 1473 1716 1507 historiis
1741 1481 1774 1508 et
1798 1474 1868 1508 vita
1891 1476 2096 1520 quotidiana
2120 1484 2278 1511 contem-

1298 1526 1455 1570 plemur,
1481 1532 1520 1558 ut
1536 1527 1577 1558 de
1595 1536 1655 1557 sua
1671 1525 1819 1569 quisque
1836 1526 2036 1567 vocatione,
2063 1535 2097 1562 et
2118 1529 2161 1561 de
2184 1530 2278 1564 exitu

1299 1576 1436 1619 cogitet.
1495 1575 1656 1609 Primum
1690 1576 1825 1608 vocatio
1855 1576 1988 1618 placeat
2018 1576 2113 1619 Deo,
2152 1579 2281 1614 deinde

1300 1628 1436 1670 depone
1452 1626 1613 1658 fiduciam
1631 1626 1701 1669 tui,
1728 1632 1761 1658 et
1777 1626 1863 1659 scias
1878 1638 1949 1659 non
1965 1628 2039 1670 regi
2064 1640 2206 1671 magnas
2228 1642 2284 1664 res

1301 1676 1455 1711 humana
1471 1677 1662 1720 sapientia,
1685 1677 1742 1709 sed
1761 1675 1834 1709 Deo
1852 1685 2069 1712 monstrante
2087 1681 2232 1714 consilia
2250 1689 2283 1715 et

1303 1728 1521 1767 occasiones,
1554 1733 1586 1759 et
1616 1727 1820 1760 adiuvante.
1878 1727 2058 1772 Proponas
2087 1730 2194 1773 igitur
2217 1732 2284 1766 tihi

1304 1778 1441 1811 divinas
1460 1777 1727 1821 promissiones,
1745 1784 1776 1811 et
1795 1785 1938 1822 propter
1953 1791 2008 1812 eas
2025 1780 2149 1814 invoca
2160 1781 2284 1824 Deum,

1305 1837 1337 1863 et
1353 1835 1429 1872 pete
1447 1828 1616 1860 auxilium
1635 1828 1671 1860 in
1695 1829 1895 1868 vocatione,
1930 1841 2033 1874 qnam
2058 1831 2132 1874 ipse
2156 1845 2285 1877 appro-

1306 1882 1384 1920 bat,
1427 1885 1459 1912 et
1490 1878 1617 1911 fiducia
1646 1879 1863 1922 praesentiae
1885 1878 1950 1911 Dei
1976 1881 2111 1924 suscipe
2136 1882 2285 1922 labores,

1308 1929 1554 1964 convenientes
1575 1935 1634 1961 tuo
1654 1929 1803 1961 muneri.
1853 1928 1900 1961 lta
1919 1936 1951 1962 et
1967 1930 2045 1963 aliis
2063 1932 2286 1974 profuturnm

1308 1987 1357 2013 est
1373 1986 1472 2012 tuum
1492 1978 1744 2018 ministerium,
1768 1985 1799 2011 et
1824 1985 1863 2012 tu
1884 1979 1957 2023 ipse
1980 1993 2051 2013 non
2073 1982 2210 2017 amittes
2234 1984 2288 2016 vi-

1310 2038 1380 2064 tam
1411 2036 1607 2068 aeternam,
1642 2031 1699 2061 sed
1724 2029 1827 2061 etiam
1853 2032 2017 2072 praemiis
2045 2034 2226 2067 ornaberis
2250 2035 2287 2068 in

1310 2079 1375 2113 hac
1403 2081 1474 2114 vita
1509 2086 1542 2112 et
1573 2086 1648 2122 post
1675 2077 1765 2112 hanc
1787 2080 1906 2113 vitam.
1964 2080 2060 2115 Haec
2083 2090 2133 2117 est
2156 2097 2236 2118 vera
2257 2092 2291 2120 et

1311 2132 1409 2164 firma
1427 2130 1640 2170 consolatio,
1665 2142 1770 2177 quam
1789 2136 1821 2162 et
1845 2129 1900 2163 hic
1919 2129 2078 2174 Christus
2103 2135 2289 2179 aliquoties

1313 2181 1485 2221 inculcat,
1511 2187 1542 2214 et
1559 2192 1657 2223 saepe
1675 2187 1836 2224 repetunt
1852 2183 2037 2216 conciones
2059 2184 2216 2224 divinae,
2251 2193 2291 2221 ut

1315 2244 1418 2275 supra
1435 2232 1519 2266 dixi.
1571 2230 1614 2264 Et
1632 2230 1762 2264 Paulus
1778 2232 1918 2266 clamat:
1945 2233 2063 2266 Labor
2081 2242 2193 2269 vester
2215 2248 2288 2270 non

1316 2290 1365 2316 est
1382 2283 1502 2315 irritus
1522 2293 1583 2325 per
1599 2280 1806 2317 Dominum.

1417 2332 1469 2366 Ac
1484 2333 1587 2366 nobis
1610 2333 1644 2365 in
1663 2331 1824 2366 Ecclesia
1838 2332 2022 2377 praecipue
2046 2346 2134 2379 opus
2156 2343 2205 2371 est
2227 2335 2294 2372 hac

1317 2384 1573 2424 consolatione,
1599 2384 1660 2416 ubi
1684 2383 1958 2416 circumferimus
1981 2386 2176 2420 doctrinam
2199 2388 2294 2421 invi-

1317 2447 1389 2469 sam
1407 2436 1552 2475 mundo,
1570 2441 1604 2467 et
1620 2434 1781 2467 videmur
1795 2432 1886 2467 nihil
1904 2435 2069 2477 proficere
2083 2449 2194 2481 posse,
2210 2440 2293 2485 quia

1319 2487 1549 2519 adversantur
1575 2485 1678 2518 nobis
1708 2485 1836 2518 summi
1865 2495 1980 2528 reges,
2015 2494 2046 2520 et
2079 2489 2189 2522 multa
2212 2497 2293 2524 sunt

1319 2536 1567 2580 impedimenta
1581 2562 1590 2576 ‚
1630 2535 1767 2579 inopia,
1800 2535 1927 2575 fames,
1960 2544 2072 2571 metus
2096 2540 2295 2573 crudelissi-

1318 2599 1456 2621 morum
1473 2585 1738 2631 suppliciorum.
1792 2585 1886 2619 lnter
1901 2583 1985 2619 haec
2001 2589 2089 2622 mala
2106 2591 2296 2632 cogitemus

1319 2638 1588 2683 promissionem
1604 2634 1735 2671 Christi
1753 2637 1852 2670 toties
1867 2637 2065 2681 repetitam:
2087 2639 2158 2683 Qui
2179 2648 2295 2675 manet

2197 2749 2210 2758 e-
