2415 2942
70 114 141 150 961
343 111 440 147 Xltl.

178 197 318 234 Omitto
338 205 453 233 antem
472 199 668 243 longiorem
680 199 967 240 declarationem,
989 199 1070 244 quia

76 250 302 285 mediocriter
327 250 501 284 institutis
519 263 591 283 non
611 257 661 284 est
685 250 839 283 difficilis
865 251 1069 283 considera—

76 303 136 337 tio.
190 300 230 334 ln
249 300 405 335 Ecclesia
425 302 565 334 eosdem
587 302 681 334 locos
698 300 982 334 consolationum
1013 313 1069 333 re-

75 353 163 391 cito,
192 353 252 385 sed
278 354 369 386 addo
395 353 483 386 alios
510 352 650 397 proprie
677 351 909 394 evangelicos.
978 350 1068 385 Nam

75 401 311 448 philosophici
348 415 387 436 ex
424 403 509 446 legis
538 402 698 436 doctrina
731 402 910 435 oriuntur.
988 401 1068 435 Non

75 461 158 488 sunt
180 455 287 498 igitur
305 454 528 498 negligendi,
557 455 614 487 sed
640 460 757 487 tamen
782 453 864 485 addi
891 454 1068 495 evangeli-

77 517 134 538 cos
157 512 306 550 oportet.
373 504 421 539 Et
446 505 575 538 Paulus
600 504 636 536 in
665 501 730 536 hac
763 504 1004 537 consolatione
1028 517 1067 536 ex

75 557 149 600 lege
175 556 279 590 etiam
303 556 411 590 sumit
432 561 656 599 argumenta,
683 561 720 588 ut
740 566 819 587 cum
846 556 889 588 de
908 554 1066 589 Necessi-

75 614 145 641 tate
160 614 193 641 et
212 608 379 652 exemplis
404 607 501 640 dicit.

380 657 472 691 Sunt
488 657 594 700 igitur
612 653 649 689 hi
670 656 757 689 loci:

179 708 212 743 l.
241 706 452 749 Necessitas,
481 708 563 753 quia
584 706 659 740 Deo
678 718 818 740 necesse
845 708 1068 749 est'obedire,

227 758 322 792 iuxta
347 759 504 792 dictum:
548 757 800 791 Humiliamini
832 759 897 791 sub
931 759 1066 802 potenti

228 821 335 843 manu
358 808 424 843 Dei
443 836 452 850 ‚
495 815 528 842 et
556 807 640 843 haec
666 809 869 843 obedientia
895 809 931 844 fit
954 811 1065 843 sacri-—

227 859 356 893 ficium.

174 911 208 944 2.
245 908 437 954 Dignitatis
481 910 623 944 virtutis
666 911 894 944 anteferenda
937 911 1066 952 dolori,

225 972 307 994 nam
337 961 404 994 hoc
425 973 567 1006 quoqne
595 962 649 995 lex
675 962 867 1007 praecipit,
902 974 946 996 ne
967 962 1065 997 fracti

224 1013 347 1046 dolore
364 1013 494 1045 iniusta
513 1013 694 1048 faciamus.

236 1062 336 1096 Bona
357 1063 582 1096 conscientia.

240 1113 431 1147 Promissio
452 1115 671 1149 remissionis
696 1121 918 1159 peccatorum
948 1120 982 1148 et
1009 1125 1065 1147 re-

226 1165 498 1198 conciliationis.

234 1215 426 1249 Promissio
454 1215 577 1249 auxilii
603 1215 739 1256 divini,
768 1215 999 1258 mitigationis
1026 1228 1064 1248 ac

224 1267 440 1310 praesentiae
457 1266 521 1300 Dei
541 1267 578 1299 in
601 1267 685 1310 ipsis
704 1268 896 1300 aerumnis.

245 1317 437 1351 Promissio
462 1318 682 1350 liberationis
704 1318 818 1350 finalis
845 1324 879 1351 et
903 1324 1062 1351 aeternae

224 1369 365 1409 salutis,
394 1368 483 1402 sicut
504 1368 567 1401 Iob
585 1369 716 1413 inquit:
753 1367 901 1402 Etiamsi
926 1369 1061 1402 occidet

224 1431 297 1457 me,
323 1420 470 1463 sperabo
490 1419 527 1451 in
549 1431 601 1451 eo.

239 1468 411 1514 Exempla
429 1470 491 1502 filii
509 1468 574 1502 Dei
593 1476 626 1503 et
643 1470 828 1503 universae
846 1467 1033 1503 Ecclesiae.

201 1544 210 1554 .
238 1519 370 1554 Causae
387 1521 520 1561 finales,
544 1521 626 1565 quia
646 1521 839 1563 affligimur
857 1532 928 1553 non
947 1527 985 1554 nt
1003 1532 1061 1564 pe-

224 1583 384 1609 reamus,
425 1573 484 1604 sed
511 1578 549 1604 ut
575 1583 781 1604 revocemur
807 1572 849 1604 ad
878 1572 1060 1615 poeniten-

221 1622 316 1655 tiam.
379 1620 484 1663 Item,
513 1628 551 1655 ut
579 1628 736 1655 crescant
765 1622 803 1654 in
829 1622 932 1655 nobis
956 1622 1063 1655 timor

223 1672 312 1712 Dei,
341 1672 445 1711 sides,
472 1672 661 1708 invocatio.
713 1671 817 1713 Item,
846 1679 883 1706 ut
913 1673 949 1705 in
977 1685 1062 1706 con-

224 1723 376 1756 fessione
396 1723 594 1756 celebretur
618 1723 721 1757 Deus.

172 1774 206 1808 9.
235 1773 385 1808 Collatio
412 1781 621 1814 eventuum,
654 1781 692 1807 ut
716 1773 841 1807 melius
867 1774 934 1808 suit
959 1772 1061 1807 lona-

225 1822 305 1858 thae
331 1825 441 1864 mori,
470 1837 576 1869 quam
607 1825 681 1858 fieri
705 1825 897 1870 aliquando
926 1822 1061 1859 hostem

225 1875 384 1910 Davidis.

150 1925 249 1960 Hanc
272 1927 414 1960 brevem
441 1937 614 1959 summam
638 1924 821 1958 doctrinae
846 1926 889 1958 de
912 1938 1013 1959 cruce
1030 1932 1063 1960 et

73 1978 115 2010 dc
139 1977 442 2011 consolationibus
470 1977 671 2009 intueamur
687 1977 791 2010 etiam
813 1977 848 2009 in
866 1974 929 2010 hac
945 1978 1062 2021 splen-

73 2029 256 2062 didissima
281 2027 383 2061 Pauli
408 2029 598 2070 concione,
637 2028 674 2060 in
693 2040 759 2072 qua
785 2029 937 2069 primum
959 2040 1061 2072 argn-

73 2086 232 2112 mentum
266 2085 422 2112 sumtum
455 2086 506 2113 cst
536 2079 581 2111 ab
614 2078 709 2111 exitu
742 2078 997 2120 afflictionum,
1031 2086 1063 2113 et

75 2130 172 2162 finali
191 2129 402 2162 liberatione
425 2136 459 2163 et
481 2135 621 2162 aeterua
642 2129 767 2163 salute.
815 2129 904 2163 Nam
924 2128 991 2163 hoc
1008 2142 1062 2163 ar-

73 2187 277 2223 gumentum
301 2180 527 2224 praecipuum
551 2187 619 2213 est:
648 2179 753 2213 Mens
774 2180 898 2214 videns
918 2182 1063 2222 bonum,

73 2231 206 2265 scilicet
223 2238 402 2265 aeternam
428 2231 576 2264 salutem
596 2230 765 2272 laetatur,
790 2238 824 2265 et
849 2233 967 2265 minus
986 2245 1064 2265 mo·

75 2290 177 2316 vetur
215 2281 390 2326 praesenti
424 2282 547 2315 dolore
570 2308 579 2321 ‚
621 2293 725 2326 quem
756 2283 819 2315 scit
858 2284 964 2316 breve
998 2283 1066 2316 iter

76 2344 158 2368 esse.
218 2334 271 2366 Ac
294 2344 397 2377 saepe
419 2333 592 2377 repetitur
616 2330 683 2366 hoc
708 2333 935 2377 praecipuum
960 2345 1063 2376 argu-

77 2389 233 2417 mentum
252 2384 289 2416 in
316 2381 381 2417 hac
405 2384 479 2428 ipsa
498 2383 600 2416 Pauli
622 2384 809 2425 concione,
838 2383 934 2428 quod
962 2385 1064 2418 initio

76 2435 198 2468 recitat
215 2432 270 2468 liis
286 2434 420 2468 verbis:
448 2434 609 2468 Decerno
626 2434 836 2468 afflictiones
850 2432 959 2470 huius
978 2443 1068 2471 tem-

76 2484 193 2529 poris,
220 2497 292 2519 non
309 2497 382 2519 esse
401 2497 501 2531 pares
518 2492 689 2520 venturae
708 2486 852 2530 gloriae.

173 1063 209 1351 99:⁸³5»

173 1468 205 1554 0⁰52

263 2566 369 2605 Nam
387 2569 593 2618 expectatio
609 2575 799 2605 creaturae
815 2575 874 2604 etc.

177 2635 383 2672 Secundum
407 2645 654 2684 argumentum
682 2639 728 2674 ab
754 2637 913 2683 exemplo
941 2638 1066 2674 mundi

78 2695 233 2723 sumtum
254 2696 318 2723 est.

132 2739 317 2774 Meta-ru.
346 2742 449 2776 Onu.
475 2742 557 2775 Vox..
587 2741 665 2774 XV.

495 113 527 148 3.
555 110 852 148 ENARRATtO
881 111 1038 148 EPJST.
1068 109 1214 145 PAULI
1243 108 1309 144 AD
1333 108 1593 147 ROMA—NOS.

1654 111 1759 151 CAP.
1791 114 1889 152 Vlll.
2040 119 2112 155 962

1229 197 1385 232 Usitatus
1419 198 1514 231 locus
1540 206 1587 233 est
1611 201 1891 236 consolationum
1916 216 2111 249 proponere

1125 249 1281 292 exempla
1306 249 1468 282 similiter
1489 250 1718 290 afflictorum,
1741 254 1821 298 quia
1842 257 2032 300 aequalitas
2058 259 2110 291 vi-

1124 299 1227 331 detur
1253 310 1325 331 esse
1350 302 1520 344 quaedam
1556 302 1709 343 iusticia,
1747 305 1927 347 videlicet,
1962 320 2006 340 ne
2032 309 2110 353 quis

1123 356 1262 391 appetat
1295 352 1595 391 extraordinaria,
1635 360 1665 386 et
1695 355 1779 388 velit
1812 357 1881 389 frui
1916 359 2110 394 maioribus

1122 401 1334 441 commodis,
1378 413 1483 446 quam
1510 403 1571 435 alii
1603 405 1759 439 fortassis
1790 407 1986 450 digniores,
2027 410 2107 444 ideo

1121 450 1237 495 inquit
1252 450 1365 485 Elias:
1405 451 1481 485 Non
1499 465 1573 487 sum
1591 455 1718 488 melior
1732 457 1890 500 patribus
1907 460 2003 494 meis.
2056 460 2108 495 Ita

1121 498 1177 534 hic
1197 509 1462 545 argumentatur
1480 503 1630 537 Paulus:

1274 553 1453 586 Ferendae
1470 562 1553 589 sunt
1572 567 1777 590 communes
1794 558 1972 594 miseriae:

1274 603 1364 638 Tota
1385 616 1503 638 rerum
1523 612 1648 639 natura
1669 619 1763 641 nunc
1782 610 1936 644 subiecta
1956 618 2006 644 est
2030 624 2108 646 cor-

1325 656 1417 688 tioni
1443 663 1474 689 et
1492 657 1617 690 abusui
1636 657 1845 701 impiorum,
1873 668 1904 694 et
1921 662 2026 704 gemit
2043 675 2108 697 no-

1327 707 1484 748 biscum,
1508 709 1566 741 sed
1586 716 1742 752 expectat
1760 710 2020 749 liberationem.

1272 756 1367 800 Ergo
1393 764 1424 791 et
1450 770 1513 791 nos
1539 760 1693 793 feramus
1710 767 1843 804 partem
1866 764 2108 798 communium

1326 808 1547 843 miseriarum
1563 835 1572 849 ,
1624 817 1657 844 et
1706 819 1927 856 expectemus
1976 815 2109 850 libera-

1322 859 1467 892 tionem.

1224 908 1264 941 ln
1291 907 1356 943 liae
1391 910 1645 958 prosopopoeia
1681 914 1963 956 consideremus,
2006 918 2109 962 quale

1118 960 1161 993 sit
1188 958 1253 994 hoc
1277 958 1419 1002 πάθος,
1447 969 1477 995 et
1502 974 1607 1006 quarn
1636 963 1738 997 dulce
1762 974 2008 1009 argumentum
2025 981 2109 1002 con-

1118 1011 1252 1045 tinuat:
1281 1013 1329 1046 ait
1350 1024 1488 1055 gemere
1514 1020 1677 1046 naturam
1705 1027 1833 1050 rerum.
1886 1015 1963 1052 Etsi
1989 1026 2108 1054 autem

1118 1063 1253 1095 coelum
1281 1070 1313 1096 et
1337 1070 1427 1097 terra
1454 1071 1535 1097 sunt
1551 1065 1626 1097 sine
1643 1073 1769 1105 sensug
1793 1073 1910 1101 tamen
1929 1071 2108 1114 corruptio

1117 1118 1150 1146 et
1167 1111 1338 1147 horrendi
1356 1115 1486 1148 abusus
1512 1127 1629 1148 rernm
1656 1117 1692 1149 in
1716 1119 1851 1151 mundo
1874 1126 1956 1153 sunt
1982 1121 2109 1154 tristis-

1117 1164 1203 1197 sima
1220 1166 1432 1209 spectacula,
1465 1173 1497 1199 ct
1514 1167 1617 1200 dolor
1634 1174 1683 1201 est
1704 1167 1739 1200 in
1757 1170 1885 1203 sanctis
1906 1171 2109 1215 aspicienti-

1118 1215 1180 1247 bus
1207 1213 1297 1248 lianc
1321 1217 1578 1250 deformitatem
1595 1243 1604 1257 ‚
1647 1224 1681 1252 et
1713 1220 1951 1262 cogitantibus
1973 1235 2107 1257 causas:

1116 1263 1212 1299 hunc
1237 1267 1396 1300 dolorem
1422 1269 1587 1302 transfert
1615 1270 1656 1301 ad
1682 1270 1792 1314 ipsam
1809 1284 1927 1305 rerum
1946 1280 2107 1308 naturam

1117 1316 1152 1348 in
1178 1314 1243 1349 hac
1267 1320 1534 1361 prosopopoeia.
1603 1319 1683 1352 Non
1710 1321 1878 1355 dolebant
1903 1325 1995 1356 muri
2027 1337 2108 1368 pro-

1115 1364 1273 1410 plianato
1295 1369 1427 1412 templo
1455 1368 1708 1415 lerosolymae,
1735 1372 1794 1404 sed
1823 1373 1990 1408 dolebant
2009 1374 2108 1409 Mac-

1115 1418 1232 1451 cabaei
1251 1425 1282 1452 et
1299 1419 1360 1452 alii
1385 1421 1515 1459 sancti,
1544 1421 1702 1455 videntes
1725 1420 1816 1455 hanc
1836 1430 1964 1457 terram
1991 1426 2108 1460 defor-

1116 1469 1290 1510 mitatem,
1318 1472 1551 1505 contumelias
1567 1471 1653 1512 Dei,
1679 1485 1779 1506 neces
1798 1475 1949 1516 civium,
1976 1483 2108 1512 matro-

1116 1532 1240 1552 narum
1254 1547 1262 1559 ,
1289 1533 1479 1564 puerorum
1498 1530 1530 1556 et
1552 1523 1750 1566 puellarum
1767 1525 1867 1558 exilia
1887 1534 1919 1559 et
1939 1527 2024 1561 alias
2051 1541 2107 1562 ca-

1116 1571 1297 1606 lamitates.
1347 1571 1388 1604 ln
1405 1572 1534 1606 talibus
1552 1573 1717 1618 exemplis
1733 1576 1994 1619 consideretur,
2021 1591 2106 1624 qua-

1115 1621 1156 1654 lis
1177 1621 1220 1655 sit
1240 1619 1323 1654 haec
1340 1624 1607 1667 prosopopoeia.

1215 1671 1354 1706 Deinde
1385 1676 1566 1719 perspicua
1592 1675 1756 1709 refutatio
1784 1684 1834 1710 est
1850 1676 2105 1720 Epicureorum

1120 1722 1154 1755 in
1173 1720 1239 1756 hoe
1256 1732 1474 1766 argumento.
1510 1726 1568 1760 Sic
1583 1733 1847 1769 argumentatur
1862 1727 2054 1773 Epicurus:

1271 1773 1342 1809 Ubi
1367 1788 1438 1809 non
1464 1784 1513 1813 est
1536 1778 1646 1819 ordo,
1675 1778 1724 1811 ibi
1749 1790 1822 1812 non
1848 1787 1897 1814 est
1915 1782 2106 1825 providen-

1323 1827 1370 1860 tia
1389 1825 1465 1862 Dei.

1270 1875 1309 1910 ln
1328 1879 1461 1912 mundo
1481 1890 1552 1912 non
1571 1885 1620 1912 est
1637 1881 1746 1920 ordo,
1774 1881 1856 1926 quia
1880 1893 1981 1926 saepe
2004 1885 2105 1918 malis

1321 1929 1449 1962 melius
1466 1936 1516 1963 est
1534 1942 1638 1974 quam
1658 1931 1771 1963 bonis.

1265 1977 1357 2022 Ergo
1375 1992 1446 2013 non
1466 1981 1599 2024 regitur
1616 1984 1769 2016 mundus
1790 1983 2028 2027 providentia.

1116 2027 1245 2063 Paulus
1264 2036 1385 2063 contra
1407 2038 1687 2075 argumentatur:

1268 2079 1358 2115 Cum
1393 2089 1517 2116 natura
1551 2084 1595 2116 sit
1620 2083 1831 2127 pulcerrime
1856 2084 2039 2124 ordinata,
2072 2093 2105 2120 et

1318 2138 1436 2166 tamen
1466 2134 1534 2166 iam
1562 2134 1606 2167 sit
1640 2134 1823 2178 multiplex
1855 2135 2006 2177 abusus,
2042 2148 2104 2170 ne-

1318 2194 1411 2216 cesse
1431 2192 1480 2218 est
1498 2185 1682 2229 utriusque
1701 2186 1750 2219 rei
1767 2197 1886 2219 causas
1903 2197 1987 2221 esse.

1268 2230 1421 2268 Ordinis
1436 2247 1537 2269 causa
1554 2234 1648 2269 Deus
1666 2242 1726 2274 est,
1743 2237 1800 2269 sed
1817 2237 1991 2270 abusuum
2002 2248 2103 2272 causa

1322 2294 1501 2330 peccatum
1525 2293 1592 2327 est,
1628 2299 1692 2320 nec
1717 2294 1833 2320 tamen
1851 2287 1950 2321 Deus
1974 2288 2103 2322 frustra

1324 2339 1485 2371 condidit
1505 2335 1570 2370 hoc
1587 2337 1838 2381 pulcerrimum
1856 2350 1955 2380 opus.

1270 2383 1350 2421 Non
1370 2389 1477 2431 igitur
1495 2395 1683 2436 perpetuus
1702 2389 1767 2422 erit
1785 2386 1841 2422 liic
1859 2389 2001 2426 abusus.
2053 2389 2104 2424 lta

1324 2439 1503 2472 calamitas
1531 2450 1694 2482 praesens
1717 2440 1958 2473 testimonium
1979 2447 2030 2474 est
2047 2441 2105 2475 fn-

1321 2497 1421 2523 turae
1457 2489 1689 2524 liberationis.
1751 2489 1845 2533 Quia
1881 2502 2104 2537 nequaquam

1321 2541 1592 2574 existimandum
1625 2547 1694 2582 est,
1745 2538 1812 2574 hoc
1852 2542 2104 2585 pulcerrimum

1322 2592 1448 2624 mundi
1468 2591 1646 2635 opificium
1663 2598 1798 2625 tantum
1815 2593 1857 2625 ad
1880 2592 1958 2626 illas
1982 2592 2105 2626 consu·

1322 2642 1440 2675 siones
1473 2643 1510 2676 in
1542 2654 1684 2676 omnem
1708 2643 1951 2679 aeternitatem
1980 2643 2105 2678 condi-

1324 2701 1401 2727 tum
1417 2705 1501 2730 csse.

1572 2742 1620 2780 61
