2415 2942
224 116 300 151 467

325 199 416 242 Quia
445 198 496 229 lex
519 193 663 243 spiritus
687 192 777 226 vitae
804 191 841 224 in
857 188 999 225 Christo
1018 189 1098 225 lesu
1121 191 1212 225 libe-

225 259 275 285 rat
301 262 354 282 me
371 262 388 281 a
410 249 482 290 lege
497 244 626 290 peccati
652 249 684 276 et
709 242 852 283 mortis,
880 242 915 275 id
935 249 1006 285 est,
1034 242 1212 286 guberna-

224 303 273 336 tio
292 300 443 343 Spiritus
461 296 567 329 sancti
581 323 589 335 ‚
618 294 677 338 qui
698 293 867 331 vivificat,
892 293 954 338 qui
968 294 1035 327 fide
1052 293 1089 326 iu
1105 290 1213 327 Chri-

226 361 315 385 stum
341 348 556 391 concipitur,
584 357 654 378 non
679 344 763 377 sinit
786 345 962 378 dominari
982 352 1162 389 peccatum
1180 351 1214 378 et

226 408 383 434 mortem.
441 396 597 431 Tametsi
614 395 729 429 adsint
751 402 928 438 peccatum
953 403 987 430 et
1010 407 1125 437 mors,
1159 402 1213 429 ta·

225 465 303 485 ineu
327 464 396 483 nou
415 449 656 482 dominantur.
716 445 898 479 Peccatum
917 458 987 480 non
1009 453 1119 490 potest
1137 446 1213 480 adi-

225 515 304 545 gere
330 503 371 534 ad
399 499 698 544 desperationem,
733 509 827 530 mors
856 509 928 530 non
955 504 1068 541 potest
1091 498 1214 531 absor-

227 555 328 593 bere,
357 552 438 597 quia
458 550 611 594 Spiritus
629 555 787 586 sanctus,
815 548 875 592 qui
893 548 960 582 fide
978 549 1014 581 in
1032 546 1215 582 Christum

227 604 442 647 concipitur,
477 607 666 640 sustentat,
696 599 917 640 consolatur,
945 607 977 633 et
1004 599 1155 632 vivificat
1179 599 1216 631 in
1241 614 1245 666 Ι

228 656 298 688 illis
318 654 525 688 terroribus.
581 650 620 683 In
639 650 809 683 vocabulo
827 649 911 693 legis
934 647 992 682 hic
1013 649 1217 695 μετάληψις
1243 668 1245 683 ι

229 713 296 739 est:
334 704 505 747 significat
529 701 624 735 enim
642 713 713 733 non
732 701 940 745 scripturam
958 700 1130 745 aliquam,
1157 700 1218 733 sed
1243 704 1245 717 ³

229 755 546 799 gubernationem,
589 752 686 785 addit
717 752 828 789 enim,
864 751 917 783 lex
947 751 1091 794 spiritus
1116 751 1218 789 vitae,

230 809 263 841 id
291 814 358 846 est,
386 804 593 849 gubernatio
612 829 619 842 ‚
661 813 749 847 quae
781 801 819 834 fit
852 813 912 845 per
939 801 1102 846 spiritum
1127 801 1217 834 vivi-

232 860 403 892 ficantem.

322 909 536 959 Αἰτωλογία
563 922 602 943 ex
624 908 815 943 contrario.

335 974 422 1007 Cum
441 972 494 1004 lex
518 970 592 1002 fieri
619 981 690 1002 nou
718 975 831 1012 posset
857 976 1000 1013 propter
1018 968 1133 1002 carnis
1153 969 1220 1002 im-

233 1079 360 1110 faeeret
384 1086 445 1118 pro
475 1078 634 1116 peccato,
663 1080 700 1104 ut
723 1071 923 1104 iustificatio
947 1071 1032 1114 legis
1058 1071 1222 1115 implere-

234 1138 291 1162 tur
309 1128 345 1160 in
366 1125 486 1164 nobis,
514 1130 546 1156 et
563 1124 707 1155 daretur
721 1121 875 1165 Spiritus
891 1130 1044 1158 sauctus.

236 1223 578 1274 Amplificalio
623 1233 700 1268 per
751 1221 1094 1256 contentionem
1146 1234 1223 1256 seu

237 1276 516 1312 Antithesin
544 1271 842 1307 naturalium
873 1272 1058 1315 virium,
1088 1279 1125 1307 et
1155 1273 1225 1321 ef-

403 1325 617 1375 ficaciae
646 1322 863 1369 Spiritus
890 1324 1059 1358 sancti.

566 1398 676 1429 Prima
701 1397 902 1428 Antithesis.

342 1463 411 1507 Qui
432 1462 625 1496 secundum
642 1471 781 1494 carnem
800 1467 893 1499 sunt,
909 1460 1061 1493 carnalia
1075 1460 1226 1504 sapiunt,

240 1523 377 1553 amant,
406 1519 580 1559 quaerunt
595 1511 769 1545 carnalem
788 1511 1014 1554 sapientiam,
1041 1511 1227 1552 iusticiam,

242 1566 553 1611 tranquillitatem,
603 1562 818 1605 voluptates,
862 1573 956 1605 opes,
1034 1560 1228 1596 Confidunt

242 1618 346 1651 rebus
379 1614 605 1652 carnalibus,
647 1610 800 1646 humana
831 1612 1038 1656 prudentia,
1080 1613 1227 1652 iusticia,

243 1669 399 1708 xiribus,
424 1666 562 1710 opibus.
616 1662 705 1697 Tres
730 1663 823 1696 enim
846 1664 975 1706 gradus
998 1670 1080 1698 sunt
1099 1676 1228 1705 rerum,

243 1730 329 1764 quas
355 1717 484 1762 expetit
512 1727 604 1750 caro,
677 1713 816 1747 Primus
846 1721 896 1747 est
921 1726 1038 1748 rerum
1062 1712 1228 1749 honesta—

245 1782 344 1810 rum,
371 1768 561 1812 sapientiae
579 1772 612 1800 et
630 1764 787 1799 iusticiae
803 1762 988 1799 humanae.
1043 1765 1228 1800 Secundus
1253 1780 1255 1783 ¹

244 1828 294 1854 est
316 1832 433 1853 rerum
458 1818 618 1856 utilium,
645 1816 795 1859 gloriae,
831 1828 957 1860 opum,
993 1817 1170 1861 potentiae
1196 1824 1229 1850 et

244 1870 521 1916 tranquillitatis,

348 1921 417 1964 Qui
441 1919 634 1953 secundnm
657 1918 819 1962 spiritum
839 1925 937 1959 sunt,
961 1919 1102 1962 sapiunt
1125 1918 1229 1963 spiri-

245 1973 372 2013 tualia,
419 1972 453 2005 id
478 1978 548 2013 est,
593 1976 723 2003 norunt
752 1969 968 2003 voluntatem
993 1968 1079 2010 Dei,
1119 1969 1230 2002 confi-

246 2027 334 2058 dunt
354 2022 447 2061 Deo,
476 2021 629 2065 gaudent
645 2021 885 2063 obtemperare
909 2020 1084 2054 voluntati
1101 2018 1166 2054 Dei
1193 2020 1229 2052 in
1255 2039 1256 2045 κ

246 2086 348 2109 cruce
366 2081 428 2108 ete.
482 2072 635 2116 Spiritus
654 2070 745 2103 enim
768 2070 937 2113 significat
956 2070 1129 2115 Spiritum
1149 2082 1229 2103 san-

247 2134 358 2165 ctum,
385 2124 447 2170 qui
465 2121 660 2156 effunditur
677 2121 713 2153 iu
730 2132 788 2153 eos
806 2122 865 2166 qni
883 2122 1043 2156 credunt.
1085 2119 1132 2155 Et
1149 2120 1230 2165 Spi-

250 2176 388 2210 ritualia
409 2174 605 2218 significant
625 2184 697 2205 non
712 2184 769 2212 ea,
797 2183 884 2216 quae
905 2171 994 2204 ratio
1019 2171 1144 2212 efficit,
1171 2172 1230 2204 sed

250 2239 360 2260 novos
381 2234 512 2266 motuS‚
540 2225 577 2257 in
595 2223 723 2268 quibus
740 2219 1018 2266 apprehenditur
1034 2221 1147 2263 Deus,
1170 2222 1231 2267 qui

250 2290 327 2311 cuin
351 2278 393 2311 sit
417 2277 580 2319 spiritus,
608 2274 734 2318 spiritu
760 2273 926 2308 cernitur.
985 2272 1075 2307 Caro
1098 2273 1230 2316 signifi-

249 2336 303 2362 cat
321 2335 427 2360 totam
444 2325 597 2360 hominis
620 2331 805 2366 naturam,
832 2324 1003 2357 rationem
1026 2336 1104 2357 cum
1126 2335 1231 2357 sensu

250 2387 282 2413 et
300 2378 472 2422 appetitu,
501 2374 611 2423 λόγον
628 2382 659 2409 et
677 2372 808 2420 ὁρμὴν.
862 2372 907 2408 Et
926 2386 1067 2419 prorsus
1086 2387 1103 2408 a
1121 2374 1230 2408 Paulo
1257 2416 1259 2425 Ι

251 2429 483 2467 dissentiunt,
507 2428 564 2472 qui
586 2427 763 2460 somniant
779 2424 951 2468 Spiritum
969 2426 1162 2469 significare
1177 2438 1232 2459 ra-
1257 2430 1259 2472 ξ

250 2482 401 2518 tionem,
432 2486 461 2510 et
487 2490 526 2511 ex
549 2476 742 2520 Evangelio
770 2474 1029 2520 philosophiam
1055 2479 1230 2521 quandam
1257 2475 1259 2524 ἰ

250 2530 439 2564 humanam
467 2529 621 2567 faciunt,
655 2525 746 2560 nihil
780 2534 917 2571 praeter
950 2527 1096 2560 rationis
1127 2539 1232 2571 opera

249 2581 478 2627 requirentes.
519 2578 633 2611 Multa
651 2585 732 2611 sunt
749 2585 951 2620 argumenta
969 2578 1005 2610 in
1023 2575 1090 2611 hoc
1110 2578 1232 2622 capite,

250 2644 337 2678 quae
366 2630 573 2664 confirmant
601 2630 694 2673 quod
718 2629 862 2671 spiritus
884 2641 955 2662 non
983 2629 1152 2672 significet
1176 2640 1231 2661 ra-

247 2686 389 2718 tionem.
448 2680 538 2713 Nam
556 2678 686 2712 Paulus
705 2679 885 2724 aliquanto
903 2687 978 2724 post
1002 2681 1065 2714 ait:
1101 2678 1174 2714 Vos
1194 2679 1231 2712 in

804 105 927 141 pun..
957 103 1071 141 MEL.
1101 103 1311 141 SCRIPTA
1339 100 1639 140 EXEGETICA·

232 1026 479 1062 lweillitatem,
506 1020 602 1055 Deus
627 1020 721 1052 misit
744 1019 856 1052 filium
882 1032 1006 1061 suum,
1034 1020 1095 1064 qui
1121 1021 1221 1054 satis·

576 1867 719 1901 Tertius
743 1874 792 1900 est
811 1867 1044 1910 voluptatum.
1254 1884 1257 1926 Ι

2178 108 2250 144 468

1263 201 1367 225 carne
1385 201 1459 224 non
1478 188 1579 229 estis,
1605 189 1664 223 sed
1682 189 1719 224 in
1735 190 1879 236 spiritu,
1911 194 2085 241 siquidem
2108 193 2252 240 spiritus

1263 241 1329 274 Dei
1361 239 1499 275 habitat
1529 241 1567 273 in
1602 240 1713 276 vobis.
1773 240 1879 285 Item,
1913 246 1941 278 si
1977 246 2056 291 quis
2090 246 2252 290 spiritum

1265 290 1398 326 Christi
1427 305 1499 326 non
1525 289 1650 333 habet,
1678 292 1707 325 is
1729 304 1801 325 non
1826 301 1876 328 est
1892 293 2043 337 Christi,
2069 295 2164 341 Ergo
2189 294 2250 341 qui

1265 343 1429 388 spiritum
1453 340 1585 376 Christi
1613 355 1683 375 non
1711 340 1833 385 habet,
1862 345 1996 379 etiamsi
2023 347 2156 382 ratione
2179 347 2251 381 uti-

1265 402 1342 439 tur,
1371 394 1507 428 etiarnsi
1525 391 1787 438 philosophiam
1814 395 1992 439 sequitur,
2021 399 2179 431 nondum
2199 404 2251 431 ta—

1266 457 1347 479 men
1372 445 1483 479 iustus
1506 452 1555 478 est
1576 456 1692 478 coram
1709 444 1796 479 Deo.
1856 445 1978 491 Neque
2002 459 2084 480 vero
2108 448 2252 491 spiritus

1267 494 1400 530 Christi
1416 496 1587 538 significat
1608 496 1778 529 rationem
1798 503 1973 538 nostram,
2001 499 2059 530 sed
2080 497 2252 542 Spiritum

1268 554 1444 585 sanctum,
1473 546 1563 579 infra
1589 546 1683 580 enim
1707 553 1854 581 testatur
1877 559 1912 581 se
1935 548 2032 593 loqui
2053 549 2097 582 de
2115 547 2256 592 spiritu,

1269 609 1373 643 quem
1397 597 1574 641 accipiunt
1598 597 1719 633 sancti.
1789 598 1857 632 Sed
1882 611 1954 632 nou
1979 605 2028 632 est
2056 597 2161 632 huius
2186 597 2254 632 loci

1272 648 1434 693 persequi
1471 646 1561 680 hanc
1594 649 1867 692 disputationem
1885 677 1894 690 ‚
1937 657 2074 683 tantum
2110 660 2256 683 monere

1271 699 1435 733 lectorem
1452 699 1566 739 volui,
1590 706 1626 732 ut
1647 697 1828 743 prophana
1853 701 2058 743 glossemata
2084 700 2256 744 repudiet.

1270 748 1359 783 Nam
1386 746 1453 782 hoc
1476 756 1588 783 totum
1616 757 1720 794 caput
1743 750 1843 784 Pauli
1867 752 2008 785 sceleste
2036 751 2256 785 contamina-

1271 807 1346 834 tum
1365 807 1415 834 est
1431 800 1475 833 ab
1493 798 1649 843 Origene
1668 808 1700 835 et
1717 801 1811 840 aliis,
1840 802 1895 835 cui
1913 809 2079 847 tanquam
2097 801 2202 835 iurati
2220 801 2255 833 in

1272 851 1379 884 verba
1412 847 1580 893 Origenis
1616 849 1905 898 ὑπερασπίζουσι
1940 855 2003 898 τῆς
2037 848 2259 900 φιλοσοφίας

1274 898 1407 935 αὖτοῦ;
1436 902 1493 934 sed
1511 899 1637 935 horum
1656 903 1900 947 intempestiva
1918 901 2154 949 philosophia,
2173 906 2258 936 dum

1273 952 1435 986 tribuunt
1453 952 1732 986 iustificationem
1751 954 1884 987 viribus
1901 955 2058 997 rationis,
2086 955 2169 987 inde
2187 953 2260 987 ori-

1274 1010 1352 1041 tur,
1388 1003 1482 1047 quod
1512 1001 1602 1035 nibil
1625 1004 1755 1048 requiri
1781 1011 1905 1049 putant
1929 1006 1966 1038 in
1998 1004 2158 1046 homine,
2191 1003 2261 1037 nisi

1275 1053 1392 1086 civilia
1420 1065 1537 1097 opera.
1607 1052 1652 1087 Et
1678 1053 1762 1087 haee
1799 1055 1921 1089 vident
1945 1057 2065 1102 aliquo
2089 1056 2194 1089 modo
2223 1054 2260 1086 in

1277 1110 1445 1148 potestate
1468 1104 1614 1137 rationis
1638 1116 1719 1139 esse.
1772 1104 1830 1138 Sic
1848 1106 2110 1140 obliviscuntur
2128 1106 2261 1150 primae

1279 1155 1437 1196 tabulae,
1467 1166 1555 1199 quae
1580 1156 1623 1188 de
1647 1156 1774 1188 timore
1791 1154 1855 1188 Dei
1885 1162 1918 1189 et
1940 1157 2065 1190 fiducia
2092 1158 2127 1190 in
2147 1156 2261 1190 Deum

1278 1212 1311 1238 et
1327 1206 1405 1238 aliis
1420 1206 1665 1250 spiritualibus
1679 1206 1861 1239 affectibus
1880 1207 2059 1251 praecipit.
2102 1206 2150 1241 At
2169 1206 2262 1240 Pau-

1278 1257 1333 1289 lus
1363 1258 1406 1290 de
1431 1263 1503 1290 tota
1527 1257 1601 1299 lege
1629 1264 1661 1290 et
1685 1258 1728 1290 de
1753 1257 1889 1290 iusticia
1915 1269 2033 1291 coram
2057 1257 2151 1299 Deo,
2189 1268 2263 1290 non

1278 1308 1321 1340 de
1339 1307 1460 1351 politia
1479 1307 1648 1352 loquitur.
1703 1306 1774 1340 Iam
1793 1305 2016 1352 philosophia
2045 1309 2119 1353 ipsa
2141 1307 2264 1342 elami-

1278 1364 1347 1398 tat,
1373 1359 1466 1402 quod
1486 1359 1574 1391 ratio
1592 1356 1683 1390 nihil
1711 1359 1818 1402 possit
1844 1359 1887 1391 de
1902 1357 1967 1392 Dei
1992 1360 2172 1393 voluntate
2195 1365 2265 1392 sta-

1279 1415 1389 1447 tuere,
1409 1410 1500 1452 quod
1520 1420 1590 1441 non
1611 1409 1716 1452 possit
1734 1408 1930 1448 confidere,
1957 1410 2025 1442 nisi
2044 1411 2147 1442 rebus
2164 1420 2264 1454 prae-

1280 1460 1439 1492 sentibus
1457 1466 1520 1493 etc.
1554 1459 1622 1493 Sed
1641 1460 1744 1492 redeo
1760 1459 1804 1493 ad
1821 1458 2006 1492 Paulinam
2023 1458 2239 1494 Antithesin.

1588 1550 1742 1581 Secunda
1765 1549 1961 1582 Antithesis.

1382 1611 1515 1646 Sensus
1540 1612 1655 1645 carnis
1678 1624 1772 1645 mors
1796 1619 1865 1653 est,
1893 1613 1936 1645 de
1958 1612 2087 1646 noticia
2107 1619 2139 1646 et
2157 1623 2265 1657 appe—

1281 1663 1348 1696 titu
1366 1663 1540 1705 intellige,
1567 1663 1728 1708 quamvis
1744 1663 1836 1696 bona
1857 1662 1992 1699 noticia
2018 1662 2199 1696 rationalis
2224 1663 2267 1696 de

1254 1712 1462 1759 ¹moribus,
1501 1714 1660 1758 quamvis
1696 1715 1787 1747 bona
1824 1725 1929 1757 opera
1966 1714 2103 1747 ratione
2135 1713 2268 1754 effecta,

1282 1772 1364 1798 sunt
1389 1776 1502 1805 mors,
1531 1777 1603 1797 non
1626 1771 1826 1803 sustenant,
1854 1776 1928 1798 non
1952 1764 2131 1798 vivificant
2153 1764 2191 1797 in
2212 1765 2268 1798 iu-

1282 1815 1374 1849 dicio
1392 1815 1470 1851 Dei.

1385 1867 1516 1900 Sensus
1542 1866 1686 1910 spiritus
1715 1867 1784 1899 vita
1811 1872 1862 1900 est
1880 1872 1914 1899 et
1933 1877 2016 1910 pax,
2044 1865 2201 1908 intellige
2224 1865 2267 1897 de

1283 1917 1413 1951 noticia
1444 1924 1477 1951 et
1505 1917 1698 1952 affectibus.
1768 1915 1858 1949 Vero
1885 1928 1987 1949 nosse
2011 1915 2147 1956 Deum,
2188 1927 2267 1947 vere

1284 1969 1459 2001 confidere
1481 1967 1574 2007 Deo,
1603 1967 1771 2007 vivificat,
1805 1974 1838 2000 et
1862 1966 1977 2000 reddit
2003 1973 2157 2010 pacatam
2182 1978 2267 1999 con-

1283 2019 1483 2059 scientiam,
1516 2025 1549 2051 et
1572 2025 1623 2052 est
1653 2018 1723 2051 vita
1755 2024 1917 2058 aeterna,
1960 2024 2000 2051 ut
2019 2016 2181 2051 Christus
2203 2017 2266 2050 ait:

1283 2068 1378 2102 Haec
1402 2076 1452 2102 est
1475 2069 1544 2103 vita
1561 2076 1720 2110 aeterna,
1745 2076 1784 2102 ut
1799 2074 1945 2102 noscant
1961 2074 1994 2102 te
2011 2066 2125 2103 Deum
2146 2079 2267 2101 verum

1284 2126 1318 2153 et
1333 2131 1437 2166 quein
1457 2120 1583 2155 misisti
1599 2119 1712 2154 Iesum
1733 2131 1805 2153 esse
1820 2116 2014 2153 Christum.

1612 2210 1718 2243 Ratio
1743 2210 1939 2242 Antithesis.

1385 2271 1517 2307 Sensus
1540 2273 1654 2307 carnis
1677 2273 1866 2306 inimicicia
1892 2280 1943 2307 est
1962 2273 2126 2305 adversus
2143 2271 2270 2313 Deum,

1285 2323 1346 2369 qui
1365 2324 1431 2367 legi
1450 2323 1515 2358 Dei
1533 2336 1605 2357 non
1621 2324 1803 2365 subditur,
1828 2335 1941 2368 neque
1961 2323 2054 2356 enim
2074 2330 2184 2366 potest
2201 2323 2268 2366 legi

1284 2373 1501 2409 Deisubiici.
1555 2375 1744 2409 Manifesta
1768 2374 1938 2408 sententia
1956 2380 2025 2415 est,
2053 2375 2145 2419 quod
2166 2381 2268 2407 natu-

1285 2426 1374 2459 rales
1399 2424 1552 2459 hominis
1578 2427 1666 2458 vires
1692 2436 1763 2458 non
1781 2425 1915 2466 possint
1933 2424 2043 2466 legem
2060 2424 2125 2458 Dei
2144 2426 2265 2458 facere.

1285 2475 1352 2510 Hic
1372 2477 1497 2510 iterum
1517 2478 1688 2509 admoneo
1705 2476 1869 2509 lectorem
1888 2475 2021 2518 primae
2038 2475 2197 2513 tabulae,
2224 2475 2268 2508 ad

1285 2540 1389 2572 quain
1405 2529 1433 2560 si
1459 2527 1734 2571 respexerimus,
1761 2526 1861 2558 facile
1878 2526 2028 2569 intelligi
2051 2527 2176 2569 poterit
2202 2523 2268 2558 hoc

1284 2580 1378 2623 quod
1404 2578 1451 2612 ait
1475 2578 1621 2618 Paulus,
1647 2589 1785 2610 sensum
1811 2577 1925 2609 carnis
1948 2576 2168 2610 inimicitiam
2196 2588 2267 2609 esse

1285 2629 1450 2662 adversus
1467 2629 1594 2663 Deum.
1647 2627 1752 2662 Ratio
1770 2628 1863 2659 enim
1882 2624 1972 2660 nihil
1996 2628 2117 2661 statuit
2140 2628 2184 2660 de
2207 2639 2267 2659 vo-

1284 2679 1418 2714 luntate
1434 2680 1516 2722 Dei,
1545 2690 1618 2713 non
1644 2679 1743 2713 timet
1762 2678 1896 2720 Deum,
1924 2690 1996 2712 non
2020 2678 2164 2712 confidit
2182 2677 2268 2717 Deo.
