2415 2942
370 84 471 122 XIlI.

256 170 507 216 Intelligantur
535 181 651 208 autem
677 172 761 208 haec
788 174 897 209 dicta:
927 173 1064 208 Habete
1091 184 1144 206 sa-

153 223 221 255 lem
247 223 285 256 in
311 225 431 266 vobis,
467 225 503 258 id
526 232 594 266 est,
628 227 775 259 verbum
798 224 864 259 Dei
890 232 982 259 recte
1006 237 1143 259 accom-

151 274 346 311 modatum.
400 275 507 309 Item:
543 275 666 310 Sermo
693 277 737 310 sit
762 277 833 310 sale
851 277 1035 317 conditus,
1069 288 1143 308 non

151 324 265 357 solum
290 326 333 359 de
357 327 537 369 doctrina,
580 329 638 361 sed
671 327 919 361 universaliter
949 329 992 361 de
1023 339 1144 371 repre—

151 373 322 410 hensione
346 389 505 411 errorum
533 385 566 412 et
592 385 835 422 peccatorum,
879 385 911 411 et
945 380 989 412 de
1018 390 1143 412 conso-

150 426 293 462 latione.

148 477 271 519 gostis,
309 485 349 512 ut
374 478 478 513 Pauli
503 480 690 514 consilium
716 492 789 513 non
817 487 866 514 est
896 480 1071 514 insulsum
1097 481 1141 513 de

148 528 313 571 coniugio
331 530 505 564 credentis
533 538 566 565 et
589 529 760 566 ethnicae.
815 530 920 572 Item,
948 532 1137 564 consilium

147 575 280 613 Christi
303 581 346 613 de
370 579 598 620 didrachmo,
626 594 671 615 ne
689 589 892 616 moveretur
909 583 1035 616 seditio
1054 594 1139 615 con-

147 637 199 662 tra
218 631 437 665 ordinariam
456 639 682 676 potestatem,
710 639 744 666 et
762 630 857 666 haud
877 634 984 667 dubie
1002 631 1138 666 Zacha-

144 680 213 713 rias
237 687 270 715 et
291 682 423 716 similes
449 684 593 717 fuerunt
618 695 797 725 suasores,
842 696 886 717 ne
908 691 991 718 tunc
1015 696 1135 717 move-

144 739 267 766 rentur
284 733 376 766 bella
400 735 568 768 adversus
590 733 784 770 Romanos
839 733 1003 780 Denique
1025 736 1135 769 multa

143 783 306 817 incidunt
331 784 393 818 ubi
415 791 507 819 recte
532 786 705 827 instituti,
733 786 897 819 timentes
916 793 949 820 et
967 786 1136 820 invocan-

143 840 192 866 tes
211 833 346 876 Deum,
381 836 484 869 aliter
509 837 669 870 iudicant
689 849 793 882 quam
817 849 891 871 non
914 844 1006 871 recte
1033 838 1135 872 insti-

142 884 207 919 tuti
233 892 293 920 aut
315 884 494 932 prophani
521 895 554 922 et
577 888 824 933 superstitiosi.

156 85 253 120 1281

337 968 493 1005 Salutat
520 984 578 1008 cos
604 969 844 1006 Aristarchus
869 977 929 1007 etc.

244 1037 507 1072 Salutationum
546 1040 705 1084 exempla
742 1039 780 1072 in
819 1038 989 1084 Epistolis
1031 1039 1132 1075 Pauli

142 1090 346 1130 ostendunt,
363 1087 557 1123 Ecclesiam
578 1103 650 1124 non
670 1102 742 1124 esse
760 1091 918 1133 politiam
932 1118 939 1132 ‚
966 1103 1055 1136 quae
1071 1092 1131 1126 iis-

140 1142 219 1172 dem
237 1140 374 1182 legibus
392 1141 558 1175 civilibus
577 1148 736 1185 regatur,
772 1149 805 1175 et
823 1140 951 1175 habeat
968 1144 1131 1187 proprios

140 1190 363 1234 magistratus
389 1192 575 1235 politicos,
611 1194 670 1226 sed
711 1193 1018 1236 congregationem
1045 1206 1130 1227 con-

139 1241 347 1275 sentientem
374 1243 417 1275 de
445 1255 526 1276 vera
548 1244 728 1284 doctrina,
767 1253 799 1278 et
823 1244 1069 1286 invocatione,
1097 1252 1131 1279 et

140 1292 364 1326 coniunctam
396 1294 660 1335 benevolentia,
708 1295 845 1328 etiamsi
875 1306 991 1338 sparsa
1018 1303 1068 1329 est
1092 1297 1128 1329 in

138 1344 274 1377 diversa
298 1345 445 1388 imperia
472 1345 634 1389 politica,
684 1343 824 1379 ethnica
850 1346 906 1378 vel
932 1346 1007 1389 pia,
1040 1347 1130 1381 sicut

138 1394 394 1438 Apostolorum
420 1402 578 1440 ternpore
607 1403 706 1430 erant
722 1394 921 1436 Ecclesiae,
950 1397 1039 1430 aliae
1064 1399 1129 1431 suh

136 1443 287 1479 ethnicis
321 1445 515 1489 Romanis,
558 1448 647 1481 aliae
681 1448 746 1481 sub
804 1446 920 1480 Persis
957 1454 1017 1482 aut
1043 1447 1129 1482 Par-

138 1495 208 1530 this
232 1504 295 1531 etc.

239 1547 337 1581 Haec
354 1550 397 1581 de
409 1546 565 1582 Ecclesia
582 1549 683 1591 scire,
699 1556 732 1583 et
749 1561 825 1583 eam
843 1550 1039 1595 prudenter
1058 1551 1129 1584 dis-

138 1609 278 1631 cernere
303 1610 441 1632 necesse
465 1606 534 1641 est,
570 1601 653 1644 quia
679 1600 827 1644 plurimi
848 1601 993 1633 fanatici
1019 1608 1053 1635 et
1073 1613 1128 1634 se-

138 1649 256 1682 ditiosi
281 1647 444 1683 homines
464 1650 630 1684 omnibus
654 1651 781 1684 seculis
809 1657 989 1694 praetextu
1005 1650 1128 1686 Evan-

136 1700 218 1741 gelii
236 1712 346 1734 novas
364 1701 504 1745 politias
521 1702 733 1735 constituere
751 1702 867 1735 conati
882 1708 984 1740 sunt,
1006 1710 1045 1737 ut
1062 1715 1127 1736 no-

136 1758 207 1784 stro
233 1758 390 1796 tempore
407 1751 660 1797 Anabaptistae
685 1753 854 1786 fecerunt.
907 1752 966 1786 Sic
991 1760 1024 1787 et
1049 1753 1126 1788 Ro-

135 1802 230 1835 mani
264 1801 432 1848 Episcopi
461 1804 589 1837 iniuste
622 1804 882 1837 constituerunt
910 1804 978 1837 sibi
1013 1805 1125 1849 impe-

136 1854 245 1894 rium,
290 1865 327 1888 ac
357 1855 575 1896 docuerunt,
618 1855 796 1889 neminem
821 1866 892 1888 esse
925 1856 1123 1890 membrum

549 2699 633 2731 Vox„
659 2699 736 2733 XV.

196 2700 376 2734 ΜῑιΑΠτΗ.
404 2700 508 2735 Ormi.

522 84 558 121 5.
585 83 885 123 ENARRATIO
914 85 1072 123 EPIST.
1100 81 1248 120 PAULI
1276 81 1343 121 AD
1378 82 1732 122 COLOSSENSES.

347 426 457 469 Item,
493 429 537 462 de
560 429 717 463 consiliis
741 429 868 462 dandIS
885 430 923 462 in
949 430 1054 463 variis
1078 441 1142 462 ne-
1193 424 1248 459 lis·

1792 84 1894 121 CAP.
1918 87 1981 124 IV.
2101 90 2169 125 128
2177 90 2196 123 Ξ),

1198 167 1375 204 Ecclesiae
1385 169 1537 210 Dei,nisi
1555 172 1820 216 amplectentem
1837 173 2044 207 traditiones
2063 172 2188 208 huma-

1198 233 1281 260 nas,
1330 222 1481 256 sancitas
1502 234 1521 255 a
1543 221 1716 256 Romanis
1746 221 1932 267 Episcopis
1956 225 1998 257 de
2029 225 2187 270 ipsorum

1197 273 1350 315 primatu
1376 279 1408 305 et
1433 274 1655 306 ceremoniis.
1716 273 1812 307 Haec
1843 275 1927 308 falsa
1955 287 2027 309 esse
2052 283 2185 310 certum

1195 330 1244 356 est
1264 335 1303 356 ex
1321 323 1434 356 dicto:
1461 322 1575 366 Reges
1590 324 1747 367 gentium
1764 325 2014 365 dominantur,
2044 340 2105 360 vos
2123 340 2184 360 au-

1193 380 1262 406 tem
1283 385 1357 406 non
1377 374 1435 409 sic.
1491 373 1596 407 Item:
1632 372 1849 420 Πολίτευμα
1867 383 2026 410 nostrum
2047 378 2082 410 in
2103 391 2182 411 coe-

1302 424 1474 457 Tenenda
1494 432 1544 458 est
1567 425 1675 468 igitur
1699 427 1834 470 regula:
1863 425 1952 460 Date
1970 426 2064 467 Deo,
2094 442 2182 474 quae

1190 475 1257 511 Dei
1275 482 1373 516 sunt,
1402 473 1562 516 Caesari,
1578 488 1666 521 quae
1686 484 1768 511 sunt
1785 476 1955 513 Caesaris,
2010 478 2104 512 Haec
2120 482 2182 513 ad-

1191 526 1340 559 monitio
1360 526 1547 570 praecipue
1571 527 1754 569 cogitanda
1779 535 1843 568 est,
1873 541 1951 562 cum
1972 527 2032 563 has
2051 531 2181 564 saluta-

1189 577 1303 610 tiones
1328 577 1488 620 legimus.

1290 627 1406 662 Simul
1425 634 1542 661 autem
1560 634 1592 662 et
1611 625 1695 661 haec
1711 630 1963 666 consideretur.
2017 630 2093 666 Etsi
2111 632 2179 667 Ec-

1187 678 1291 712 clesia
1319 690 1392 712 non
1413 685 1466 712 est
1488 690 1600 712 unum
1618 679 1800 722 politicum
1820 681 2028 725 imperium,
2064 691 2179 717 tamen

1187 729 1412 773 congregatio
1438 736 1488 763 est
1513 730 1727 771 multorum,
1756 732 1818 775 qui
1844 733 2040 766 ministerio
2059 732 2179 767 Evan-

1186 781 1266 824 gelii
1284 787 1316 814 et
1329 780 1651 822 Sacramentorum‚
1669 787 1701 814 et
1720 783 1839 815 eadem
1859 795 1940 816 vera
1960 785 2178 818 consessione

1186 832 1366 865 coniuncti
1381 838 1476 866 sunt,
1506 830 1547 865 In
1567 829 1621 865 his
1637 832 1697 877 qui
1713 841 1847 867 norunt
1863 834 1956 867 inter
1974 846 2008 868 se
2024 836 2178 869 benevo-

1185 883 1293 917 lentia
1319 883 1501 917 coniuncti
1525 890 1627 924 sunt,
1654 883 1743 916 sicut
1762 882 1938 919 Dominus
1963 893 2039 920 orat
2065 893 2176 920 aeter-

1186 946 1271 968 num
1295 940 1448 978 patrem:
1478 934 1548 968 Fac
1573 941 1611 967 ut
1629 946 1742 968 unum
1764 935 1834 969 sint
1854 936 1891 969 in
1915 937 2030 972 nobis.
2083 937 2178 971 Haec

1184 986 1283 1029 signa
1299 985 1565 1019 benevolentiae
1583 985 1851 1030 conspiciuntur
1867 994 1901 1022 et
1918 988 1956 1021 in
1974 985 2029 1022 his
2047 989 2177 1024 saluta-

1184 1037 1355 1073 tionibus,

1286 1087 1469 1122 Postremo
1487 1095 1517 1123 et
1532 1087 1599 1122 hoc
1616 1090 1785 1123 monendi
1803 1098 1885 1125 sunt
1903 1091 2061 1133 lectores,
2080 1096 2174 1138 quod

1182 1139 1304 1172 scribit
1325 1138 1519 1183 Eutropius
1541 1168 1549 1180 ,
1584 1140 1794 1174 Laodiceam
1819 1149 1852 1176 et
1877 1141 2036 1177 Colossas
2063 1151 2176 1178 terrae

1182 1196 1281 1223 motu
1314 1191 1512 1224 submersas
1544 1202 1615 1224 esse
1646 1192 1807 1236 proximo
1838 1204 1932 1227 anno
1965 1202 2041 1238 post
2073 1194 2174 1229 Pauli

1181 1247 1351 1282 mortem,
1378 1241 1468 1275 sicut
1491 1240 1710 1288 lerosolyma
1738 1249 1816 1287 post
1833 1242 1966 1278 Christi
1993 1246 2175 1289 praedica-

1182 1291 1314 1324 tionem
1342 1292 1455 1326 deleta
1481 1300 1541 1326 est.
1602 1292 1644 1325 ln
1671 1294 1802 1327 talibus
1827 1296 1995 1339 exemplis
2021 1298 2175 1330 ostendit

1180 1340 1275 1375 Deus
1302 1354 1337 1376 se
1362 1343 1490 1386 punire
1516 1341 1633 1377 hostes
1652 1342 1831 1378 Ecclesiae
1854 1352 1887 1378 et
1911 1346 2086 1389 ingratos,
2115 1349 2176 1393 qui

1180 1392 1300 1426 audita
1325 1405 1410 1426 voce
1438 1392 1626 1437 Evangelii
1651 1406 1725 1427 non
1749 1397 1998 1431 emendantur.
2051 1397 2098 1432 Et
2123 1405 2175 1432 ta-

1181 1455 1260 1476 men
1279 1444 1492 1477 mirabiliter
1508 1445 1635 1479 liberat
1651 1457 1751 1479 suam
1765 1445 1971 1488 Ecclesiam,
1989 1448 2077 1482 sicut
2094 1457 2174 1483 ante

1179 1494 1401 1527 obsidionem
1421 1495 1568 1528 Simeon
1586 1508 1624 1528 ex
1642 1495 1855 1542 lerosolyma
1877 1499 1996 1532 eduxit
2014 1511 2096 1533 suos
2111 1512 2174 1534 au-

1179 1545 1312 1578 ditores
1340 1552 1437 1579 trans
1463 1544 1663 1579 Iordanem.
1730 1547 1780 1580 Ita
1813 1557 2089 1583 consentaneum
2122 1560 2172 1585 est

1179 1602 1212 1628 et
1229 1607 1269 1628 ex
1285 1596 1356 1629 illis
1373 1596 1523 1630 urbibus
1542 1597 1618 1641 pios
1634 1605 1714 1631 ante
1734 1599 1878 1633 eductos
1895 1611 1978 1635 esse.
2006 1601 2057 1634 Ac
2075 1614 2170 1636 nunc

1179 1658 1320 1692 quoque
1339 1648 1376 1680 in
1394 1648 1502 1681 tantis
1525 1649 1795 1683 confusionibus
1814 1657 1847 1685 et
1864 1651 1979 1684 ruinis
2004 1652 2173 1697 imperio-

1177 1709 1256 1731 rum
1282 1710 1466 1742 precemur
1489 1699 1600 1732 filium
1619 1698 1702 1741 Dei,
1730 1707 1769 1734 ut
1784 1699 1979 1736 Ecclesiam
1999 1709 2033 1736 et
2050 1715 2115 1737 nos
2132 1705 2170 1736 in

1177 1760 1215 1782 ea
1241 1756 1372 1791 servet,
1408 1749 1496 1784 sicut
1519 1750 1652 1796 inquit:
1696 1750 1808 1786 Nemo
1836 1754 1949 1798 rapiet
1972 1765 2053 1788 oves
2078 1767 2170 1789 meas

1177 1811 1217 1833 ex
1240 1801 1403 1835 manibus
1428 1801 1526 1837 meis.

1539 1857 1674 1896 Laus
1703 1859 1813 1898 Det).

1293 2705 1339 2740 81
