2415 2942
786 618 857 659 1N
909 615 1386 659 EVANGELIUM

1436 617 1729 661 IOANNIS

1031 696 1473 729 ΠΡΟΛΕΓΟΜΕΝΛ.

274 805 343 840 De
371 804 644 841 discrimine
671 804 812 854 Legis
839 813 876 842 et
906 806 1177 855 Evangelii.

237 870 357 926 Initio
407 892 638 925 enarrationis
680 890 955 936 Evangeliorum
1001 905 1139 926 necesse
1178 900 1228 927 est

239 942 309 976 dici
335 943 376 974 de
404 943 607 975 discrimine
631 943 733 985 Legis
757 950 790 977 et
814 942 1011 986 Evangelii.
1066 943 1134 977 Sed
1160 941 1228 977 hoc

238 994 354 1037 ipsum
371 994 476 1026 tradit
496 992 644 1025 loannes
663 993 777 1026 statim
794 994 830 1026 in
851 994 966 1037 primo
981 996 1104 1038 capite.
1138 994 1226 1028 Nam

240 1051 272 1077 et
288 1043 360 1086 ipse
378 1043 547 1076 iudicavit
568 1044 761 1077 necessario
786 1044 824 1076 in
843 1043 998 1078 Ecclesia
1017 1044 1082 1079 hoe
1102 1046 1227 1079 discri-

238 1105 321 1127 men
353 1094 583 1133 tradendum,
624 1096 911 1137 propagandum,
953 1103 985 1129 et
1015 1108 1229 1130 conservan-

240 1145 326 1177 dum
343 1154 424 1176 esse.
478 1142 584 1186 Quod
610 1144 678 1176 nisi
704 1151 792 1179 extet
815 1152 848 1178 et
865 1147 1117 1190 conspiciatur,
1144 1145 1228 1180 hor—

241 1196 369 1228 rendas
393 1195 554 1228 tenebras
578 1196 620 1228 de
644 1207 780 1228 summa
805 1197 1004 1237 doctrinae,
1030 1199 1072 1231 de
1096 1198 1228 1230 benefi-

241 1246 304 1278 ciis
328 1242 478 1288 Christi,
514 1246 557 1279 de
581 1257 661 1278 vera
692 1246 932 1287 invocatione,
973 1249 1015 1281 de
1043 1249 1130 1287 fide,
1166 1260 1227 1280 ne-

242 1307 334 1329 cesse
351 1303 399 1329 est
416 1296 523 1340 sequi.
579 1297 698 1339 Quare
714 1296 788 1330 Deo
806 1298 933 1340 gratias
952 1310 1105 1341 agamus,
1134 1300 1227 1343 quod

241 1344 334 1379 hanc
371 1346 483 1379 lucem
516 1344 691 1380 Ecclesiae
722 1359 803 1380 suae
827 1349 998 1390 restitnit,
1042 1357 1080 1383 ut
1107 1361 1228 1383 verum

242 1397 432 1431 discrimen
448 1397 550 1440 Legis
576 1405 607 1430 et
626 1396 809 1441 Evangelii
834 1399 1072 1443 intelligatur,
1099 1407 1131 1434 et
1149 1412 1230 1445 pre-

244 1459 363 1481 cemur
380 1459 477 1488 eum,
505 1456 543 1482 ut
563 1456 694 1482 mentes
713 1456 848 1482 nostras
864 1452 1048 1489 accendat,
1075 1458 1115 1485 ut
1133 1457 1230 1484 tanto

242 1510 389 1531 munere
420 1499 457 1530 in
488 1500 709 1533 invocatione
735 1499 820 1540 Dei,
864 1508 895 1533 et
928 1501 1099 1535 exercitiis
1139 1502 1231 1542 fidei,

243 1550 331 1592 grati
349 1556 499 1584 utamur.
551 1548 722 1583 Differam
746 1558 862 1584 autem
885 1553 1082 1586 doctrinam
1103 1554 1146 1585 de
1164 1551 1231 1586 hoc

243 1600 447 1632 discrimine
473 1601 513 1632 ad
539 1601 796 1634 enarrationem
828 1602 900 1635 eius
923 1603 990 1636 loci
1022 1603 1059 1636 in
1086 1605 1116 1637 1.
1137 1616 1229 1647 cap.:

243 1649 315 1682 Lex
333 1662 397 1698 per
415 1649 540 1684 Mosen
560 1653 637 1685 data
663 1659 733 1692 est,
761 1653 868 1695 gratia
894 1661 925 1686 et
949 1654 1075 1687 veritas
1097 1666 1158 1698 per
1180 1653 1232 1687 Ie-

243 1712 319 1733 sum
336 1698 516 1734 ChrIstum
534 1702 620 1735 sacta
641 1709 701 1736 est.

346 1750 393 1784 [It
409 1759 523 1785 autem
545 1753 588 1785 ab
612 1753 716 1786 initio
740 1754 863 1786 mundi
887 1752 1062 1786 Ecclesiae
1087 1754 1234 1788 traditae

245 1808 326 1835 sunt
343 1803 591 1845 promissiones
611 1804 653 1836 de
670 1803 819 1844 Messia‚
856 1816 958 1849 quem
984 1812 1145 1838 aeternus
1169 1817 1231 1849 pa·

244 1859 297 1885 ter
314 1864 377 1896 pro
394 1853 497 1886 nobis
513 1854 624 1888 voluit
648 1854 722 1887 fieri
749 1855 926 1887 victimam
941 1882 949 1894 ‚
985 1862 1016 1888 et
1041 1868 1144 1901 quem
1170 1868 1231 1888 vo-

245 1903 311 1936 luit
336 1914 408 1936 esse
432 1906 666 1938 redemtorem
693 1912 725 1938 et
756 1906 963 1939 salvatorem
995 1907 1132 1949 generis
1163 1904 1231 1940 hu-

245 1954 354 1989 mani.
407 1952 454 1988 Et
470 1956 721 1998 promissiones
749 1956 825 1989 illas
840 1956 960 1990 Patres
984 1964 1017 1991 et
1034 1955 1230 2002 Prophetae

246 2005 411 2038 omnibus
441 2007 678 2049 temporibus,
721 2008 832 2041 donec
859 2008 932 2052 ipse
955 2007 1102 2042 Messias
1124 2009 1232 2049 venit,

246 2064 539 2099 propagaverunt.
608 2056 658 2090 lta
703 2065 819 2101 postea
859 2059 1021 2102 Apostoli
1060 2066 1233 2094 testantur

246 2103 342 2138 hunc
365 2105 530 2140 Messinm
555 2105 750 2142 exhibitum
775 2122 865 2150 esse,
897 2116 928 2143 et
954 2110 1062 2154 ipsius
1084 2111 1233 2145 recitant

247 2156 463 2198 doctrinam,
487 2166 654 2200 mortem,
679 2167 711 2194 et
731 2160 1033 2196 resurrectionem.

350 2206 427 2241 Hoc
446 2210 592 2243 consilio
610 2210 758 2244 Ioannes
778 2218 811 2244 et
828 2209 921 2244 hanc
944 2209 1127 2245 historiam
1147 2225 1232 2246 con-

249 2258 407 2301 scripsit,
450 2266 487 2292 ut
521 2261 556 2292 in
580 2259 734 2295 Ecclesia
760 2262 856 2295 testis
891 2269 979 2296 esset
1002 2264 1044 2296 de
1075 2262 1232 2298 exhibito

249 2307 398 2348 Masta,
431 2316 464 2342 et
486 2317 632 2343 mortem
658 2319 689 2345 et
715 2312 1005 2346 resurrectionem
1028 2314 1101 2347 eius
1127 2327 1234 2359 expo-

249 2367 367 2399 neret,
400 2367 433 2393 et
457 2361 623 2394 beneficia
650 2371 877 2404 monstraret,
918 2371 1062 2408 propter
1085 2377 1172 2410 quae
1191 2367 1236 2399 li-

248 2411 418 2443 berantur
435 2423 453 2443 a
470 2418 626 2454 peccato,
653 2414 697 2446 ab
722 2415 772 2448 ira
792 2413 878 2455 Dei,
904 2421 937 2449 et
959 2415 1139 2450 donantur
1163 2417 1234 2451 vita

251 2468 403 2494 aeterna.
457 2460 552 2495 Haec
578 2470 627 2496 est
644 2461 750 2498 huius
775 2464 939 2499 historiae
963 2477 1117 2507 summa,
1147 2467 1234 2502 sicut

252 2512 325 2555 ipse
345 2510 494 2544 Ioannes
520 2514 697 2556 sapienter
727 2523 844 2549 monet
867 2517 909 2549 de
927 2529 1062 2550 summa
1079 2525 1111 2551 et
1130 2529 1233 2562 scopo

252 2562 409 2601 consilii,
437 2574 509 2606 cap.
526 2565 604 2599 20.:
632 2563 728 2599 Haec
752 2567 878 2609 scripta
903 2574 1002 2608 sunt,
1029 2575 1068 2601 ut
1087 2570 1235 2602 credatis

252 2614 345 2657 quod
363 2612 456 2646 lesus
473 2621 521 2647 est
535 2613 715 2657 Christus,
742 2624 775 2651 et
796 2624 833 2650 ut
851 2619 1031 2652 credentes
1047 2619 1154 2653 vitam
1172 2617 1234 2654 ha-

250 2663 362 2697 beatis
378 2664 415 2697 in
433 2664 577 2698 nomine
592 2666 678 2702 eius.

1382 809 1430 844 Et
1447 810 1614 855 quoniam
1634 810 1730 844 testis
1756 817 1805 844 est
1821 809 1972 845 Ioannes
1993 817 2110 845 tantae
2135 810 2206 851 rei,
2233 815 2267 844 et

1281 868 1452 894 monstrat
1468 867 1626 894 autorem
1645 862 1735 895 vitae
1753 868 1913 902 aeterna,
1943 863 2114 908 quaedam
2133 862 2176 894 de
2193 861 2268 905 ipso

1282 911 1413 945 loanne
1431 912 1609 945 recitanda
1628 919 1722 946 sunt.
2262 918 2264 921 ’

1628 1011 1696 1046 De
1724 1010 1914 1047 Ioanne.

1381 1093 1433 1129 Ex
1452 1096 1594 1129 caeteris
1610 1097 1841 1140 scriptoribus
1863 1096 2029 1132 historiae
2051 1099 2271 1142 evangelicae

1280 1154 1423 1190 apparet
1449 1146 1617 1179 Ioannem
1643 1147 1750 1180 fuisse
1774 1148 1884 1180 filium
1910 1148 2104 1191 Zebedaei,
2139 1157 2172 1183 et
2196 1151 2270 1183 fra-

1281 1205 1367 1230 trem
1388 1198 1462 1230 eius
1478 1196 1643 1231 Iacobum
1655 1225 1664 1238 ,
1692 1198 1753 1242 qui
1770 1199 1814 1231 ab
1829 1197 1973 1231 Herode
1990 1200 2192 1234 interfectus
2209 1207 2272 1239 est,

1281 1260 1374 1280 anno
1399 1255 1524 1293 quarto
1548 1256 1624 1291 post
1651 1249 1943 1282 resurrectionem
1968 1246 2123 1290 Christi,
2151 1258 2192 1284 ut
2207 1262 2273 1284 an-

1282 1299 1419 1332 notavit
1437 1297 1624 1334 Eusebius.
1677 1298 1735 1332 An
1752 1299 1859 1332 fuerit
1876 1306 1978 1332 natus
1996 1311 2036 1332 ex
2051 1311 2172 1333 sorore
2189 1300 2272 1334 Ma-

1282 1350 1352 1382 riae
1365 1376 1373 1389 ‚
1403 1361 1475 1382 non
1492 1357 1644 1391 constat,
1674 1351 1731 1382 sed
1751 1357 1867 1382 tamen
1885 1356 2047 1392 cognatas
2064 1351 2172 1384 fuisse
2189 1363 2274 1384 con-

1282 1407 1489 1433 sentaneum
1517 1408 1577 1435 est.
1631 1400 1736 1444 Quod
1763 1412 1846 1433 vero
1862 1398 2024 1434 Christus
2047 1402 2275 1434 commenda-

1282 1452 1331 1485 vit
1347 1451 1376 1483 ei
1397 1458 1564 1492 matrem,
1591 1452 1655 1484 etsi
1674 1451 1870 1495 exemplum
1892 1452 1934 1484 ad
1960 1463 2081 1484 omnes
2109 1452 2273 1495 pertinet,

1282 1509 1399 1535 tamen
1417 1502 1650 1544 significatum
1675 1502 1847 1543 arbitror,
1883 1500 1978 1535 hunc
2008 1502 2102 1535 inter
2117 1501 2273 1547 Aposto-

1284 1553 1334 1585 los
1365 1553 1561 1586 diutissime
1594 1555 1871 1596 gubernaturum
1895 1551 2100 1587 Ecclesiam.
2170 1553 2273 1586 Hanc

1284 1604 1315 1636 ei
1339 1611 1484 1636 matrem
1509 1605 1695 1648 praecipue
1721 1601 1886 1637 Christus
1915 1604 2031 1637 voluit
2062 1615 2134 1637 esse
2158 1616 2272 1645 curae,

1284 1666 1321 1686 ac
1344 1655 1463 1687 scribit
1489 1653 1712 1698 Sophronins
1737 1655 1797 1688 68.
1820 1666 1913 1687 anno
1939 1662 2017 1698 post
2045 1656 2274 1688 resurrectio—

1284 1717 1363 1737 nem
1387 1703 1520 1739 Christi
1547 1704 1714 1739 loannem
1745 1717 1816 1738 esse
1842 1713 2021 1738 mortuum
2042 1703 2192 1748 Ephesi,
2219 1705 2273 1738 vi-

1284 1756 1426 1796 delicet,
1454 1756 1557 1789 tertio
1573 1756 1719 1789 Traiani
1735 1768 1842 1796 anno,
1871 1767 1948 1787 cum
1966 1755 2092 1788 caeteri
2109 1754 2275 1800 Apostoli

1283 1813 1315 1839 et
1334 1805 1465 1839 Paulus
1482 1806 1595 1840 multo
1614 1814 1693 1840 ante
1711 1806 1853 1839 extincti
1878 1813 1999 1839 essent.
2060 1805 2189 1840 Docuit
2208 1807 2276 1849 igi-

1284 1864 1341 1890 tur
1357 1868 1430 1890 non
1454 1857 1577 1899 exiguo
1601 1864 1775 1901 tempore,
1809 1856 1973 1889 videlicet
1995 1868 2109 1889 annos
2135 1857 2274 1890 circiter

1283 1907 1343 1942 67,
1372 1907 1517 1941 Interim
1535 1916 1568 1941 et
1584 1909 1736 1941 exulavit
1751 1907 1959 1952 aliquandiu
1976 1907 2041 1939 sub
2056 1905 2275 1949 Domitiano,

1283 1958 1382 1992 cuius
1399 1958 1484 1991 actis
1501 1959 1652 1992 rescissis
1669 1959 1733 1991 sub
1752 1957 1909 1991 Traiano
1921 1982 1930 1996 ,
1958 1955 2138 2001 Ephesum
2157 1959 2271 1993 rediit.

1283 2009 1474 2043 Auditores
1504 2016 1582 2052 post
1612 2021 1646 2042 se
1675 2009 1820 2053 reliquit
1852 2007 2027 2051 Ignatium
2056 2006 2273 2053 Episcopum

1284 2057 1570 2099 Anfiochenum,
1618 2059 1852 2106 Polycarpum
1892 2057 2106 2103 Episcopum
2150 2059 2274 2106 Smyr-

1283 2123 1410 2144 naeum
1428 2138 1437 2151 ,
1490 2118 1522 2145 et
1566 2110 1710 2155 Papiam
1763 2109 1978 2154 Episcopum
2030 2109 2275 2155 Hierapoleos.

1285 2162 1427 2205 Quanta
1444 2162 1565 2195 messis
1582 2160 1788 2204 Evangelii,
1814 2167 1943 2206 quanta
1962 2158 2138 2194 Ecclesiae
2162 2161 2274 2195 felici-

1283 2221 1334 2247 tas
1352 2213 1438 2253 fuit,
1463 2219 1534 2246 tam
1560 2213 1667 2256 longo
1683 2221 1839 2257 tempore
1864 2212 1986 2245 audire
2003 2210 2214 2256 Apostolum
2241 2219 2276 2246 et

1285 2265 1359 2298 eius
1383 2264 1599 2308 discipulos?
1658 2263 1728 2297 Sed
1767 2272 1885 2297 tamen
1917 2261 1983 2295 hoc
2011 2262 2088 2307 ipso
2115 2270 2274 2307 tempore

1284 2315 1387 2348 multi
1415 2315 1559 2348 fanatici
1582 2316 1741 2349 doctores
1769 2315 1896 2359 passim
1924 2314 2038 2356 vagati
2068 2320 2166 2347 sunt:
2202 2314 2273 2346 iam

1284 2365 1403 2400 Ebion
1419 2373 1451 2399 et
1469 2363 1660 2399 Cerinthus
1682 2366 1867 2399 turbarant
1883 2362 2077 2405 Ecclesias,
2104 2365 2166 2409 qui
2187 2376 2274 2398 con-

1285 2418 1476 2450 tendebant
1493 2417 1529 2449 in
1548 2414 1690 2450 Christo
1708 2429 1780 2450 esse
1797 2422 1934 2450 tantum
1960 2413 2151 2449 humanam
2168 2422 2272 2449 natu—

1285 2480 1379 2508 ram,
1411 2469 1453 2501 ad
1479 2466 1543 2501 hos
1565 2468 1809 2511 reprimendos
1835 2474 1868 2500 et
1891 2467 2097 2500 refutandos
2121 2465 2271 2500 Ioannes

1286 2519 1423 2562 scripsit
1438 2517 1671 2561 Evangelium
1697 2531 1816 2558 suum,
1850 2524 1890 2551 ut
1913 2524 2097 2551 testaretur
2120 2517 2212 2550 clare
2237 2524 2272 2551 et

1286 2581 1463 2613 expresse,
1491 2570 1527 2602 in
1550 2568 1691 2603 Christo
1717 2571 1802 2603 duas
1828 2580 1900 2602 esse
1924 2575 2084 2606 naturas,
2112 2568 2271 2601 divinam

1287 2627 1320 2653 et
1336 2618 1546 2661 humanam,
1573 2621 1690 2654 unitas
1708 2621 1773 2661 ita,
1799 2627 1838 2654 ut
1855 2619 1898 2652 sit
1911 2630 1981 2652 una
2002 2631 2148 2662 persona
2166 2617 2269 2654 Chri-

1286 2677 1358 2703 stus
1380 2670 1474 2704 filius
1496 2669 1579 2713 Dei,
1619 2678 1652 2705 et
1673 2672 1846 2705 mediator
1869 2677 1998 2703 noster.
2061 2668 2273 2704 Recitantur
