2415 2942
314 141 386 177 275

314 239 381 270 qne
399 228 433 259 in
451 238 512 260 sno
529 227 702 259 curriculo
718 228 866 266 servire,
907 228 1117 262 mirabiliter
1141 231 1239 273 erigit
1264 237 1297 263 et

316 278 439 310 liberat
465 278 630 315 afflictos,
667 284 700 308 nt
732 280 766 311 52.
786 275 948 310 Corinth.
969 278 1000 313 4.
1027 280 1173 313 dicitur:
1216 279 1295 314 Cir-

315 328 539 359 cumfer-imus
558 324 649 358 bunc
670 324 871 360 thesaurum
890 328 926 359 in
946 330 1035 361 vasis
1057 332 1231 370 testaceis,
1257 339 1294 365 ut

315 376 514 408 excellentia
533 377 673 409 virtutis
692 377 735 410 sit
755 376 839 414 Dei,
867 385 897 410 et
916 390 987 411 non
1016 391 1055 412 ex
1083 382 1203 421 nobis,
1230 394 1293 414 an-

313 427 443 466 gimur,
486 427 542 458 sed
580 438 651 459 non
682 427 862 460 deficimus
894 429 1031 471 animo,
1077 443 1294 475 quassamur,

311 477 368 506 sed
395 488 464 507 non
482 476 646 519 perimus.
699 477 745 510 At
773 490 850 510 cum
875 478 1016 513 irruunt
1041 493 1185 524 magnae
1211 495 1294 526 pro-

313 526 419 557 cellae
453 527 488 558 in
515 526 676 566 Saulem,
712 526 939 571 Pompeium,
965 529 1153 570 Catonem,
1180 531 1294 565 Anto-

312 576 428 613 nium,
467 584 497 609 et
522 576 673 617 similes,
715 578 871 611 destituti
905 580 946 612 iis
971 582 1092 622 rebus,
1127 595 1144 615 a
1167 584 1294 626 quibus

311 628 400 658 ratio
428 623 580 659 bumana
605 640 706 670 opem
736 629 840 674 petit,
883 642 1023 673 prorsus
1045 634 1295 676 opprimuntur

312 677 576 720 desperatione,
604 685 637 710 et
655 686 813 720 pereunt.

412 726 564 760 Prosunt
610 728 715 770 igitur
756 730 1003 771 promissiones
1046 732 1293 766 liberationum

310 778 570 819 corporalium,
597 779 678 822 quia
696 791 774 811 cum
793 781 826 811 111
850 778 912 812 hac
933 782 1001 813 vita
1021 780 1213 816 Ecclesiam
1231 783 1294 816 Dei

310 839 452 860 manere
477 835 651 871 oporteat,
689 837 847 861 servatur
873 842 998 873 corpus
1024 833 1194 866 mirandis
1220 847 1294 866 mo-

310 877 383 917 dis,
412 885 449 910 ut
470 879 618 921 populus
640 879 675 910 in
688 880 823 911 deserto
848 882 1070 920 servabatur,
1105 892 1137 917 et
1163 885 1293 917 multae

311 928 531 969 singulorum
564 929 745 962 mirandae
783 929 1006 963 liberationes
1034 933 1121 966 fiunt
1152 943 1295 978 propter

310 979 525 1017 ministeria,
560 979 616 1011 vel
635 978 828 1019 Ecclesiae,
860 981 913 1012 vel
934 982 1094 1024 politiae,
1122 986 1175 1016 vel
1192 998 1294 1017 oeco-

310 1029 466 1060 nomiae:
499 1035 537 1061 ut
560 1029 695 1072 quoties
717 1030 926 1063 mirabiliter
951 1033 1150 1075 eripiuntur
1177 1036 1294 1076 morti,

310 1077 421 1110 David
441 1086 471 1112 et
493 1077 678 1110 ieremias?
715 1079 786 1110 [mo
813 1078 876 1112 bae
893 1091 1089 1124 praesentes
1113 1086 1294 1120 liberatio-

311 1140 370 1160 nes
394 1136 474 1160 sunt
499 1129 610 1170 imago
636 1129 790 1170 integrae
814 1130 1033 1166 liberationis
1066 1136 1225 1176 futurae,
1262 1145 1293 1171 ct

310 1181 353 1210 de
383 1190 421 1210 ea
456 1190 519 1211 nos
552 1180 766 1217 admonent,
819 1187 851 1213 et
883 1181 983 1214 alunt
1013 1195 1052 1216 ac
1084 1188 1292 1218 confirmant

308 1230 410 1261 fidem
424 1256 432 1268 ‚
461 1242 526 1273 qua
546 1230 722 1262 credimus
740 1229 852 1262 Deum
871 1232 972 1264 nobis
989 1233 1126 1274 adesse,
1159 1242 1191 1267 et
1216 1237 1294 1279 opi-

307 1280 430 1315 tulari,
460 1287 491 1312 et
517 1292 582 1323 qua
608 1287 827 1322 expectamus
859 1282 1013 1315 futuram
1036 1283 1293 1324 liberationem,

306 1336 345 1362 111
374 1330 544 1371 allegatur
580 1330 777 1370 exemplum
807 1330 898 1366 Psal.
921 1333 999 1367 23.:
1048 1332 1213 1368 Accedite
1249 1338 1290 1368 ad

307 1392 407 1417 eum,
442 1380 761 1420 etillumiuamini‚
799 1381 861 1413 iste
885 1394 1018 1425 pauper
1045 1384 1227 1427 clamavit,
1261 1395 1291 1420 et

307 1430 473 1462 dominus
492 1431 670 1464 exaudivit
686 1443 784 1470 eum,
812 1438 875 1466 etc.
930 1431 1025 1466 Haec
1047 1435 1091 1467 de
1115 1448 1232 1477 cruce,
1259 1445 1290 1469 et

306 1481 600 1524 promissionibus
619 1479 675 1513 hic
694 1481 846 1514 breviter
870 1484 1047 1524 recensui,
1076 1487 1289 1519 admonendi

306 1531 446 1563 lectoris
464 1543 584 1569 causa,
611 1539 650 1564 ut
677 1543 850 1564 summam
874 1531 979 1566 huius
1004 1536 1184 1569 concionis
1208 1551 1291 1570 con-

305 1582 444 1615 sideret.
500 1582 687 1615 Caeterum
706 1582 791 1616 alibi
810 1583 981 1626 prolixius
998 1592 1091 1619 totus
1118 1584 1174 1620 bic
1197 1589 1291 1621 locus

306 1632 445 1665 tractari
465 1632 564 1666 solet.

409 1682 499 1715 lllud
527 1682 640 1715 obiter
662 1684 864 1718 addendum
892 1693 941 1719 est
965 1688 1007 1719 de
1032 1686 1196 1728 Graecis,
1231 1690 1290 1734 qoi

305 1740 475 1765 venerant
493 1734 663 1765 adorandi
687 1746 807 1776 causa,
843 1737 946 1780 quale
968 1750 1077 1779 genus
1105 1736 1290 1772 bominum

305 1783 493 1826 intelligit?
523 1782 633 1816 Valde
652 1786 792 1826 prodest
816 1786 904 1818 scire
920 1799 1008 1831 quae
1031 1800 1156 1830 genera
1177 1788 1292 1822 bomi-

304 1845 389 1866 num
422 1841 504 1867 tunc
525 1834 656 1867 fuerint
679 1832 834 1868 Ecclesia
860 1835 937 1869 Dei.
998 1838 1078 1871 Non
1108 1840 1202 1871 enim
1227 1841 1291 1873 soli

306 1883 502 1927 Israelitae,
532 1885 566 1917 id
594 1891 662 1922 est,
697 1885 769 1918 nati
793 1898 832 1919 ex
857 1888 990 1920 semine
1008 1886 1188 1927 Abrahae,
1217 1891 1291 1924 fue-

305 1942 388 1967 runt
411 1943 496 1967 tnnc
512 1934 665 1967 Ecclesia
685 1935 773 1976 Dei,
804 1938 862 1969 sed
889 1939 992 1971 etiam
1016 1940 1118 1973 multi
1135 1938 1291 1980 Ethnici‚

305 1991 405 2018 erant
421 1985 528 2027 igitur
552 1996 678 2027 genera
702 1986 783 2019 tria:
824 1987 1021 2030 Israelitae,
1053 1990 1088 2023 id
1114 1999 1181 2031 est,
1218 1993 1291 2025 nati

306 2047 345 2068 ex
365 2036 498 2068 semine
522 2033 704 2076 Abrahae,
739 2034 803 2070 hos
827 2040 982 2080 oportuit
1011 2052 1082 2073 esse
1107 2042 1288 2074 circumci-

305 2097 380 2124 sos,
415 2094 447 2120 et
473 2086 657 2119 observare
682 2089 898 2121 ceremonias
914 2089 1097 2126 Mos-dicas.
1158 2092 1291 2125 Secun-

305 2137 389 2169 dum
409 2148 517 2179 genus
535 2143 634 2170 erant
650 2135 842 2182 Proselyti,
870 2141 929 2184 qni
957 2153 996 2173 ex
1021 2141 1185 2183 gentibus
1208 2155 1290 2175 con-

304 2187 411 2226 versi,
448 2187 550 2220 etiam
576 2187 764 2221 voluerunt
789 2189 1012 2231 circumcidi,
1048 2199 1079 2225 et
1105 2193 1290 2225 observare

307 2237 521 2270 ceremonias
540 2236 722 2272 Mosaicas.
784 2237 944 2272 Tertium
971 2252 1080 2283 genus
1105 2243 1171 2276 suit
1197 2241 1288 2276 haud

303 2288 411 2319 dubie
431 2299 613 2330 magnum,
639 2288 682 2320 de
697 2300 768 2332 quo
789 2285 846 2321 bic
864 2290 1040 2334 loquitor,
1079 2299 1111 2326 et
1137 2294 1172 2326 in
1193 2293 1289 2327 Artis

304 2336 554 2378 Apostolorum
587 2345 758 2371 vocantur
790 2340 858 2372 viri
896 2341 1071 2383 religiosi,
1126 2345 1288 2378 videlicet

302 2385 466 2425 Etbnici,
508 2389 568 2433 qui
597 2388 672 2421 sine
699 2388 965 2423 circumcisione
990 2399 1023 2425 et
1044 2394 1287 2428 observatione

302 2438 578 2471 ceremoniarum
620 2439 819 2473 didicerant
859 2443 1128 2484 promissionem
1166 2445 1286 2479 salutis

302 2489 416 2521 datam
435 2496 575 2531 propter
596 2497 783 2523 venturum
807 2502 944 2531 semen,
979 2506 1049 2537 quo
1074 2495 1284 2529 benedicen-

303 2539 366 2571 dae
393 2545 491 2571 erant
516 2550 638 2571 omnes
660 2547 796 2582 gentes,
840 2548 872 2574 et
899 2540 962 2575 hac
985 2544 1052 2577 fide
1073 2545 1284 2580 invocabant

300 2587 414 2622 Deum
447 2600 588 2626 verum,
630 2591 748 2634 quise
773 2592 905 2635 populo
933 2593 1039 2628 lsrae'l
1068 2597 1284 2638 patefecerat,

300 2646 331 2670 et
363 2641 507 2671 verbum
538 2651 639 2672 suum
668 2641 716 2672 eis
739 2642 941 2676 tradiderat.
1008 2645 1111 2678 Tales
1143 2647 1283 2680 suerunt

301 2689 476 2728 Naaman,
503 2689 631 2734 Syrus,
659 2689 1003 2736 Nabuchodonosor,
1031 2703 1062 2730 et
1085 2697 1158 2730 eius
1183 2698 1284 2739 filius,

890 142 1013 178 PHlL.
1041 143 1155 179 MEL.
1186 145 1392 180 SCRtP‘rA
1422 145 1717 182 ExEGETtCA.

1314 1664 1320 1715 l

2252 152 2324 188 276

1348 232 1429 264 item
1449 230 1597 273 Darius,
1624 230 1755 277 Cyrus,
1787 230 1971 267 Cornelius
1994 235 2030 267 in
2053 234 2149 268 Actis
2174 233 2324 278 Aposto-

1348 283 1480 322 lorum,
1509 280 1678 325 Atbiops,
1705 281 1917 323 Eunuchus,
1952 292 1985 318 et
2012 286 2111 318 multi
2138 286 2223 318 tales
2237 284 2326 319 Eth-

1346 333 1414 365 nici
1450 333 1593 366 fuerunt
1626 331 1803 365 Ecclesiae
1833 345 1934 366 verae
1968 337 2144 375 membra,
2179 336 2326 380 ideoque

1346 384 1491 425 dispersi
1509 390 1590 416 sunt
1610 383 1700 415 inter
1715 390 1834 425 gentes
1855 382 2040 425 israelitae,
2068 393 2106 419 ut
2124 384 2326 420 multiEth-

1347 434 1417 467 nici
1436 435 1478 467 ad
1497 434 1706 477 ignitionem
1725 434 1796 466 veri
1815 432 1881 467 Dei
1898 442 2117 472 vocarentur.

1586 523 1664 572 Qui
1679 523 1754 559 odit
1774 526 1940 560 animam
1957 539 2077 563 suam.

1449 598 1635 646 Utrunque
1653 602 1931 640 consideremus,
1958 610 2179 647 praeceptum
2195 611 2228 638 et
2246 616 2329 647 pro-

1349 651 1560 684 missionem.
1620 651 1847 696 Praeceptum
1873 660 1939 694 est,
1971 661 2008 686 ut
2031 655 2233 687 mandatum
2250 654 2328 695 Dei,

1348 699 1414 733 hoc
1440 708 1508 742 est,
1543 702 1796 734 confessionem
1822 715 1922 736 verae
1949 704 2131 737 doctrinae
2154 705 2328 738 antefera-

1351 763 1427 783 mus
1444 752 1534 785 vitae
1554 759 1711 791 nostrae,
1739 759 1769 784 et
1796 753 1832 784 in
1850 751 1915 786 hoc
1934 761 2115 797 praecepto
2131 767 2329 798 monemur,

1349 803 1477 835 multos
1504 809 1536 835 et
1558 814 1702 845 magnos
1726 803 1801 835 sore
1825 801 1940 837 hostes
1961 802 2155 848 Evangelii.
2210 804 2328 847 Quare

1350 865 1513 895 magnum
1546 854 1613 886 erit
1638 854 1852 896 periculum,
1896 855 2120 888 circumferre
2143 853 2328 898 Evangelii

1348 903 1662 945 praedicationem,
1706 916 1786 937 nam
1811 905 1904 948 quod
1929 905 1992 938 ait:
2035 904 2107 948 Qui
2131 913 2224 940 amat
2251 906 2328 939 ani-

1348 966 1439 985 mam
1465 965 1580 993 suam‚
1624 956 1743 996 perdet
1774 967 1870 997 eam,
1910 956 2144 998 intelligatur,
2177 963 2216 989 ut
2242 957 2327 990 alibi

1347 1004 1449 1036 dicit:
1484 1003 1558 1046 Qui
1580 1005 1693 1044 diligit
1720 1012 1851 1048 patrem
1877 1013 1937 1038 aut
1961 1014 2105 1039 matrem
2128 1006 2205 1049 plus
2223 1019 2328 1051 quam

1348 1066 1422 1093 me,
1449 1061 1512 1088 etc.
1568 1054 1616 1088 Ita
1636 1053 1690 1087 hie
1709 1057 1852 1089 ‹lanmat
1876 1064 2050 1089 amantem
2076 1057 2226 1089 animam
2244 1069 2328 1101 pro-—

1347 1104 1477 1147 priam,
1513 1105 1549 1137 id
1578 1112 1648 1143 est,
1684 1107 1812 1146 vitam,
1846 1107 1924 1149 plus
1957 1119 2060 1151 quam
2093 1106 2226 1148 Deum,
2269 1119 2329 1141 seu

1346 1156 1550 1187 mandatum
1568 1154 1645 1188 Dei.
1698 1155 1800 1189 Ordo
1819 1157 1910 1189 enim
1928 1159 2121 1190 servandus
2138 1165 2200 1201 est,
2228 1170 2329 1191 man-

1346 1206 1426 1234 dato
1452 1204 1519 1234 Dei
1544 1207 1692 1244 regenda
1721 1214 1770 1240 est
1797 1207 1886 1244 vita,
1929 1209 2020 1252 quod
2052 1209 2204 1251 primum
2231 1209 2330 1242 iubet

1346 1251 1420 1284 Deo
1445 1253 1604 1291 obedire,
1645 1260 1678 1286 et
1702 1260 1817 1296 postea
1845 1266 1986 1296 propter
2013 1256 2122 1291 Deum
2154 1266 2329 1293 creaturas

1346 1303 1510 1346 diligere,
1536 1303 1583 1336 ita
1602 1311 1639 1337 ut
1656 1315 1868 1349 quamquam
1885 1305 2030 1347 diligere
2046 1309 2229 1349 praecipit.

1449 1369 1585 1402 Deinde
1606 1368 1695 1403 banc
1711 1370 1947 1402 dulcissimam
1968 1371 2236 1415 promissionem
2254 1385 2328 1405 rne-

1346 1420 1570 1461 minerimus,
1605 1433 1693 1464 quae
1716 1421 1946 1454 concionatur
1971 1423 2012 1453 de
2033 1422 2138 1455 exitu.
2193 1421 2232 1456 Si
2251 1423 2329 1467 quis

1345 1471 1430 1502 mihi
1450 1471 1682 1511 ministrabit,
1711 1468 1846 1504 honore
1862 1473 2048 1505 ornabitur
2064 1485 2082 1505 a
2106 1479 2214 1515 patre.
2239 1472 2327 1506 Bre-

1345 1533 1384 1552 ve
1401 1521 1531 1554 dictum
1551 1529 1618 1562 est,
1648 1530 1678 1555 et
1699 1533 1797 1564 saepe
1815 1522 2050 1565 cogitandum.
2102 1522 2272 1557 Doctores
2294 1532 2327 1558 et

1344 1572 1507 1612 discipuli
1526 1570 1708 1614 Evangelii
1729 1580 1809 1605 snnt
1835 1574 2006 1616 despecti,
2040 1585 2079 1606 ae
2104 1575 2209 1615 spreti
2227 1586 2244 1606 a
2261 1586 2326 1618 po-

1345 1623 1511 1660 tentibus,
1540 1624 1597 1655 sed
1614 1635 1649 1655 se
1667 1621 1728 1655 hac
1749 1635 1832 1655 voce
1847 1624 2084 1662 consolentur,
2113 1625 2206 1668 quod
2219 1621 2325 1657 Chri-

1343 1679 1416 1705 stus
1433 1670 1488 1704 hic
1506 1673 1679 1715 promittit
1695 1674 1852 1706 futurum
1873 1686 1962 1712 esse,
1996 1682 2034 1707 ut
2055 1681 2227 1706 ornentur
2251 1675 2328 1716 glo-

1345 1724 1394 1755 ria
1413 1735 1431 1755 a
1448 1730 1561 1766 patre,
1597 1725 1716 1756 eadem
1744 1724 1984 1757 consolatione
2007 1736 2074 1757 nos
2094 1731 2327 1758 sustentemus

1344 1774 1380 1805 in
1401 1774 1499 1806 omni
1519 1785 1644 1816 genere
1660 1774 1908 1818 periculorum.
1962 1774 2114 1817 Magnae
2129 1775 2326 1808 discordiae

1342 1830 1476 1856 secutae
1501 1831 1582 1857 sunt
1601 1826 1721 1858 taxatis
1742 1826 1939 1864 erroribus,
1969 1832 2002 1859 et
2028 1826 2193 1858 videntur
2215 1825 2326 1859 futuri

1343 1874 1454 1907 exitus
1472 1875 1585 1908 tristes
1601 1882 1692 1908 recte
1713 1874 1934 1913 docentium,
1971 1886 2071 1918 saepe
2096 1875 2198 1907 etiam
2225 1886 2326 1908 scan-

1342 1925 1431 1957 dalis
1470 1926 1688 1969 principum,
1739 1931 1774 1958 et
1805 1925 1927 1968 populi
1957 1925 2215 1964 deformantur,
2265 1926 2326 1959 sed

1343 1975 1453 2009 sciant
1471 1976 1579 2008 exitus
1604 1977 1678 2008 fore
1700 1975 1877 2008 salutares.
1938 1974 2041 2008 Pater
2063 1976 2156 2007 enim
2183 1977 2327 2010 ornabit

1343 2025 1452 2067 gloria
1484 2026 1664 2058 ministros
1688 2037 1787 2063 suos,
1821 2033 1853 2058 et
1879 2025 2037 2070 quamvis
2060 2026 2170 2070 aliqui
2192 2026 2327 2059 interfi-

1344 2076 1500 2116 ciantur,
1529 2084 1643 2109 tamen
1661 2076 1753 2109 Deus
1773 2076 1914 2109 illorum
1935 2088 2070 2108 causam
2090 2077 2263 2115 defendet,
2292 2083 2326 2110 et

1344 2127 1485 2158 tandem
1512 2126 1548 2158 in
1572 2134 1710 2159 aeterna
1736 2127 1806 2160 vita
1831 2127 2015 2159 universae
2037 2125 2214 2159 Ecclesiae
2248 2127 2325 2169 glo-

1343 2176 1428 2208 riam
1447 2177 1644 2220 patefaciet,
1679 2177 1853 2209 damnatis
1880 2183 1913 2210 et
1938 2177 2081 2210 abiectis
2105 2175 2265 2210 hostibus
2287 2177 2324 2210 111

1341 2233 1499 2260 aeternos
1527 2228 1711 2260 cruciatus.
1780 2227 1875 2260 Haec
1899 2228 2052 2260 breviter
2075 2229 2118 2259 de
2143 2225 2198 2259 his
2222 2239 2324 2275 prae-

1340 2278 1447 2320 ceptis
1463 2285 1493 2311 et
1513 2278 1804 2321 promissionibus
1829 2285 1964 2311 tantum
1984 2278 2198 2310 admonendi
2216 2279 2324 2312 tecto-

1341 2328 1388 2360 ris
1405 2341 1505 2361 causa
1524 2329 1614 2369 dixi,
1641 2336 1678 2362 ut
1702 2326 1784 2362 haec
1801 2328 1920 2361 brevia
1939 2328 2048 2367 dicta,
2076 2341 2164 2373 quae
2180 2329 2323 2374 quidem

1339 2379 1422 2412 satis
1440 2381 1621 2424 perspicua
1641 2387 1741 2420 sunt,
1768 2379 1933 2413 attentius
1949 2379 2160 2414 consideret.

1498 2471 1553 2506 Et
1570 2484 1666 2506 nunc
1681 2470 1810 2505 anima
1828 2483 1907 2505 mea
1925 2471 2075 2505 turbata
2093 2475 2156 2507 est.

1438 2547 1714 2592 Interrumpitnr
1742 2548 1815 2581 eius
1839 2547 1962 2580 concio
1991 2554 2085 2581 tanta
2116 2554 2319 2582 consterna-

1336 2598 1431 2631 tione
1449 2600 1577 2640 animi,
1611 2607 1645 2632 ut
1666 2599 1769 2631 fuerit
1794 2598 1884 2631 clara
1908 2610 1991 2631 voce
2015 2598 2123 2642 patris
2153 2600 2196 2631 de
2219 2600 2316 2632 coelo

1336 2650 1607 2685 confirmandus.
1644 2649 1774 2691 Quaeri
1792 2657 1906 2681 autem
1924 2649 2008 2681 solet
2023 2675 2030 2688 ‚
2060 2661 2137 2681 cnm
2157 2647 2316 2683 Christos

1335 2711 1471 2744 semper
1492 2702 1617 2734 viderit
1642 2709 1795 2748 patrem,
1837 2706 1868 2732 et
1893 2711 2029 2743 semper
2053 2700 2157 2733 suerit
2184 2702 2314 2739 beatus,
