2415 2942
97 89 195 128 1237
330 88 431 127 XIII.

97 175 316 212 tercessionis
340 173 495 217 Christi,
533 175 592 209 scd
619 181 670 209 est
696 175 867 210 correctio
893 176 1022 209 erroris
1044 177 1087 209 de

94 228 285 262 omissione
311 234 451 261 nostrae
476 226 707 271 precationis,
743 238 802 260 seu
828 228 1024 260 admonitio
1048 234 1086 260 ut

96 280 310 322 adiungatur
346 286 465 313 nostra
501 277 667 323 precatio,
728 277 801 311 lam
833 279 945 321 cogita
980 290 1083 323 quam

95 330 198 363 dulce
217 330 422 363 mandatum
441 329 504 369 sit,
530 329 626 374 quod
645 328 832 372 praecipit,
860 336 899 362 ut
915 341 978 362 nos
995 341 1085 374 quo-

96 393 164 426 que
182 382 385 414 accedamus
402 381 446 413 ad
465 379 598 420 Deum,
623 384 662 411 ut
686 390 751 411 nos
775 380 817 411 ad
843 379 952 423 ipsius
975 380 1084 413 inter-

95 432 287 465 cessionem
305 431 537 474 adiungamus
556 435 674 462 nostra
701 436 779 462 vota
805 436 838 463 et
862 438 1000 464 nostros
1026 442 1083 473 ge-

94 482 223 523 mitus,
251 482 326 515 vult
343 488 376 515 te
395 493 534 526 quoque
552 479 707 524 precari,
729 492 793 513 nec
810 481 884 514 vult
902 494 966 514 nos
985 482 1083 524 igna-

95 545 159 566 vos
178 539 238 566 aut
258 532 390 566 otiosos
411 532 539 565 milites
556 543 647 572 esse,
677 532 735 564 sed
755 531 830 564 vult
846 538 884 565 ut
904 532 969 575 ipsi
994 544 1084 575 quo-

97 595 165 629 que
191 583 396 616 accedamus
420 584 463 616 ad
485 581 622 625 Deum,
645 583 738 615 sicut
757 582 828 614 dux
853 583 928 616 vult
954 583 1083 615 milites

94 634 201 668 simul
220 633 385 677 praeliari
404 640 467 669 etc.
528 631 603 666 Hac
630 632 855 676 grammatica
872 640 905 666 et
923 645 1003 666 vera
1027 645 1083 666 re-

94 685 285 729 sponsione
312 684 468 718 contenti
494 683 623 724 simus,
656 690 690 716 et
714 683 979 717 meminerimus
1002 684 1083 717 dul—

93 736 268 769 cissimam
297 734 575 768 consolationem
603 733 707 767 nobis
743 735 960 778 propositam
996 746 1082 775 esse,

91 799 181 832 quae
206 786 375 827 affirmat,
411 793 443 819 ct
466 785 581 818 audiri
607 791 744 818 nostras
773 796 893 832 preces
919 793 952 819 et
976 786 1082 819 simul

91 849 172 871 cum
196 837 268 870 filio
287 836 387 880 diligi
410 843 554 880 propter
576 835 715 879 ipsum,
742 836 833 869 sicut
856 837 977 869 eodem
1002 837 1079 870 loco

92 888 237 921 dicitur:
264 886 341 931 Ipse
357 894 456 931 pater
475 886 591 929 diligit
608 897 680 922 vos.
723 885 823 919 Hanc
840 887 1080 919 dulcissimam

93 938 371 972 consolationem
406 949 479 971 non
514 938 674 971 sinamus
701 938 881 982 corrumpi
911 944 1080 971 venenata

91 987 296 1034 sophistica.

192 1038 388 1073 Exordium
423 1038 580 1073 continet
614 1038 805 1082 gratiarum
841 1039 1014 1073 actionem
1047 1045 1080 1072 et

91 1091 352 1133 precationem,
392 1091 481 1123 sicut
513 1091 549 1123 in
574 1090 727 1123 exordiis
753 1089 901 1122 maxime
927 1097 1023 1132 grata
1048 1096 1082 1123 et

90 1141 217 1174 usitata
235 1148 317 1175 sunt
334 1142 441 1174 verba
461 1141 662 1179 affectuum,
683 1141 973 1184 gratulationum,
996 1153 1080 1186 que-

88 1192 243 1225 relarum
263 1199 328 1226 etc.
365 1191 496 1236 Estque
514 1204 648 1225 summa
669 1191 879 1225 sententiae:
908 1190 982 1224 Deo
1002 1198 1081 1235 gra-

89 1242 155 1276 tias
180 1254 263 1286 ago,
291 1244 386 1287 quod
414 1254 475 1276 vos
501 1244 543 1276 ad
569 1243 784 1286 agnitionem
805 1242 867 1274 filii
887 1243 1024 1275 vocavit
1048 1248 1081 1275 ct

88 1294 247 1328 accendit
264 1295 370 1327 corda
397 1301 528 1333 vestra,
562 1300 601 1326 ut
623 1292 817 1335 Evangelio
842 1293 1009 1331 credatis,
1046 1299 1078 1325 et

90 1356 153 1377 oro
171 1351 209 1379 ut
227 1356 290 1377 vos
313 1345 505 1378 confirmet.
559 1343 654 1376 Haec
672 1343 802 1376 Paulus
817 1343 978 1386 pluribus
1002 1355 1080 1375 ver-

89 1395 144 1428 bis
169 1395 276 1436 dicit,
312 1396 350 1428 in
374 1396 502 1440 quibus
525 1393 645 1438 phrasi
672 1395 888 1427 considerata
914 1392 1004 1426 nihil
1029 1399 1080 1426 est

91 1446 326 1479 obscuritatis.
368 1444 501 1490 Estque
518 1452 631 1479 sumta
651 1445 822 1478 sententia
842 1457 881 1477 ex
899 1444 1080 1477 communi

89 1497 270 1538 doctrina,
294 1498 388 1542 quod
407 1496 638 1539 Evangelium
658 1496 702 1529 sit
720 1496 888 1539 sapientia
906 1507 978 1528 non
996 1502 1079 1528 nota

89 1548 240 1587 rationi,
275 1550 332 1580 sed
364 1548 533 1579 immensa
567 1547 806 1579 misericordia
832 1546 895 1579 Dei
928 1546 1079 1578 revelata

91 1609 153 1642 per
177 1597 300 1630 fitium.
362 1596 468 1636 Item,
496 1598 589 1641 quod
614 1595 705 1629 lianc
724 1597 920 1628 mirandam
941 1596 1079 1639 sapien-

89 1649 174 1681 tiam
198 1648 289 1681 ratio
316 1659 389 1680 non
415 1647 561 1691 accipiat
587 1648 673 1687 fide,
700 1647 767 1679 nisi
793 1647 864 1679 filio
883 1647 957 1689 ipso
976 1658 1079 1679 inon-

88 1704 240 1737 strante,
286 1705 419 1731 mentes
449 1704 480 1730 et
512 1698 617 1731 corda
642 1698 854 1730 accendente
890 1703 921 1729 et
949 1697 1078 1729 confir-

86 1757 224 1789 mante,
252 1756 289 1782 ut
307 1749 539 1782 assentiamur
557 1755 590 1782 et
608 1748 822 1781 retineamus
839 1748 1075 1780 assensionem

88 1807 122 1834 et
159 1801 283 1843 fidem,
320 1801 409 1833 sicut
434 1799 564 1832 Paulus
598 1799 715 1844 inquit
756 1799 799 1831 ad
832 1797 989 1831 Galatas:
1032 1797 1106 1848 Ut}

1102 1884 1104 1889 Ι
1132 1854 1219 1880 tem:
1246 1847 1376 1882 dicitur
1388 1847 1550 1883 Christus
1568 1848 1661 1883 Deus
1678 1857 1711 1884 et
1728 1848 1832 1885 homo
1852 1852 1965 1896 imago
1986 1854 2116 1887 aeterni

87 1851 357 1896 promissionem
379 1850 522 1895 spiritus
539 1850 750 1894 accipiamus
768 1861 828 1893 per
846 1848 963 1884 fidem.

325 1931 433 1981 Quid
446 1938 495 1967 esi
515 1932 641 1979 imago
656 1931 751 1974 Dei,
780 1936 840 1968 cle.

482 87 518 124 5.
546 85 846 125 ENARRATIO
874 88 1031 126 EPIST.
1060 84 1210 125 PAULI
1237 84 1304 122 AD
1332 84 1688 128 COLOSSENSES.
1748 91 1850 127 CAP.
1873 93 1903 131 Ι.

193 2003 234 2037 In
251 2001 394 2038 Christo
413 2010 495 2036 nato
513 2015 552 2035 ex
573 2002 708 2044 virgine
727 2012 799 2034 esse
821 2001 906 2033 duas
927 2007 1079 2042 naturas,
1104 2027 1106 2036 ι

90 2053 221 2105 λόγον,
257 2061 289 2088 et
315 2062 478 2088 naturam
504 2051 716 2092 humanam,
751 2063 909 2096 expresse
931 2053 1078 2086 affirmat

91 2107 246 2141 narratio
277 2106 315 2138 in
346 2103 528 2138 Iohanne:
568 2102 614 2137 Et
642 2103 798 2136 Verbum
833 2115 912 2135 caro
950 2103 1078 2136 factum

90 2165 159 2196 est,
188 2166 219 2190 et
236 2153 347 2204 λόγον
366 2168 437 2188 non
456 2167 527 2188 esse
544 2166 669 2187 sonum
687 2161 965 2192 evanescentem,
992 2154 1081 2187 sicut

90 2209 195 2243 multi
214 2215 325 2241 astute
341 2207 494 2240 caviliati
516 2213 597 2239 sunt
610 2232 618 2245 ‚
645 2205 704 2238 sed
725 2217 797 2238 esse
814 2200 1081 2251 oquozofiusaevov,

90 2260 151 2294 illa
171 2260 244 2304 ipsa
262 2259 418 2292 narratio
439 2258 477 2290 in
499 2254 656 2289 Iohanne
674 2256 839 2291 ostendit.

195 2310 265 2344 Sed
283 2318 462 2343 teneamus
485 2308 639 2340 illustres
662 2306 965 2347 confirmationes,
993 2317 1082 2351 qnae

93 2362 293 2406 cogitentur
309 2361 344 2393 in
364 2360 568 2405 quotidiana
589 2359 824 2393 invocatione.
878 2356 1000 2391 Iudico
1023 2357 1082 2390 fir-

92 2426 191 2447 mum
209 2412 450 2445 testimonium
475 2422 547 2442 esse
574 2409 853 2450 invocationem,
880 2420 948 2453 qua
970 2414 1083 2450 patres

95 2464 329 2508 alloquuntur
347 2461 441 2494 hunc
460 2460 654 2494 Dominum
667 2486 675 2499 ‚
701 2467 740 2493 ut
757 2466 913 2502 agentem
938 2459 1081 2503 aliquid.

94 2514 262 2549 Sentiunt
283 2514 390 2556 igitur
408 2524 479 2545 esse
507 2507 762 2557 ὑφιστάμενον
781 2510 920 2549 vivum,
949 2510 1082 2542 intelli-

96 2572 254 2609 gentem,
281 2571 313 2597 et
338 2576 416 2597 cum
444 2570 540 2608 patre
567 2562 758 2600 efficacem,
781 2561 870 2595 sicut
892 2560 938 2594 ait
962 2560 1082 2593 Iacob:

97 2615 289 2649 Benedicat
307 2612 360 2647 his
379 2615 496 2658 pueris
515 2612 630 2651 Deus,
656 2619 690 2646 et
706 2612 851 2656 angelus
874 2612 933 2657 qui
955 2611 1085 2655 eripuit

98 2679 155 2704 me
172 2679 212 2700 ex
229 2665 394 2699 omnibus
410 2665 521 2699 malis.
575 2664 643 2697 Hic
668 2664 742 2697 sine
766 2663 838 2697 ulla
863 2662 1084 2696 dubitatione

2031 97 2129 134 1238

1140 173 1285 216 angelus
1309 173 1518 218 intelligitur
1538 188 1685 220 persona
1705 178 1826 213 missa:
1855 191 2003 223 persona
2019 183 2127 216 bene-

1141 225 1262 257 dicens
1280 232 1339 258 aut
1357 226 1511 259 liberans
1527 239 1599 260 non
1626 234 1675 261 est
1701 230 1855 273 angelus,
1883 232 1943 276 qui
1961 239 2011 266 est
2029 245 2125 267 crea-

1139 281 1241 316 tura,
1282 282 1315 309 et
1346 274 1476 309 Paulus
1507 290 1664 322 expresse
1695 281 1778 312 dicit
1803 279 1984 315 Christum
2018 284 2124 318 fuisse

1138 327 1230 369 apud
1251 332 1363 369 patres
1380 327 1416 359 in
1433 328 1569 362 deserto
1583 356 1592 369 ,
1618 337 1649 363 et
1675 330 1746 373 ipse
1764 331 1895 376 iuquit:
1923 333 2125 379 Antequam

1138 374 1317 409 Abraham
1335 384 1438 410 natus
1455 385 1521 418 est,
1551 390 1611 422 ego
1631 392 1719 413 sum.
1754 380 1800 414 Et
1818 381 1976 417 hocloco
1993 387 2036 418 ad
2054 384 2124 419 Co-

1136 427 1288 460 lossenes
1325 427 1442 472 inquit
1479 428 1610 462 Paulus
1628 458 1636 471 ,
1682 443 1744 474 per
1780 430 1961 467 Christum
2003 436 2122 470 omnia

1137 479 1276 511 condita
1296 489 1367 511 esse
1384 485 1416 512 et
1433 481 1644 516 conservari.
1694 481 1774 515 Non
1797 491 1879 517 sunt
1899 492 2015 519 autem
2037 498 2123 519 con-

1137 529 1229 561 ditae
1247 535 1426 562 creaturae
1443 542 1503 572 per
1525 537 1686 564 naturam
1710 531 1919 579 humanam,
1947 543 1981 570 et
2003 543 2122 570 tamen

1136 579 1173 611 in
1189 576 1255 612 hoc
1273 577 1416 612 homine
1433 578 1573 614 Christo
1593 589 1642 614 est
1658 590 1781 617 natura
1800 586 1985 620 conditrix.
2028 585 2123 632 Ergo

1135 628 1245 677 λόγος
1263 641 1333 662 non
1354 636 1404 664 est
1418 642 1527 664 sonus
1547 643 1767 668 evanescens.

1237 680 1469 715 Confirmatio
1496 689 1546 715 est
1573 683 1675 715 etiam
1709 685 1854 718 illustris
1889 686 1927 719 in
1952 686 2054 721 dictis
2079 689 2122 722 de

1136 729 1425 775 Omnipotentia,
1454 745 1530 765 cum
1553 733 1684 778 inquit:
1713 733 1789 778 Ego
1816 736 1923 770 vitam
1945 744 2121 771 aeternam

1135 783 1180 815 do
1198 783 1257 815 eis.
1311 783 1416 816 Item:
1444 782 1518 825 Ego
1537 795 1613 816 sum
1639 785 1736 824 vitis,
1762 798 1823 819 vos
1842 787 2020 830 palmiteS,
2047 790 2122 822 sine

1135 845 1189 866 me
1212 830 1306 865 nihil
1323 834 1466 877 potestis
1482 835 1602 869 facere.
1657 833 1702 868 Et
1726 837 1754 872 1.
1774 835 1897 872 Iohan.
1914 837 1969 872 4.:
1997 837 2038 871 In
2056 837 2122 873 hoc

1135 884 1281 924 scimus,
1311 886 1404 929 quod
1432 886 1468 917 in
1495 897 1534 918 eo
1560 898 1758 926 manemus,
1787 895 1819 921 et
1841 888 1915 932 ipse
1944 890 1981 922 in
2008 890 2122 929 nobis,

1135 935 1217 979 quia
1240 936 1283 967 de
1309 935 1434 978 spiritu
1460 948 1522 968 suo
1541 938 1599 970 dat
1616 938 1728 972 nobis.
1782 938 1914 972 Natura
1932 940 2029 974 finita
2049 953 2121 974 non

1135 992 1247 1029 potest
1264 986 1347 1018 dare
1365 985 1535 1029 Spiritum
1555 995 1725 1024 sanctum.
1779 988 1842 1024 Est
1862 1001 1942 1033 ergo
1966 997 2046 1025 ante
2066 1003 2121 1024 as-

1134 1037 1347 1069 sumtionem
1364 1045 1510 1071 naturae
1524 1035 1697 1071 humanae
1715 1051 1862 1083 persona
1886 1041 2007 1082 missa,
2034 1054 2123 1087 quae

1135 1084 1241 1134 λόγος
1265 1094 1297 1120 et
1315 1086 1433 1131 Imago
1460 1090 1591 1122 aeterni
1618 1090 1725 1133 patris
1743 1091 1890 1135 dicitur,
1913 1099 1951 1126 ut
1968 1092 2076 1126 Hehr.
2091 1096 2121 1129 1.

1134 1150 1292 1181 expresse
1314 1140 1519 1173 nominatur
1540 1137 1771 1188 ἀπαύγασμα
1795 1142 1946 1184 gloriae,
1975 1141 2041 1176 hoc
2058 1151 2120 1183 est,

1134 1190 1222 1222 lucis
1246 1197 1428 1232 paternae,
1463 1191 1653 1234 sapientiae
1682 1199 1714 1225 et
1738 1192 1913 1235 iusticiae‚
1941 1201 1975 1228 et
2002 1194 2120 1238 Imago

1133 1240 1349 1273 substantiae
1378 1248 1552 1284 paternae.
1609 1241 1742 1275 Ibidem
1775 1244 1879 1276 etiam
1914 1245 2120 1285 affirmatur,

1134 1303 1196 1334 per
1220 1288 1333 1331 hunc,
1368 1292 1429 1336 qui
1454 1299 1502 1325 est
1528 1293 1642 1335 imago
1668 1294 1801 1326 aeterni
1837 1296 1964 1337 patris,
2001 1297 2119 1329 omnia

1136 1341 1277 1374 condita
1296 1352 1368 1374 esse
1388 1349 1420 1375 et
1440 1344 1637 1375 sustentari.
1691 1342 1786 1376 Hace
1804 1353 1928 1378 natura
1946 1347 2121 1380 conditrix

1134 1403 1212 1424 curn
1241 1391 1285 1425 sit
1313 1391 1349 1424 in
1373 1389 1516 1425 homine
1535 1391 1693 1434 Christo,
1722 1406 1859 1428 necesse
1879 1402 1928 1429 est
1950 1408 2023 1429 non
2050 1409 2121 1431 esse

1134 1449 1399 1475 evanescentem
1429 1455 1566 1477 sonum.
1626 1443 1775 1490 Alioqui
1809 1446 1902 1480 enim
1934 1459 2007 1480 non
2033 1456 2119 1483 esset

1133 1493 1171 1525 in
1191 1490 1335 1525 homine
1352 1491 1514 1535 Christo,
1543 1494 1571 1526 si
1589 1503 1674 1528 esset
1692 1508 1799 1529 sonus
1817 1509 2036 1532 evanescens.

1233 1542 1375 1576 Dicitur
1389 1551 1502 1578 autem
1522 1545 1653 1587 Imago,
1677 1547 1757 1590 quia
1777 1554 1875 1593 pater
1890 1560 1962 1581 sese
1978 1549 2118 1583 intuens

1133 1591 1198 1626 hac
1213 1594 1422 1636 cogitatione
1439 1595 1493 1627 sui
1510 1596 1619 1638 gignit
1637 1596 1822 1639 imaginem
1843 1610 1957 1639 suam,
1984 1607 2016 1634 et
2040 1613 2118 1633 cum

1134 1642 1219 1676 llaec
1242 1644 1358 1687 imago
1383 1646 1623 1679 substantialis
1646 1648 1772 1681 deiude
1792 1649 1921 1691 fulgeat
1939 1650 1975 1683 in
1993 1658 2117 1684 natura

1133 1693 1286 1728 humana
1311 1694 1462 1735 Christi,
1498 1697 1558 1742 qui
1584 1698 1734 1741 perfecte
1756 1701 1909 1741 agnoscit
1936 1708 2117 1735 aeternum

1133 1752 1285 1789 patrem,
1320 1753 1353 1779 et
1385 1748 1536 1790 perfecte
1572 1748 1682 1781 iustus
1718 1756 1785 1790 est,
1820 1758 1851 1783 et
1887 1751 2011 1784 similis
2043 1751 2117 1785 Deo

1132 1803 1277 1840 propter
1302 1798 1491 1840 imaginem
1519 1799 1784 1832 substantialem
1813 1801 1848 1833 in
1882 1802 1956 1845 ipso
1980 1803 2118 1846 fulgon-

1132 1899 1253 1941 patris.

1232 1947 1322 1982 Cum
1342 1956 1458 1984 autem
1475 1951 1604 1986 dicitur
1622 1952 1735 1986 Filius
1758 1954 1873 1998 imago
1897 1955 2028 1988 aeterni
2055 1967 2117 1998 pa—

1131 1999 1214 2040 tris,
1240 2001 1430 2043 cogitemus
1447 2014 1517 2036 non
1538 2004 1650 2036 solum
1670 2005 1713 2037 de
1731 2017 1855 2038 arcana
1874 2006 1982 2050 patris
2002 2013 2033 2039 et
2052 2007 2114 2039 filii

1133 2051 1341 2092 collatione,
1370 2054 1430 2085 sed
1454 2054 1496 2087 de
1519 2055 1751 2098 patefactione
1774 2068 1852 2099 erga
1879 2069 1955 2093 nos,
2018 2055 2117 2090 Talis

1134 2109 1183 2134 est
1201 2109 1313 2144 pater,
1341 2104 1479 2149 qualem
1499 2116 1570 2138 esse
1588 2105 1680 2138 filius
1704 2108 1913 2149 annunciat,
1943 2114 1975 2141 et
2002 2118 2115 2141 sermo

1134 2159 1184 2186 est
1201 2153 1314 2196 imago
1331 2155 1468 2189 mentis.
1525 2155 1606 2188 Ideo
1631 2157 1775 2190 dicitur:
1805 2158 1917 2192 Deum
1941 2170 2044 2191 nemo
2065 2158 2117 2191 vi-

1135 2204 1186 2236 dit
1206 2215 1378 2248 unquam,
1406 2207 1463 2239 sed
1489 2206 1581 2239 filius
1599 2208 1658 2251 qui
1675 2215 1724 2241 est
1742 2211 1776 2240 in
1793 2209 1872 2242 sinu
1892 2209 2016 2253 patris,
2043 2208 2116 2252 ipse

1136 2255 1311 2288 enarravit
1335 2256 1450 2292 nobis.
1504 2256 1605 2290 ltem:
1635 2257 1744 2291 Nemo
1769 2260 1868 2293 novit
1893 2266 2023 2303 patrem
2048 2260 2116 2292 nisi

1134 2305 1245 2346 filius,
1270 2313 1304 2340 et
1319 2307 1374 2340 cui
1392 2308 1482 2340 volet
1500 2308 1592 2340 filius
1607 2309 1770 2343 revelare.
1813 2309 1872 2343 Sic
1888 2310 1995 2353 igitur
2009 2321 2117 2352 agno-

1136 2368 1271 2389 scamus
1295 2358 1430 2396 Deum,
1466 2358 1555 2391 sicut
1584 2371 1644 2402 per
1668 2356 1763 2392 hunc
1788 2361 1899 2394 filium
1927 2361 2116 2405 patefactus

1137 2413 1205 2444 est,
1235 2407 1382 2448 scilicet,
1415 2409 1626 2453 sapientem,
1658 2421 1835 2450 veracem,
1868 2412 2021 2451 bonum,
2056 2413 2117 2445 be-

1137 2458 1305 2497 neficum,
1331 2460 1479 2500 iustum,
1507 2459 1677 2498 iudicem,
1707 2468 1860 2502 castum,
1892 2463 2116 2506 omnipoten-

1137 2515 1224 2550 tem,
1260 2510 1491 2543 liberrimum.
1559 2509 1603 2543 Et
1627 2523 1827 2556 quanquam
1852 2512 2118 2547 immutabiliter

1137 2560 1248 2593 iustus
1263 2567 1332 2601 est,
1360 2568 1476 2594 tamen
1501 2561 1736 2595 remittentem
1754 2570 1892 2607 peccata
1913 2570 1945 2596 et
1969 2564 2116 2596 redden-

1137 2617 1206 2644 tem
1223 2611 1397 2644 iusticiam
1413 2617 1445 2645 et
1463 2611 1570 2645 vitam
1588 2619 1764 2646 aeternam
1790 2620 1934 2657 propter
1959 2614 2068 2646 filium
2085 2621 2116 2647 et

1139 2673 1201 2707 per
1219 2673 1309 2695 eum.
1344 2661 1445 2695 Hanc
1462 2662 1610 2696 sciamus
1627 2676 1706 2697 vere
1725 2664 1940 2698 voluntatem
1957 2663 2022 2697 Dei
2039 2676 2119 2705 esse,

1479 2712 1527 2746 78
1543 2709 1562 2728 '¹‘
