2415 2942
289 82 388 120 ΧΙΙῘ.

204 170 299 204 Haec
317 170 560 214 interpretatio
579 170 698 204 dextre
718 169 894 202 intellecta
910 194 920 209 ‚
946 181 1019 201 non
1036 168 1090 200 vi-

99 223 294 265 tuperanda
318 228 382 255 est.
449 220 725 259 Consecramus‚
760 220 796 253 id
825 226 894 259 est,
927 220 1091 252 addimus

103 284 197 306 sacra
226 273 329 305 verba
359 278 392 305 et
415 272 606 314 gratiarum
642 272 837 313 actionem,
871 281 915 302 ne
938 271 982 303 sit
1006 281 1090 303 usus

100 323 272 366 profanus
303 334 364 356 seu
396 320 582 368 physicus,
622 323 694 354 sed-
712 322 757 355 sit
788 321 981 354 consolatio
1012 320 1090 353 ani-

100 385 187 407 mae.
248 374 316 407 Sed
353 373 539 406 sacrificuli
574 372 716 412 dicunt,
754 382 1018 410 consecramus,
1052 371 1090 403 id

99 430 168 464 est,
197 424 345 457 facimus
371 424 502 458 virtute
529 423 718 456 verborum
744 422 976 456 mutationem
1004 422 1089 455 sub-

100 475 258 509 stantiae.

198 526 310 558 Adest
333 532 448 558 autem
476 522 639 558 Christus
663 535 726 557 suo
744 522 991 563 Sacramento,
1015 535 1087 555 non

97 576 179 620 qnia
202 577 363 608 sacerdos
385 576 489 609 faciat
513 575 563 608 ibi
586 574 838 613 mutationem,
864 581 923 607 aut
943 575 1023 618 quia
1044 574 1088 607 sit

96 627 148 658 vis
166 627 202 658 in
220 627 337 659 verbis
356 633 493 659 mutans
511 637 581 665 res,
610 626 668 657 sed
698 625 778 669 quia
805 625 984 657 liberrime
1009 625 1085 657 vult

95 679 214 710 adesse
243 677 326 711 ritui
361 688 464 721 quem
499 675 672 713 instituit,
713 675 801 708 sicut
826 675 980 719 Spiritus
1007 687 1087 707 san-

97 734 172 761 ctus
190 728 369 760 liberrime
387 728 480 761 adest
501 727 536 759 in
556 726 776 770 baptisando.

103 85 199 121 1109

118 826 209 874 Οὐχῖ.
230 825 406 863 κοινωνία
423 829 489 861 τοῦ
506 826 661 872 αἳζιιατος
678 828 746 861 τοῦ
760 827 928 871 Χριστοῦ
946 824 1058 861 ἐστὶν.

200 905 234 935 ld
256 910 322 940 est,
348 909 401 936 est
419 902 477 934 illa
497 914 548 934 res
565 909 705 935 externa
724 903 893 944 visibilis,
920 915 987 947 qua
1006 914 1086 935 san-

93 955 169 998 guis
188 953 331 986 Domini
354 953 455 985 nobis
476 950 674 987 exhibetur.

194 1005 251 1038 Sic
266 1004 364 1048 panis
382 1015 485 1047 quem
502 1004 708 1046 frangimus,
727 1011 775 1037 est
796 1004 854 1036 illa
872 1015 926 1036 res
943 1011 1084 1037 externa

94 1055 267 1094 visibilis,
296 1067 363 1099 qua
387 1054 558 1086 efficimur
583 1055 668 1086 socii
694 1061 724 1086 et
747 1055 902 1087 membra
926 1055 1084 1098 corporis

95 1105 241 1140 Christi.
294 1106 391 1139 Sicut
418 1105 565 1137 dicitur:
594 1103 827 1147 Evangelium
854 1112 903 1137 est.
927 1105 1083 1149 potentia

94 1155 178 1196 Dei,
205 1158 238 1189 id
257 1163 322 1197 est,
351 1156 410 1188 illa
430 1167 483 1187 res
501 1167 559 1187 seu
578 1155 873 1196 instrumentum,
901 1168 970 1200 quo
990 1156 1084 1189 Dens

96 1215 147 1241 est
166 1208 297 1241 efficax.

198 1257 390 1291 Recentior
424 1263 516 1289 aetas
554 1255 806 1290 monachorum
840 1258 939 1291 finxit
967 1265 1082 1290 trans-

95 1309 396 1347 substantionem,
425 1320 529 1350 quani
551 1309 595 1339 ita
624 1321 715 1340 novo
737 1309 879 1339 nomine
897 1320 1082 1351 nuncupa—

94 1366 196 1399 runt,
235 1360 277 1391 sle
309 1370 376 1402 qna
402 1359 606 1401 priusquam
635 1359 734 1397 dico,
763 1360 932 1402 quiedam
960 1360 1001 1390 dc
1027 1371 1080 1391 ra-

92 1410 189 1443 tione
209 1409 516 1442 Sacramentorum
535 1408 681 1439 dicenda
701 1416 791 1440 sunt.

194 1459 369 1492 Exordiar
387 1465 502 1490 antein
523 1470 539 1489 a
562 1459 674 1497 primo
693 1459 806 1491 initio.

199 1508 352 1543 Ecclesia
367 1508 430 1541 Dei
450 1509 629 1548 colligitur
643 1522 723 1541 vovi·
740 1510 982 1550 promissionis
1001 1511 1082 1542 inde

93 1573 204 1605 usque
229 1562 272 1592 ab
301 1560 421 1598 initio,
462 1571 541 1590 mox
570 1568 641 1602 post
672 1561 799 1591 e‹lit:.m
826 1562 973 1602 primam
1002 1573 1080 1603 pro-

94 1612 317 1647 missionem,
356 1622 421 1652 qna
452 1611 578 1650 recepti
607 1617 685 1641 sumt
714 1609 825 1641 Adam
851 1619 882 1642 ct
913 1610 1000 1643 Eva:
1044 1624 1082 1642 ac

94 1673 231 1704 semper
261 1661 394 1691 addidit
428 1660 650 1699 prowissioni
676 1659 770 1691 Deus
804 1668 940 1692 externa
973 1663 1080 1700 signa.

92 1714 145 1746 Ac
177 1715 219 1744 de
247 1712 354 1752 signis
381 1718 460 1741 ante
494 1711 668 1741 diluvium
702 1722 772 1741 non
810 1711 918 1742 inulta
955 1712 1080 1754 scripta

93 1770 186 1796 snut.
242 1765 308 1795 Sed
336 1773 450 1794 tanton
478 1761 613 1802 signnm
641 1768 710 1792 erat
740 1761 810 1803 ipsa
839 1762 916 1804 agni
942 1763 1081 1793 {nilam-

92 1816 214 1847 matio.

195 1872 328 1904 Deinde
356 1882 432 1901 cuin
458 1870 642 1912 isi-immissio
675 1877 838 1903 renovat-‘i
866 1877 931 1909 cst,
973 1879 1003 1904 et
1027 1885 1080 1903 rv-

93 1924 211 1957 strirta
238 1924 278 1954 ad
308 1921 449 1963 „os-terii
469 1928 544 1952 vteni
567 1919 749 1961 Abrahae,
778 1922 935 1953 additum
962 1930 1009 1954 est
1035 1923 1078 1954 si>

94 1986 219 2018 gnum,
248 1973 377 2004 §ciiii-«21
397 1972 627 2004 circnma-isio.

194 2031 235 2064 Et
260 2032 423 2072 deinceps
444 2030 478 2061 in
501 2031 707 2062 ceremoniis
725 2030 890 2063 Levitiz-is
910 2032 1017 2064 inulta
1035 2032 1079 2063 si-

881 2080 921 2114 El
949 2089 1080 2125 pastis-

93 2146 150 2166 nio
179 2140 256 2176 post
284 2134 470 2163 adventurn
495 2130 660 2171 messiae,
690 2131 888 2175 Bqnisvnns
914 2140 944 2165 et
963 2133 1079 2166 Coena

91 2183 250 2217 Domini.

192 2241 241 2274 lta
258 2240 410 2273 Ecclesia
430 2251 566 2282 semper
596 2252 678 2272 voce
704 2241 948 2283 promissionis
968 2248 999 2274 et
1016 2241 1075 2275 Sa—

95 2292 280 2326 cramentis
306 2291 492 2323 constituta
523 2298 590 2328 est,
633 2298 664 2322 et
697 2304 713 2323 a
746 2293 887 2323 cacteris
919 2293 1081 2335 gentil-ns

97 2344 279 2383 distincta,
309 2349 341 2374 et
365 2341 482 2374 Patres
501 2348 530 2373 et
546 2339 763 2384 Prophetae,
791 2350 821 2375 et
843 2354 963 2374 eornm
979 2345 1078 2377 audi-

96 2402 188 2428 tores
226 2394 273 2437 pii
308 2400 338 2425 et
375 2391 504 2424 eruditi
536 2392 785 2425 intellexerunt
817 2393 1012 2426 doctrinam
1039 2396 1081 2426 de

94 2445 326 2489 promissione
360 2443 489 2486 gratiae
518 2449 549 2474 et
574 2443 659 2482 fide,
705 2450 738 2476 et
760 2455 841 2475 vero
868 2455 932 2476 usu
963 2444 1080 2485 signo-

95 2507 186 2528 rum.
252 2493 319 2528 Sed
354 2504 479 2536 magna
517 2493 710 2526 multitudo
746 2505 882 2537 semper
914 2496 1079 2527 omnibus

95 2545 267 2578 aetatibus
283 2544 390 2577 oblita
410 2551 459 2577 est
476 2544 657 2577 doctrinae
673 2545 716 2576 de
733 2545 964 2588 promissione
989 2552 1021 2578 et
1038 2547 1081 2578 (le

96 2595 234 2629 iusticia
251 2594 355 2636 fidei,
383 2601 415 2628 et
437 2594 619 2638 signorum
634 2606 737 2629 usum
752 2595 873 2629 multis
888 2595 1002 2629 modis
1018 2597 1081 2629 de·-

94 2652 266 2690 pravavlt.

94 2083 338 2126 ἔμ’-1919111111,
369 2081 530 2111 mactatio
551 2082 627 2122 agni
651 2081 823 2113 Pas-:mos

440 81 476 118 4.
504 80 842 121 COMMENTAR.
867 81 918 119 IN
944 79 1097 119 EPIST.
1122 77 1272 116 PAULI
1298 76 1365 114 AD
1394 74 1716 113 CORINTHIOS.
1769 75 1869 114 CAP.
1899 79 1942 114 X.

2046 83 2143 116 1110

1248 162 1320 199 Alii
1339 165 1436 208 signa
1455 168 1636 197 verterunt
1661 162 1698 195 in
1714 163 1860 196 numina
1880 175 1939 197 seu
1957 163 2067 207 Deos,
2097 175 2136 201 ut

1144 214 1316 250 Chaldaei
1347 223 1379 250 et
1403 215 1528 248 Persae
1564 214 1680 257 ignem
1711 214 1887 248 finxerunt
1921 227 1993 248 esse
2016 217 2132 260 ipsum

1141 266 1276 305 Deum,
1302 267 1384 312 quia
1409 266 1596 299 audierant
1617 264 1691 308 igni
1715 265 1858 309 delapso
1886 278 1925 298 ex
1950 268 2048 300 coelo
2075 268 2132 301 in-

1142 329 1261 351 censas
1276 329 1349 350 esse
1365 317 1534 350 V1ctimas.

1242 368 1316 403 Alii
1342 368 1520 400 finxerunt
1545 367 1634 399 ritus
1659 377 1732 398 esse
1754 377 1877 409 opera,
1907 379 1996 412 quae
2016 380 2128 402 mere-

1138 426 1262 453 rentur
1277 419 1519 451 remissionem
1539 423 1771 460 peccatorum.
1810 415 1856 449 Et
1876 414 1940 450 hac
1960 419 2130 461 opinione

1138 470 1365 503 cumularunt
1383 468 1445 502 illa
1466 479 1590 510 opera,
1617 473 1650 499 et
1668 478 1741 499 non
1767 467 1881 500 solum
1902 479 2010 501 novas
2033 482 2128 502 cere-

1139 520 1295 560 monias,
1326 520 1386 552 sed
1419 518 1522 551 etiam
1556 528 1646 549 nova
1674 518 1821 550 numina
1845 524 1876 550 et
1901 530 2012 552 novos
2036 519 2127 553 Deos

1139 572 1433 613 excogitaverunt.

1238 621 1297 655 Sic
1322 618 1503 653 Pharisaei
1531 618 1701 661 putabant
1727 629 1761 649 se
1789 619 1915 650 mereri
1947 621 2127 655 remissio-

1138 684 1216 704 nem
1245 672 1317 705 suis
1343 671 1538 709 sacrificiis,
1575 676 1607 702 et
1639 669 1808 700 iubebant
1832 669 2001 712 populum
2025 684 2126 716 saepe

1137 723 1250 755 facere
1284 721 1532 761 mactatione5‚
1579 725 1618 752 ut
1655 716 1720 751 hoc
1753 720 1858 750 modo
1893 728 2030 762 peccata
2065 724 2127 756 de—

1135 773 1304 808 lerentur.

1236 823 1284 856 Hi
1299 835 1433 856 errores
1450 822 1563 866 vagati
1581 828 1661 856 sunt
1678 822 1714 854 in
1732 831 1856 864 genere
1875 817 2030 854 humano
2049 834 2123 854 om-

1135 874 1240 908 nibus
1261 875 1444 909 aetatibus.

1235 925 1284 958 lta
1311 925 1565 957 circumferunt
1588 922 1747 966 Papistae
1780 933 1925 965 panem,
1969 929 2001 955 et
2027 924 2123 957 affir..

1134 983 1231 1009 mant
1255 988 1328 1009 esse
1350 974 1478 1010 Deum.
1540 973 1586 1008 Et
1611 975 1653 1006 de
1684 973 1813 1013 Missa,
1849 973 1892 1005 de
1917 975 2121 1007 monasticis

1133 1027 1260 1060 ritibus
1280 1027 1463 1065 dixerunt,
1492 1022 1578 1058 haee
1602 1035 1708 1068 opera
1735 1024 1860 1055 mereri
1877 1024 2120 1058 remissionem

1134 1085 1366 1122 peccatorum.
1421 1076 1464 1108 Et
1481 1076 1630 1119 populus
1651 1073 1712 1107 hac
1730 1074 1953 1117 persuasione
1972 1075 2121 1108 fascina-

1134 1137 1205 1169 tus,
1243 1139 1366 1172 magna
1403 1127 1550 1172 pecnnia
1582 1125 1753 1159 cumulari
1785 1125 1870 1158 tales
1906 1127 2122 1159 ceremonias

1133 1182 1277 1214 curavit.

1234 1231 1308 1264 Hos
1335 1239 1443 1266 tetros
1469 1241 1604 1262 errores
1628 1239 1766 1262 necesse
1785 1234 1834 1260 est
1852 1226 1888 1259 in
1908 1227 1945 1259 in
1963 1224 2119 1261 Ecclesia

1134 1283 1252 1314 taxari.
1328 1280 1376 1314 Et
1415 1282 1575 1313 videmus
1610 1276 1802 1321 Prophetas
1838 1278 2053 1320 gravissimis
2086 1285 2120 1312 et

1132 1332 1332 1375 asperrimis
1357 1331 1586 1364 concionibus
1610 1327 1674 1362 hos
1698 1329 1833 1361 furores
1858 1330 2046 1369 damnare,
2080 1336 2120 1362 ut

1133 1382 1258 1415 Psalm.
1277 1383 1356 1416 49.:
1387 1382 1465 1414 Non
1484 1382 1520 1413 in
1540 1380 1717 1413 sacrificiis
1731 1378 1800 1411 tuis
1819 1390 1959 1421 arguam
1978 1385 2021 1412 te.
2072 1377 2120 1412 Et

1132 1432 1260 1465 lesaiae
1289 1436 1321 1466 1.
1357 1431 1402 1465 Et
1432 1432 1550 1465 [erem.
1569 1431 1623 1465 7.:
1657 1431 1735 1463 Non
1762 1430 1921 1472 praecepi
1945 1431 1989 1461 de
2015 1427 2118 1462 holo-

1131 1485 1274 1522 caustis,
1304 1485 1366 1516 ubi
1386 1490 1478 1515 certe
1499 1481 1637 1514 ludaeis
1657 1482 1844 1512 videbatur
1860 1477 2041 1523 Propheta
2060 1492 2118 1512 ex-
2132 1473 2153 1511 Δ,

1701 1530 1745 1563 Et
1766 1528 1879 1562 Oseae
1897 1529 1945 1562 6.:
1975 1529 2121 1562 Miseri-

1837 1589 1869 1613 et
1901 1580 2118 1623 agnitionem

1131 1546 1246 1577 presse
1273 1545 1428 1577 pugnare
1455 1544 1532 1564 cum
1558 1533 1640 1574 lege.

1130 1585 1284 1616 cordiam
1319 1585 1415 1622 volo,
1459 1595 1531 1615 non
1563 1582 1795 1614 sacrificium:

1130 1634 1192 1667 Dei
1215 1635 1323 1677 inagis
1342 1646 1444 1680 qnam
1464 1632 1677 1667 holocausta,

1230 1685 1390 1730 Denique
1408 1685 1533 1726 pissim
1552 1685 1588 1715 in
1612 1680 1796 1723 Prophetis
1815 1681 1938 1714 obviae
1957 1689 2038 1715 sunt
2065 1689 2118 1715 ta-

1130 1736 1179 1767 les
1203 1737 1399 1769 conciones.
1465 1734 1559 1767 ch
1588 1746 1670 1765 vero
1697 1734 1770 1765 loca
1795 1740 1930 1764 tantum
1955 1744 1995 1764 eo
2019 1733 2116 1765 indi-

1130 1788 1202 1818 c‘ivi
1224 1814 1231 1823 ,
1268 1794 1301 1819 nt
1333 1788 1392 1818 illa
1421 1793 1533 1816 wiern
1560 1784 1748 1817 certamina
1772 1784 1928 1815 iuniores
1955 1783 2116 1816 conside—

1132 1845 1225 1873 rent,
1253 1845 1284 1869 et
1305 1844 1491 1878 agnoscant
1512 1836 1638 1867 similia
1658 1846 1729 1866 esse
1749 1834 1997 1876 praesentium.

1233 1888 1384 1922 Reieciis
1402 1900 1481 1918 vero
1499 1887 1685 1921 abusibus,
1713 1891 1805 1916 extet
1822 1884 1857 1915 in
1875 1882 2029 1916 Ecclesia
2049 1884 2115 1916 do-

1129 1939 1239 1970 ctrina
1260 1951 1343 1981 pura
1362 1947 1392 1971 et
1411 1940 1542 1979 integra
1563 1939 1604 1968 de
1622 1935 1757 1967 iusticia
1776 1935 1868 1974 fidei,
1896 1936 1990 1978 qnod
2009 1932 2115 1967 horno

1129 1990 1271 2032 arci-piat
1310 1989 1551 2021 remissionem
1588 1993 1825 2029 peccatorum,
1872 1991 1904 2017 ct
1934 1991 2115 2028 reputetur

1129 2040 1239 2073 iustus
1268 2041 1336 2072 iide
1361 2045 1503 2082 propter
1528 2038 1638 2070 filium
1664 2037 1730 2069 Dei
1752 2034 1895 2080 gralt's‘,
1930 2047 2002 2067 non
2032 2047 2115 2077 pro-

1131 2099 1204 2134 pter
1224 2091 1401 2133 proprian]
1422 2089 1628 2131 (lignitatem
1642 2112 1650 2125 ,
1680 2099 1805 2130 opera,
1836 2086 2070 2123 musii-tutes.

1232 2143 1372 2174 ,winde
1407 2141 1586 2172 sciendum
1623 2145 1691 2177 est,
1730 2139 1817 2169 duos
1851 2148 1922 2168 esse
1963 2137 2116 2179 potiores

1130 2194 1214 2225 fines
1239 2193 1561 2225 Sacramentornm.
1623 2189 1723 2221 Alter
1748 2194 1822 2226 est,
1854 2192 1893 2218 ut
1922 2187 1991 2219 sint
2017 2187 2116 2232 signa

1131 2243 1389 2275 l'rmuissiouis.
1447 2242 1561 2277 Alter,
1589 2246 1625 2271 nt
1650 2239 1719 2271 sint
1742 2238 1838 2279 signa
1863 2237 2118 2277 Confessionis,

1130 2303 1159 2325 et
1182 2294 1400 2335 distinguant
1422 2291 1613 2326 Ecclesiam
1636 2290 1698 2322 Dei
1726 2301 1744 2321 a
1771 2288 1913 2320 caeteris
1938 2288 2114 2329 gentibuS.

1131 2343 1175 2377 Ut
1195 2343 1411 2376 circumcisio
1431 2344 1582 2386 primum
1608 2347 1677 2372 erat
1697 2340 1834 2381 signum
1864 2338 2116 2381 promissionis.

1130 2394 1217 2427 Nam
1243 2394 1428 2438 promissio
1452 2394 1536 2425 facit*
1555 2390 1769 2422 mentionem
1798 2388 1951 2422 seminis.
2006 2387 2117 2431 Igitur

1131 2446 1166 2477 iu
1192 2457 1230 2478 ea
1263 2452 1360 2486 parte
1393 2445 1531 2486 signum
1566 2442 1763 2473 institutum
1791 2446 1852 2472 est.
1924 2437 2041 2483 Atque
2067 2439 2115 2472 ita

1129 2496 1369 2529 testimonium
1390 2503 1440 2528 est
1462 2495 1504 2526 de
1523 2492 1703 2525 voluntate
1722 2490 1786 2522 Dei
1807 2500 1887 2532 erga
1909 2501 1993 2530 1105,
2029 2489 2118 2522 sicut

1129 2547 1202 2590 ipsa
1222 2546 1420 2591 promissio.
1471 2542 1517 2577 Et
1542 2549 1632 2575 recte
1658 2541 1774 2585 inquit
1789 2540 2024 2583 Augustinus:
2054 2539 2120 2573 Sa-

1130 2604 1348 2631 cramentum
1366 2603 1415 2630 est
1431 2596 1577 2629 verbum
1596 2592 1753 2629 visibile,
1782 2591 1816 2623 id
1837 2597 1900 2631 est,
1928 2590 2021 2622 idem
2042 2601 2118 2622 mo-

1130 2655 1190 2683 net
1208 2649 1302 2694 quod
1323 2645 1530 2692 promissio,
1558 2644 1614 2676 sed
1636 2642 1785 2676 incurrit
1809 2641 1847 2674 in
1872 2641 2011 2681 ocutos,
2040 2652 2120 2673 cum

1541 2691 1624 2728 70*
