2415 2942
269 108 340 142 799

880 182 977 216 Ilaec
1012 180 1102 215 fiunt
1129 192 1264 214 summa
1291 196 1295 204 ·

273 195 345 228 filio
372 191 437 225 Dei
466 196 499 222 et
522 188 596 221 eius
626 184 814 219 beneflciis.
1293 213 1295 246 ἱ

280 240 522 288 perspicuitate
539 239 576 270 in
587 236 743 281 Epistola
759 234 860 268 Pauli
880 235 922 267 ad
947 232 1139 267 Romanos.
1171 230 1266 274 Quia

281 306 358 328 cum
377 289 554 324 Pharisaei
579 294 611 321 et
634 286 736 320 multi
760 285 819 318 alii
845 292 928 318 tunc
952 283 1120 316 acerrime
1147 283 1268 315 defen-

281 346 403 377 derent
420 351 502 373 suos
521 349 655 372 errores
673 338 715 370 de
733 335 867 369 iusticia
886 334 989 378 legis,
1016 341 1049 368 et
1067 345 1139 367 non
1158 344 1268 376 agno·

279 399 411 427 scerent
446 390 556 422 filium
594 387 660 422 Dei
688 394 720 420 et
762 386 934 418 iusticiam
976 384 1074 422 fidei,
1128 394 1268 416 necesse
1295 397 1297 420 ;

281 445 345 477 suit
369 440 499 485 opponi
527 439 745 483 perspicuam
763 437 1022 469 refutationem.
1065 433 1135 467 Nec
1153 441 1269 466 tamen
1295 426 1298 483 I

280 501 415 527 tantum
442 492 484 523 ad
511 491 598 523 illud
619 496 755 531 tempus
780 485 862 519 haec
889 485 1047 529 Epistola
1074 496 1270 517 accommo-

281 544 397 578 danda
415 548 485 581 est,
513 541 571 574 sed
596 550 731 582 semper
753 549 891 570 necesse
915 543 982 575 est,
1009 542 1100 568 recte
1130 534 1270 576 agnosci
1296 526 1298 547 ¹

282 596 393 628 filium
414 592 498 629 Dei,
527 598 560 624 et
580 589 730 632 intelligi
755 587 930 621 iusticiam
961 586 1062 625 fidei,
1088 592 1120 618 et
1146 585 1271 618 discri-
1296 577 1299 602 ¹

284 656 364 678 men
382 643 467 685 legis
484 649 517 675 et
533 639 728 683 Evangelii.

385 692 626 727 Contionatur
656 701 737 732 ergo
775 686 860 721 haec
893 685 1053 731 Epistola
1086 684 1273 723 Ecclesiae,

283 757 394 790 usque
418 744 460 777 ad
489 750 679 776 extremum
709 739 899 778 iudicium,
933 738 1022 770 sicut
1048 748 1101 769 res
1128 736 1272 769 eaedem

286 804 385 830 antea
405 807 421 827 a
440 790 625 837 Prophetis
640 791 787 824 traditae
808 796 908 828 sunt,
935 789 971 820 in
1000 787 1129 832 quibus
1155 792 1274 819 extant

286 845 524 882 severissimae
561 841 748 875 conciones
785 846 906 872 contra
940 838 1019 871 illas
1062 835 1275 880 pharisaicas

286 898 468 935 tenebras,
496 901 528 927 et
551 892 655 926 multi
685 897 829 936 propter
854 887 916 922 has
942 886 1232 933 reprehensiones
1255 898 1274 920 a

287 945 538 982 Sacerdotibus
563 950 596 977 et
619 940 817 976 Pharisaeis
848 939 1021 973 interfecti
1047 946 1139 973 sunt.
1200 937 1275 970 Imo

287 998 437 1036 Paulus,
465 1007 543 1028 cnm
575 994 715 1038 quidem
743 992 909 1030 affirmet,
935 1002 969 1023 se
994 990 1193 1022 doctrinam
1219 1000 1275 1021 ac-

292 1049 423 1092 cepisse
441 1045 618 1079 revelante
635 1043 708 1075 filio
727 1041 815 1079 Dei,
842 1048 881 1074 ut
898 1042 940 1073 ad
959 1039 1103 1073 Galatas
1119 1050 1276 1083 expresse

290 1098 425 1143 inquit:
454 1104 572 1130 tamen
601 1094 683 1127 citat
707 1092 906 1126 testimonia
934 1089 1212 1134 Prophetarum,
1239 1097 1279 1123 ut

292 1149 472 1186 ostendat,
505 1157 613 1178 unam
647 1150 850 1187 perpetuam
885 1154 1004 1174 vocem
1032 1140 1216 1183 Evangelii
1241 1141 1276 1173 in

290 1199 445 1233 Ecclesia
463 1207 554 1234 esse,
582 1196 625 1227 de
643 1194 821 1227 beneficiis
841 1192 903 1225 filii
923 1191 1011 1231 Dei,
1039 1193 1081 1224 de
1098 1192 1203 1223 modo
1223 1203 1279 1224 re-

291 1247 570 1286 conciliationis,
601 1246 642 1278 de
670 1244 824 1284 iusticia,
854 1244 896 1275 de
923 1242 1014 1275 veris
1040 1242 1209 1282 cultibus,
1236 1243 1279 1275 de

292 1312 371 1333 vera
400 1297 572 1336 Ecclesia,
601 1303 633 1328 et
653 1296 696 1327 de
713 1294 844 1327 iudicio
864 1292 941 1328 Dei,

395 1348 464 1382 Sed
489 1345 573 1379 haec
591 1345 747 1389 Epistola
770 1343 869 1377 Pauli
894 1355 935 1376 eo
961 1342 1071 1384 magis
1096 1341 1279 1385 perspicua

293 1407 360 1440 est,
397 1399 478 1444 quia
511 1397 667 1430 continet
695 1405 890 1438 expressam
917 1391 1112 1426 antithesin
1139 1398 1279 1425 contra·
1306 1418 1308 1439 Ι

293 1452 426 1485 riarum
441 1448 716 1485 sententiarum,
744 1453 775 1478 et
794 1445 918 1477 ordine
942 1444 1116 1487 disputat,
1143 1449 1181 1475 ut
1199 1442 1281 1475 facit
1306 1444 1307 1450 ¹

295 1501 444 1537 artifex,
472 1511 510 1531 ac
534 1497 788 1541 propemodum
809 1493 998 1527 methodus
1022 1500 1071 1526 est
1089 1493 1282 1531 doctrinae,
1307 1487 1310 1535 ξ

296 1564 383 1597 quae
404 1548 579 1583 Ecclesiae
597 1546 739 1592 propria
764 1552 834 1588 est,
864 1545 943 1589 quia
969 1544 1180 1586 principales
1208 1554 1283 1575 ma-
1308 1540 1312 1620 1

295 1602 399 1636 terias
415 1608 487 1634 tam
503 1605 661 1632 accurate
681 1596 847 1640 exponit,
875 1594 1042 1627 beneficia
1068 1593 1283 1633 mediatoris,

298 1652 488 1686 discrimen
516 1650 602 1692 legis
627 1655 659 1681 et
681 1645 886 1690 Evangelii,
914 1645 1103 1678 discrimen
1127 1644 1284 1677 iusticiae

297 1704 396 1740 fidei,
423 1708 455 1735 et
479 1700 634 1734 iusticiae
653 1709 817 1742 operum,
844 1696 1042 1730 doctrinam
1061 1696 1103 1728 de
1118 1705 1198 1726 vera
1217 1692 1286 1726 Ec-

297 1754 420 1791 clesia,
448 1758 480 1784 et
505 1751 547 1783 de
567 1749 658 1782 veris
676 1748 841 1782 cultibus.

400 1802 543 1835 Necesse
568 1807 617 1833 est
642 1799 770 1842 igitur,
798 1796 887 1830 hanc
909 1795 1104 1840 Epistolam
1133 1794 1287 1827 familia-
1313 1819 1316 1862 Ι

299 1854 436 1888 tissime
462 1859 581 1884 notam
610 1861 681 1882 esse
704 1849 888 1885 omnibus,
924 1854 956 1880 et
981 1857 1114 1878 summa
1139 1845 1288 1888 vigilan·
1312 1866 1316 1872 ·

300 1906 348 1938 tia
365 1901 566 1936 adhibenda
588 1907 659 1940 est,
687 1906 725 1932 ut
742 1899 814 1932 eins
832 1897 1002 1931 sententia
1023 1896 1216 1929 retineatur
1233 1897 1289 1928 in-

300 1960 473 1998 corrupta.
526 1951 595 1985 Sed
627 1956 813 1994 antequam
845 1950 888 1981 de
925 1947 1134 1990 corruptelis
1165 1947 1291 1985 dicam,

299 2005 398 2050 prius
422 2002 576 2036 recitabo
603 2013 774 2033 summam
803 1998 984 2032 doctrinae
1008 1999 1050 2031 de
1070 1997 1290 2030 iustificatio-

300 2068 343 2089 ne
357 2082 364 2095 ‚
392 2061 431 2088 ut
449 2059 566 2098 postea
584 2051 724 2085 collatio
749 2050 856 2092 magis
873 2049 1053 2092 perspicua
1082 2048 1136 2080 sit.

302 2121 461 2153 Summa
485 2115 713 2147 doctrinae
739 2117 780 2144 in
805 2115 990 2153 scriptis
1018 2111 1292 2151 propheticis

305 2170 340 2193 et
365 2159 624 2203 apostolicis
648 2158 863 2192 traditae,
888 2157 934 2185 de
958 2155 1293 2194 iustificatione

661 2210 797 2230 coram
831 2199 927 2229 Deo.

404 2253 585 2297 Principio
611 2253 764 2285 recitabo
791 2251 862 2283 duo
889 2249 1063 2291 exempla,
1100 2260 1188 2292 quae
1213 2248 1292 2281 ideo

306 2318 440 2350 semper
463 2306 499 2338 in
518 2309 706 2346 conspectu
732 2302 820 2341 sint,
848 2312 920 2332 non
947 2300 1060 2332 solnm
1087 2299 1167 2344 quia
1185 2305 1292 2332 totam

308 2356 399 2390 hanc
432 2355 626 2388 doctrinam
656 2353 856 2392 illustrant,
899 2351 958 2383 sed
992 2351 1116 2390 etiam,
1161 2356 1198 2383 ut
1230 2361 1294 2382 nos

308 2409 401 2451 ipsos
419 2407 460 2438 de
478 2404 693 2448 poenitentia
720 2410 752 2437 et
778 2404 820 2436 de
846 2413 925 2434 vera
943 2401 1182 2434 consolatione
1200 2413 1294 2434 com-

307 2456 555 2491 monefaciant.

411 2505 500 2539 Cum
519 2505 633 2537 Adam
650 2510 728 2548 post
742 2504 879 2549 lapsum
898 2514 916 2536 a
928 2501 1004 2536 Deo
1021 2502 1196 2545 arguitur,
1211 2500 1296 2536 hor-

313 2558 465 2592 ribiliter
481 2555 686 2599 expavescit,
714 2555 794 2599 quia
810 2582 818 2593 ,
842 2566 920 2587 cum
932 2552 1026 2587 Deus
1046 2554 1120 2600 ipse
1136 2565 1196 2586 sua
1213 2565 1296 2586 voce

313 2614 450 2642 accusat
480 2612 696 2645 creaturam,
735 2617 808 2638 non
842 2605 1095 2645 existimemus,
1143 2604 1294 2638 otiosum

313 2671 384 2692 esse
411 2656 645 2702 colloquium,
682 2655 737 2688 sed
763 2656 862 2689 Dens
888 2662 944 2694 est,
960 2655 1050 2699 ignis
1077 2666 1296 2695 consumens,

866 97 991 133 PHlL.
1020 93 1134 130 MEL.
1160 93 1367 131 SCRIPTA
1396 93 1694 131 EXEGETICA.

2229 98 2304 133 800

1321 188 1360 215 ut
1386 181 1555 225 scriptum
1587 187 1650 215 est.
1720 179 1813 216 Iacet
1840 182 1946 226 igitur
1971 181 2086 218 Adam
2116 189 2309 227 prostratus

1322 244 1438 266 coram
1459 230 1535 265 Deo
1549 257 1558 272 ,
1585 228 1677 264 nihil
1696 232 1765 266 nisi
1783 232 1892 275 legem
1909 234 2040 275 sciens,
2068 246 2107 268 ex
2122 246 2190 280 qua
2218 240 2310 267 recte

1321 283 1572 325 ratiocinatur,
1608 293 1643 315 se
1678 290 1846 327 perpetuo
1872 284 2075 318 damnatum
2107 297 2189 320 esse.
2250 283 2310 318 Sic

1322 334 1414 366 enim
1433 333 1575 376 cogitat:
1604 331 1744 366 Iusticia
1761 333 1824 367 Dei
1843 334 2072 368 immutabilis
2089 342 2156 376 est,
2171 334 2310 379 punire,

1325 391 1356 417 et
1384 384 1535 416 abiicere
1560 383 1815 418 inobedientes.
1878 382 1952 427 Ego
1970 397 2042 417 non
2059 385 2311 429 obtemperavi,

1326 442 1357 467 et
1377 434 1428 466 fui
1448 431 1670 467 horribiliter
1689 434 1846 477 ingratus
1861 432 1956 475 Deo,
1980 447 2057 468 cum
2076 436 2162 468 adeo
2180 436 2312 469 dilexe-

1327 486 1372 518 rit
1391 481 1481 517 hanc
1499 491 1674 523 naturam,
1691 485 1782 517 utin
1799 497 1875 518 eam
1894 485 2121 518 transfuderit
2138 497 2197 518 sua
2215 497 2311 518 sum-

1325 546 1381 568 ma
1406 535 1522 575 dona,
1552 541 1586 568 et
1618 536 1739 569 fecerit
1771 547 1846 568 eam
1873 535 2059 578 imaginem
2085 547 2202 576 suam,
2235 533 2311 578 Ego

1328 592 1360 619 et
1388 585 1543 618 destruxi
1569 582 1635 618 hoc
1667 597 1756 629 opus
1790 584 1876 626 Dei,
1912 592 1943 618 et
1969 586 2079 618 abieci
2106 593 2200 619 tanta
2217 586 2311 619 dona

1327 643 1357 669 et
1375 636 1507 669 excussi
1523 633 1740 669 habitantem
1766 637 1802 669 in
1823 648 1877 669 me
1893 635 2026 671 Deum:
2056 635 2150 679 Ergo
2175 647 2313 670 necesse

1327 694 1394 727 est,
1420 697 1475 718 me
1493 685 1644 719 vicissim
1663 687 1779 721 abiici.

1428 736 1469 769 ln
1489 734 1556 770 hoc
1573 737 1706 770 iudicio
1730 750 1768 770 ac
1793 749 1876 770 vero
1903 749 2013 781 agone
2038 737 2136 770 nulla
2171 736 2249 770 talis
2275 735 2314 768 in

1327 788 1441 821 Adam
1461 787 1623 829 cogitatio
1642 794 1732 828 erat,
1756 801 1791 821 se
1808 800 1906 832 posse
1925 789 2052 821 mereri
2072 787 2314 821 remissionem

1330 845 1570 882 peccatorum,
1597 850 1635 871 ac
1658 850 1757 882 posse
1781 839 1904 872 tollere
1930 846 2126 882 peccatum,
2156 839 2215 871 sed
2235 849 2315 870 vere

1328 889 1498 922 sentiebat
1517 888 1602 921 iram
1622 887 1706 929 Dei,
1733 897 1766 923 et
1793 901 1827 922 se
1854 890 2036 933 displicere
2054 887 2147 930 Deo,
2175 895 2209 922 et
2234 898 2314 921 vere

1334 939 1524 979 sentiebat,
1558 950 1594 971 se
1619 939 1754 972 nullius
1780 948 1956 974 creaturae
1978 953 2043 985 ope
2069 939 2184 974 iuvari
2201 949 2311 983 posse,

1331 997 1363 1024 et
1391 996 1636 1032 argumentum
1660 1002 1700 1023 ex
1719 990 1792 1033 lege
1809 997 1963 1024 sumtum
1987 1002 2109 1024 verum
2132 996 2225 1028 erat,
2252 999 2317 1021 nec

1330 1040 1498 1086 potuisset
1517 1040 1560 1072 ab
1578 1040 1650 1073 ulla
1670 1047 1826 1073 creatura
1845 1041 1946 1075 solvi.

1434 1090 1502 1124 Sed
1532 1090 1625 1123 filius
1647 1090 1711 1124 Dei
1736 1091 1773 1124 fit
1797 1092 2021 1134 deprecator,
2054 1095 2086 1122 et
2110 1100 2260 1133 poenam
2280 1089 2317 1121 in

1332 1154 1404 1175 sese
1441 1141 1609 1174 transfert
1638 1141 1797 1174 mirabili
1829 1148 1863 1174 et
1898 1140 2129 1174 inenarrabili
2158 1138 2316 1174 consilio.

1334 1192 1566 1226 Verissimum
1589 1198 1639 1225 est
1669 1192 1784 1232 enim,
1817 1192 1991 1224 iusticiam
2014 1191 2083 1224 Dei
2113 1190 2319 1223 immutabi-

1333 1244 1400 1276 lem
1419 1253 1512 1283 esse,
1539 1253 1579 1275 ac
1596 1240 1709 1276 Deum
1728 1253 1808 1275 vere
1825 1249 1857 1275 et
1874 1239 2096 1275 horribiliter
2121 1241 2222 1274 irasci
2240 1252 2319 1284 pec-

1335 1294 1429 1327 catis.
1483 1290 1559 1334 Ego
1584 1292 1742 1336 peccavi,
1768 1291 1863 1336 Ergo
1890 1293 2031 1335 puniar.
2085 1292 2155 1325 Hic
2171 1302 2319 1335 respon-

1335 1345 1401 1380 det,
1417 1343 1511 1375 filius
1529 1341 1609 1376 Dei:
1637 1341 1703 1374 Vel
1728 1341 1843 1376 Adam
1863 1343 2047 1386 punietur,
2077 1342 2133 1374 vel
2158 1342 2247 1374 alius
2265 1352 2321 1373 me

1335 1395 1560 1438 deprecante,
1596 1392 1745 1433 scilicet,
1788 1404 1849 1436 ego
1888 1394 1961 1436 ipse
2001 1398 2152 1425 assumta
2193 1397 2319 1423 natura

1335 1443 1509 1483 humana,
1543 1443 1641 1475 cuius
1676 1454 1788 1486 poena
1817 1443 1883 1477 erit
1914 1442 2137 1488 aequivalens
2169 1442 2320 1485 pretium

1336 1507 1398 1539 pro
1416 1505 1539 1538 genere
1558 1490 1715 1526 humano
1728 1518 1736 1531 ,
1762 1494 1972 1537 persolvam.

1437 1543 1489 1577 De
1522 1541 1586 1576 hae
1617 1544 1824 1576 admiranda
1858 1543 2131 1583 deliberatione,
2174 1540 2319 1584 sapien-

1338 1595 1442 1634 tiam,
1470 1594 1642 1626 iusticiam
1670 1600 1703 1627 et
1727 1594 2003 1627 misericordiam
2031 1593 2095 1626 Dei
2119 1592 2322 1625 considera-

1339 1645 1455 1678 bimus
1481 1644 1518 1676 in
1545 1643 1616 1677 vita
1643 1650 1794 1679 aeterna.
1855 1643 1926 1677 Nec
1951 1651 2091 1677 nostrae
2125 1653 2257 1686 poenae
2286 1640 2323 1672 in

1339 1693 1404 1728 hac
1424 1695 1493 1728 vita
1516 1700 1596 1727 sunt
1615 1694 1766 1737 pretium
1783 1695 1924 1738 placans
1952 1695 2038 1727 iram
2058 1692 2142 1734 Dei,
2169 1693 2227 1725 sed
2246 1698 2324 1725 tan-

1341 1752 1414 1779 tum
1445 1752 1526 1779 sunt
1551 1744 1648 1787 signa
1675 1751 1707 1777 et
1733 1745 2108 1784 commonefactiones,
2141 1750 2181 1777 ut
2197 1742 2326 1785 cogite—

1340 1808 1438 1836 mus,
1473 1794 1587 1828 Deum
1610 1806 1691 1827 vere
1714 1795 1817 1828 irasci
1847 1797 2006 1839 peccatis.
2068 1793 2188 1839 Itaque
2211 1793 2326 1825 Adam

1344 1847 1489 1889 ignarus
1516 1842 1632 1878 adhuc
1665 1845 1926 1889 promissionis,
1963 1852 1993 1878 et
2018 1845 2165 1878 audiens
2187 1853 2327 1876 accusa-

1343 1898 1475 1931 tionem
1493 1895 1670 1935 divinam,
1698 1895 1851 1929 luctatur
1867 1907 1944 1928 cum
1964 1901 2076 1928 morte
2102 1901 2132 1927 et
2158 1891 2250 1926 nihil
2268 1904 2327 1926 us-

1344 1959 1449 1992 quam
1472 1946 1595 1979 auxilii
1620 1945 1727 1980 videt.
1778 1945 1855 1978 Etsi
1881 1952 1997 1978 autem
2024 1952 2125 1978 antea
2152 1943 2327 1987 trepidare

1343 2003 1523 2041 coeperat,
1549 1996 1644 2028 soliis
1677 1996 1732 2028 fici
1758 2001 1875 2038 tegens
1900 2002 2032 2040 partem
2065 1994 2240 2039 corpori5‚
2273 1999 2327 2026 ta-

1345 2059 1424 2081 men
1441 2047 1600 2080 nondum
1623 2047 1661 2078 in
1686 2051 1782 2079 tanto
1801 2046 1922 2079 dolore
1945 2046 2074 2086 fuerat,
2102 2045 2261 2078 nondum
2279 2044 2328 2076 sic

1344 2104 1498 2132 senserat
1516 2097 1602 2130 iram
1615 2095 1697 2129 Dei:
1721 2103 1839 2140 postea
1857 2109 1939 2130 vero
1955 2097 2120 2141 loquente
2129 2094 2204 2128 Deo
2221 2105 2329 2137 agno-

1346 2149 1410 2183 scit
1427 2147 1502 2181 istis
1520 2147 1614 2180 foliis
1631 2147 1684 2179 fici
1700 2159 1774 2180 non
1791 2148 1859 2191 tegi
1876 2154 2024 2192 peccata.
2067 2146 2229 2180 Tandem
2246 2156 2330 2178 vero

1347 2199 1447 2233 audit
1473 2198 1766 2239 consolationem,
1795 2211 1872 2231 cum
1903 2197 2110 2242 promissio,
2139 2208 2178 2230 ex
2202 2206 2330 2229 arcano

1350 2249 1498 2283 consilio
1516 2247 1583 2282 Dei
1603 2249 1758 2292 prolata,
1783 2249 2045 2293 promulgatur,
2066 2259 2154 2292 quae
2172 2246 2332 2286 affirmat,

1349 2312 1466 2333 semen
1483 2299 1643 2332 mulieris
1660 2306 1850 2333 venturum
1867 2310 1956 2340 esse,
1979 2311 2048 2344 quo
2065 2309 2187 2332 rursus
2203 2296 2332 2330 tollen-

1348 2353 1432 2385 dum
1450 2350 1493 2383 sit
1512 2357 1704 2393 peccatum.

1449 2399 1573 2444 Recipi
1599 2400 1707 2444 igitur
1734 2410 1769 2432 se
1785 2396 1899 2433 Adam
1926 2399 2111 2443 intelligit,
2138 2405 2172 2433 et
2188 2397 2332 2441 erigitur

1349 2452 1417 2485 fide
1450 2448 1556 2485 buius
1583 2451 1844 2494 promissionis,
1886 2457 1919 2484 et
1951 2458 2093 2495 propter
2122 2448 2192 2483 hoc
2214 2459 2332 2482 semen

1350 2502 1490 2543 statuit,
1517 2513 1552 2534 se
1570 2502 1639 2535 iam
1657 2502 1792 2545 placere
1809 2501 1902 2541 Deo,
1930 2502 2064 2535 etiamsi
2090 2502 2192 2544 longe
2214 2499 2332 2533 defor-

1350 2553 1442 2586 mior
1467 2560 1560 2594 erat,
1586 2563 1691 2597 quarn
1714 2552 1827 2585 suerat
1848 2559 1929 2586 ante
1961 2552 2109 2597 lapsum.
2167 2549 2243 2584 Hae
2268 2549 2333 2582 ita-

1352 2616 1420 2649 que
1441 2604 1508 2637 fide
1532 2603 1658 2647 accipit
1679 2602 1919 2636 remissionem
1939 2610 2179 2648 peccatorum,
2216 2607 2249 2634 et
2273 2601 2334 2633 de-

1354 2655 1436 2687 inde
1453 2654 1564 2688 iustus
1582 2659 1632 2688 est
1649 2665 1766 2687 coram
1785 2652 1860 2687 Deo
1872 2678 1882 2694 ,
1910 2655 2042 2689 accedit
2057 2654 2099 2688 ad
2117 2652 2252 2696 Deum,
2280 2651 2336 2683 in-
