2415 2942
266 105 312 144 ¹5

269 195 384 226 locum
411 201 576 224 enarrans
599 185 886 232 Theopbylactus
911 190 1004 217 recte
1029 182 1091 214 ait:
1127 179 1248 214 Comi-

269 251 365 277 tante
382 249 496 275 autem
513 252 571 273 eos
588 239 696 277 dixit,
723 244 759 270 ut
776 235 972 268 ostenderet
991 229 1172 266 Christum
1189 228 1247 263 hic

271 294 340 326 illis
356 300 389 326 et
405 293 534 336 ubique
553 290 720 326 adfuisse,
746 293 778 318 et
798 284 964 318 miracula
982 282 1101 317 omnia
1116 281 1247 314 fecisse.

369 355 415 391 Et
449 356 548 388 lacob
585 354 621 385 in
661 348 903 383 benedictione
933 348 1086 381 filiorum
1120 343 1246 390 loseph

268 408 482 442 mentionem
507 403 586 436 facit
609 399 714 434 huius
739 398 954 437 liberatoris,
980 411 1058 432 cum
1075 398 1140 431 ait:
1169 396 1246 430 An-

267 459 362 502 gelus
386 456 445 500 qui
470 453 628 486 liberavit
651 464 705 484 me
729 463 768 483 ex
792 450 957 483 omnibus
980 449 1101 489 malis,
1137 449 1246 481 bene-

265 510 356 543 dicat
381 505 497 550 pueris
522 504 606 538 istis,
658 501 816 545 Angelus
837 500 1066 540 benedicens,
1100 505 1133 532 et
1157 499 1247 532 libe·-

263 569 345 592 rans
376 569 414 589 ex
445 555 610 587 omnibus
639 553 758 591 malis,
793 551 935 595 proprie
966 557 1015 584 est
1047 549 1141 583 filius
1166 548 1245 584 Dei.

264 609 353 642 Nam
384 613 558 639 creaturae
591 604 785 647 angelicae,
820 613 909 646 quae
939 608 1021 634 sunt
1052 600 1245 640 ministrae,

264 671 337 692 non
365 663 508 701 possunt
533 653 693 688 homines
715 666 733 687 a
753 659 910 697 peccato,
936 653 979 685 ab
997 652 1048 686 ira
1065 649 1149 690 Dei,
1176 657 1208 684 et
1226 662 1245 683 a

262 715 376 743 morte
394 709 552 740 liberare.

366 769 554 802 Addantur
580 772 613 798 et
636 771 768 797 caetera
791 763 941 806 gloriosa
967 763 1173 800 certamina,
1207 769 1246 796 ut

266 820 384 857 losue,
413 817 603 856 Samuelis,
631 814 795 853 Davidis,
825 811 1005 857 losapbat,
1033 812 1144 852 Eliae,
1169 811 1246 846 Eli-

265 871 353 909 saei,
388 876 419 902 et
445 867 580 901 similia.
635 864 731 898 Haec
755 866 871 898 omnia
896 864 1104 907 gubernavit
1128 871 1161 896 et
1183 864 1246 896 ad-

264 922 353 955 iuvit
377 920 468 953 filius
484 917 560 952 Dei.
614 915 664 949 lta
687 917 729 949 ad
744 927 864 949 omnes
880 915 1107 947 liberationes
1123 915 1159 948 iu
1177 912 1245 947 Ec-

263 972 365 1005 clesia
403 968 685 1003 accommodetur
723 965 789 999 hoc
825 967 974 998 dictum:
1018 963 1152 997 Omnia
1184 977 1247 1008 per

266 1024 378 1065 ipsum
411 1021 498 1053 sacta
531 1024 630 1055 sunt,
663 1025 694 1050 et
721 1017 795 1049 sine
818 1017 893 1059 ipso
915 1016 1044 1048 factum
1070 1022 1119 1048 est
1145 1014 1247 1055 nihil,
1273 1045 1274 1049 ,

265 1073 359 1117 quod
386 1072 512 1103 sactum
540 1075 601 1101 est.
656 1067 774 1110 Quare
797 1065 880 1099 haec
900 1066 1068 1110 particula
1087 1066 1129 1098 sit
1147 1066 1246 1098 addi-
1271 1051 1274 1127 Ι

265 1133 318 1161 ta,
347 1133 449 1164 supra
476 1119 647 1152 rationem
677 1117 876 1150 memoravi.
930 1117 1159 1149 Admonendi
1184 1128 1247 1148 au-

265 1182 333 1207 tem
359 1178 441 1204 sunt
465 1169 632 1207 studiosi,
660 1176 697 1201 ut
722 1174 912 1212 sequantur
935 1165 991 1199 hic
1011 1179 1170 1213 graecam
1197 1167 1248 1199 le-

265 1223 435 1261 ctionem,
464 1232 525 1253 nec
544 1219 695 1252 avellant
711 1232 728 1251 a
748 1217 919 1262 superiori
940 1224 1148 1260 postremam
1168 1229 1247 1260 par-

264 1274 419 1307 ticulam.
484 1270 572 1303 Nam
601 1270 776 1303 mutilatio
809 1269 971 1302 tenebras
1003 1268 1177 1308 offundit,
1216 1274 1275 1321 et2y

262 1323 451 1358 sententias
467 1322 597 1355 turbat.
1273 1323 1275 1347 ;

1272 1458 1275 1469 .

366 1481 462 1515 Haec
495 1481 653 1525 plerique
682 1479 888 1522 interpretes
913 1479 1178 1511 accommodant
1205 1479 1247 1510 ad
1272 1515 1275 1535 ³

265 1534 490 1567 creationem.
545 1530 694 1569 Dicunt,
722 1542 784 1574 per
806 1530 916 1562 filium
942 1530 1049 1562 vitam
1081 1536 1112 1561 et
1135 1529 1247 1561 lucem
1272 1570 1273 1574 Ἰ

264 1583 434 1618 creaturis
462 1582 612 1614 inditam
641 1592 722 1614 esse.
782 1579 864 1613 Non
893 1580 985 1612 enim
1012 1580 1160 1613 dubium
1185 1586 1247 1619 est,
1272 1579 1274 1619 [

263 1647 326 1678 per
352 1634 463 1667 filium
481 1632 545 1666 Dei
570 1631 709 1664 condita
733 1642 804 1663 esse
830 1628 913 1663 haec
941 1630 1101 1663 miranda
1126 1642 1246 1673 opera:
1272 1620 1273 1672 ]

263 1684 402 1725 Vitam,
434 1684 468 1716 id
503 1690 571 1723 est,
607 1682 828 1714 durationem
853 1693 911 1713 seu
937 1681 1248 1721 conservationem,
1272 1676 1273 1691 ³

264 1744 298 1770 et
321 1741 455 1768 motum
482 1745 598 1766 rerum
626 1739 658 1766 et
678 1732 806 1775 gradus
827 1731 1040 1770 viventium,
1069 1731 1198 1763 deinde
1216 1738 1248 1764 et
1271 1767 1274 1789 ι

263 1787 375 1820 lucem
401 1796 608 1827 corporum,
637 1789 669 1815 et
692 1782 819 1815 mentis
841 1782 1008 1822 noticias,
1043 1781 1246 1815 discrimina
1272 1794 1273 1801 ¹

263 1837 345 1870 iusti
372 1842 405 1868 et
430 1835 550 1868 iniusti
577 1833 751 1866 mentibus
775 1833 907 1873 indita,
934 1840 966 1866 et
983 1833 1134 1876 reliquas
1152 1833 1247 1866 noti-
1271 1847 1273 1891 Ι

264 1887 342 1920 cias.
397 1886 492 1919 Haec
516 1885 686 1917 sentimus
703 1884 866 1928 quidem,
894 1885 953 1916 sed
972 1896 1043 1916 non
1062 1895 1247 1927 possumus
1271 1892 1273 1903 <

263 1937 405 1981 penitus
427 1936 640 1980 perspicere,
675 1934 791 1980 qualia
817 1934 887 1967 sint
906 1932 989 1966 haec
1005 1946 1131 1978 opera,
1160 1933 1246 1977 Agi-
1270 1906 1273 1980 ἱ

264 1988 352 2021 tatio
379 1993 543 2031 perpetua
568 1997 657 2030 qnae
682 1992 729 2018 est
753 1985 841 2024 vita,
866 1985 945 2018 item
971 1985 1029 2017 lux
1047 1984 1159 2025 Solis,
1188 1986 1247 2018 lux
1270 1982 1274 2005 ³

266 2038 470 2077 oculorum,
503 2037 631 2070 noticia
660 2035 798 2070 mentis.
861 2033 1154 2079 Obstupescimus
1185 2034 1273 2071 ad-i

264 2089 452 2121 miratione
476 2085 601 2121 harum
625 2086 913 2130 pulcerrimarum
934 2099 1069 2126 rerum,
1097 2099 1175 2120 cum
1191 2097 1247 2118 eas

266 2151 407 2184 quoquo
424 2139 527 2171 modo
552 2138 756 2182 aspicimus,
782 2138 840 2170 sed
859 2137 997 2181 penitus
1021 2137 1248 2180 introspicere

265 2201 339 2222 non
358 2200 549 2233 possumus.
604 2187 666 2222 Est
682 2200 762 2232 ergo
779 2188 903 2221 usitata
917 2187 1174 2231 interpretatio:
1206 2185 1246 2219 ln

266 2240 342 2283 ipso
365 2239 433 2273 vita
457 2246 546 2279 erat,
574 2239 607 2271 id
633 2246 702 2278 est,
728 2251 789 2283 per
808 2239 921 2282 ipsum
942 2238 1009 2271 vita
1027 2245 1076 2271 est
1093 2238 1246 2278 condita,
1271 2248 1273 2253 ·

266 2291 405 2323 lucente
428 2290 564 2322 decreto
591 2289 627 2322 in
646 2289 737 2329 filio,
764 2301 817 2323 res
832 2301 851 2322 a
868 2288 942 2322 Deo
961 2289 1045 2322 tales
1060 2289 1247 2321 fabricatae

264 2347 364 2380 sunt,
391 2347 424 2374 et
441 2352 502 2383 per
519 2340 629 2373 fitium
648 2347 888 2374 sustentantur
905 2346 938 2373 et
956 2347 1220 2373 conservantur.

283 1414 337 1449 In
364 1416 441 1462 ipso
466 1413 537 1446 vila
563 1416 661 1452 erat,
689 1415 718 1444 el
742 1410 815 1443 rita
839 1414 915 1443 erat
940 1408 1008 1444 lux
1030 1406 1231 1443 hominum.

368 2406 436 2441 Sed
457 2405 606 2439 Ioannes
627 2419 700 2439 non
727 2408 769 2440 de
793 2408 867 2440 sola
885 2407 1060 2440 creatione
1077 2407 1247 2452 loquitur,
1272 2406 1273 2411 ¹

267 2459 327 2491 sed
352 2458 394 2490 de
415 2457 484 2490 vita
512 2465 674 2501 perpetua
702 2455 873 2499 hominis,
899 2459 953 2491 cui
978 2458 1081 2491 initio
1104 2459 1173 2490 vita
1193 2458 1248 2490 in-

267 2509 340 2542 dita
358 2514 424 2548 est,
451 2520 539 2552 quae
556 2515 629 2541 erat
647 2509 760 2550 imago
776 2507 841 2541 Dei
858 2516 890 2542 ct
909 2515 1092 2552 perpetua,
1119 2509 1248 2541 deinde

266 2557 331 2592 hac
347 2559 486 2599 amissa,
513 2559 672 2592 redditur
691 2560 759 2593 vita
776 2566 939 2603 perpetua
959 2572 1019 2603 per
1035 2560 1165 2599 filium,
1192 2571 1249 2593 re·
1272 2576 1273 2596 ᾗ

266 2616 418 2643 novatur
434 2609 562 2651 imago,
590 2609 669 2642 ideo
685 2611 727 2642 de
745 2608 808 2643 hac
824 2610 892 2643 vita
913 2618 1088 2654 perpetua,
1113 2617 1144 2643 et
1163 2610 1250 2650 luce,

266 2671 354 2704 quae
380 2666 427 2693 est
451 2660 564 2704 imago
583 2660 667 2701 Dei,
695 2659 751 2694 bic
769 2660 957 2694 dicendum
976 2668 1035 2696 est.
1092 2660 1138 2695 Ut
1154 2661 1248 2694 enim
1272 2665 1274 2669 ’

853 99 973 134 PHIL.
1001 96 1117 132 MEL.
1145 91 1356 130 SCRIPTA
1383 91 1681 128 EXEGETICA.

1271 2234 1273 2240 ,
1302 2202 1514 2236 Iudaeorum
1525 2230 1532 2243 ‚

2238 97 2287 134 16

1302 180 1395 214 filius
1411 179 1478 214 Dei
1502 186 1552 213 est
1576 179 1690 223 imago
1714 180 1847 212 aeterni
1871 182 2000 225 patris,
2025 182 2073 216 ita
2098 182 2136 216 in
2155 195 2196 217 eo
2211 183 2283 218 vita

1303 231 1412 275 patris
1433 230 1648 275 resplendet,
1672 237 1706 264 et
1730 230 1822 264 lucet
1846 232 2013 274 sapientia
2033 233 2232 277 intelligens
2248 240 2283 268 et.

1301 282 1500 324 glorificans
1515 289 1659 325 patrem.
1711 280 1768 314 Ad
1786 278 1875 314 banc
1892 281 2077 326 imaginem
2091 285 2191 318 docet
2207 282 2282 318 Ge-

1301 333 1394 366 nesis
1417 332 1519 365 initio
1542 339 1576 365 et
1593 330 1754 365 homines
1770 331 1930 365 conditos
1947 344 2018 367 esse
2030 360 2039 374 ,
2066 341 2105 368 ut
2122 335 2282 369 viverent

1301 383 1370 417 vita
1397 390 1582 427 perpetua,
1608 389 1640 415 et
1665 379 1835 416 haberent
1852 382 2017 416 noticiam
2035 392 2281 426 agnoscentem

1300 440 1334 467 et
1363 434 1597 467 celebrantem
1622 432 1748 467 Deum.
1816 432 1926 466 Porro
1953 433 2078 466 amissa
2103 431 2167 468 bae
2193 436 2281 469 ima-

1300 484 1380 527 gine
1405 491 1481 528 post
1499 484 1633 528 lapsum
1645 509 1655 524 ‚
1680 495 1758 516 cum
1778 495 1872 517 mors
1890 490 1923 517 et
1938 485 2102 517 tenebrae
2119 492 2280 518 naturam

1300 532 1492 567 humanam
1517 534 1789 578 oppressissent,
1816 546 1935 567 rursus
1951 534 2179 568 inenarrabili
2196 547 2282 569 con-

1301 586 1380 618 silio
1407 586 1556 618 donatus
1578 592 1627 619 est
1648 585 1751 618 nobis
1768 584 1859 617 filius
1875 583 1960 624 Dei,
1987 585 2068 630 quia
2086 597 2147 618 sua
2165 586 2280 620 effica-

1299 636 1350 668 cia
1377 636 1414 668 in
1438 636 1541 669 nobis
1565 637 1691 669 iterum
1717 637 1919 669 accenderet
1942 636 2047 670 vitam
2066 642 2281 680 perpetuam,

1296 693 1330 720 et
1347 686 1471 722 lucem.

1402 752 1463 787 Est
1481 764 1560 796 ergo
1577 752 1747 785 sententia
1759 777 1769 792 ‚
1799 752 1835 784 in
1854 751 1925 785 filio
1943 762 2015 784 esse
2034 751 2140 785 vitam
2157 764 2282 796 perpe—

1301 811 1413 843 tuam,
1455 811 1489 837 et
1522 804 1633 837 lucem
1666 802 1920 845 intelligentem
1952 801 2085 842 Deum,
2112 814 2200 847 quae
2230 809 2282 837 est

1301 855 1432 887 aeterni
1456 855 1563 898 patris
1588 855 1712 896 imago.
1764 851 1846 886 Ideo
1871 860 1986 886 autem
2010 853 2113 886 nobis
2129 854 2282 887 donatus

1300 912 1349 938 est
1372 905 1483 945 filius,
1509 912 1547 938 ut
1572 905 1616 938 sit
1639 905 1757 937 efficax
1774 911 1806 937 et
1824 903 1974 936 similem
1994 903 2100 936 vitam
2118 910 2151 937 et
2167 904 2280 937 lucem

1301 955 1336 988 in
1355 956 1460 988 nobis
1478 956 1647 989 restituat.
1701 954 1771 988 Nec
1787 954 1935 988 dubium
1954 961 2020 994 est,
2042 954 2282 997 gravissimam

1301 1006 1496 1039 doctrinam
1522 1003 1580 1038 hic
1603 1006 1796 1039 involutam
1822 1005 1996 1038 contineri
2018 1006 2061 1038 de
2076 1005 2165 1045 filio,
2191 1017 2282 1049 quo-

1299 1057 1404 1088 modo
1423 1056 1468 1088 sit
1485 1056 1598 1097 imago
1617 1056 1749 1089 aeterni
1767 1056 1891 1098 patris,
1919 1056 2000 1089 item
2018 1056 2060 1088 de
2077 1055 2283 1090 conditione

1299 1104 1454 1139 hominis
1478 1106 1520 1138 ad
1545 1104 1635 1138 hanc
1660 1106 1869 1149 imaginem,
1896 1107 1978 1140 item
2002 1107 2045 1140 de
2062 1106 2211 1140 consilio
2227 1118 2283 1140 re-

1300 1156 1468 1190 stituendi
1487 1156 1622 1199 generis
1640 1153 1807 1195 humani,
1833 1157 1927 1200 quod
1946 1157 1994 1196 is,
2020 1158 2081 1202 qui
2098 1164 2148 1191 est
2166 1157 2282 1201 imago

1301 1207 1410 1251 patris
1435 1207 1561 1239 missus
1585 1214 1653 1245 est,
1688 1213 1727 1239 ut
1750 1206 1936 1248 imaginem
1951 1205 2019 1238 Dei
2041 1208 2079 1239 in
2103 1208 2206 1241 nobis
2228 1220 2284 1241 re-

1301 1258 1433 1291 stituat.
1486 1256 1581 1290 Haec
1612 1257 1661 1301 pii
1693 1257 1727 1289 in
1755 1256 1978 1289 invocatione
2000 1257 2169 1300 cogitent,
2204 1270 2284 1291 cum

1300 1306 1367 1340 hoc
1386 1308 1621 1340 inenarrabile
1640 1308 1825 1341 consilium
1841 1308 1884 1340 de
1899 1307 1971 1340 filio
1990 1308 2183 1341 mediatore
2200 1320 2286 1341 con-

1301 1359 1423 1392 stituto
1456 1358 1680 1401 cogitandum
1707 1366 1773 1392 est:
1808 1358 1924 1392 verbis
1947 1359 2083 1403 assequi
2107 1358 2285 1402 magnitu-

1302 1409 1422 1443 dinem
1441 1407 1566 1443 harum
1585 1421 1704 1443 rerum
1722 1422 1794 1443 non
1812 1421 2008 1454 possumus.

1404 1476 1496 1510 Illud
1521 1483 1635 1509 autem
1657 1489 1802 1510 monere
1823 1489 1961 1510 necesse
1981 1484 2049 1517 est,
2077 1477 2171 1521 quod
2188 1474 2285 1510 haud

1303 1528 1410 1561 dubie
1434 1535 1467 1561 et
1484 1527 1632 1561 loannes
1655 1525 1714 1560 hic
1738 1528 1850 1561 voluit
1869 1528 1905 1560 in
1926 1526 1981 1560 his
1998 1528 2115 1561 verbis
2132 1527 2286 1561 discerni

1302 1578 1469 1611 Messiam
1499 1591 1516 1611 a
1546 1579 1690 1612 caeteris
1715 1576 1901 1622 Prophetis
1933 1578 2118 1620 omnibus,
2153 1585 2186 1612 et
2218 1576 2286 1612 hoe

1300 1630 1415 1672 ipsum
1442 1629 1631 1662 discrimen
1654 1636 1772 1673 postea
1799 1640 1899 1673 saepe
1922 1629 2102 1672 repetitur.
2157 1626 2286 1670 Adam,

1300 1679 1394 1719 Noe,
1423 1677 1622 1720 Abraham,
1649 1679 1800 1720 Moises,
1828 1679 2008 1723 Apostoli,
2036 1679 2286 1713 circumferen-

1302 1738 1352 1764 tes
1370 1731 1566 1763 doctrinam
1585 1743 1602 1763 a
1622 1729 1696 1763 Deo
1717 1731 2019 1770 commendatam,
2043 1736 2205 1763 externae
2221 1742 2285 1763 vo-

1301 1781 1348 1814 cis
1375 1781 1530 1813 ministri
1555 1787 1653 1821 sunt,
1687 1792 1750 1813 nec
1773 1787 1855 1814 sunt
1878 1780 2057 1818 victimae,
2091 1786 2151 1813 aut
2173 1779 2287 1823 pretia

1299 1844 1363 1876 pro
1381 1843 1504 1874 genere
1522 1829 1697 1871 humano,
1726 1842 1789 1864 nec
1803 1831 1959 1865 efficiunt
1973 1831 2039 1874 ipsi
2055 1830 2092 1863 in
2108 1831 2286 1865 mentibus

1302 1881 1488 1916 hominum
1513 1889 1714 1926 perpetuam
1738 1881 1844 1915 vitam
1864 1888 1897 1914 et
1912 1893 2039 1913 novam
2058 1881 2185 1914 lucem.
2236 1879 2287 1915 At

1302 1933 1450 1967 Messias
1465 1933 1557 1965 filius
1567 1931 1633 1965 Dei
1650 1944 1722 1965 non
1739 1932 1852 1964 solum
1871 1943 1989 1964 vocem
2008 1938 2184 1965 externam
2201 1943 2285 1975 pro-

1301 1984 1421 2028 ponit,
1449 1984 1508 2015 sed
1530 1983 1603 2027 ipse
1628 1983 1732 2015 simul
1757 1988 1807 2015 est
1830 1981 2044 2026 propitiator
2066 1989 2098 2016 et
2123 1982 2227 2016 efficit
2247 1983 2286 2017 in

1301 2034 1499 2073 mentibus,
1531 2045 1619 2078 quae
1643 2031 1837 2076 Evangelio
1865 2033 2122 2075 assentiuntur,
2155 2045 2285 2067 novam

1300 2085 1407 2118 vitam
1426 2091 1459 2118 et
1475 2084 1599 2117 lucem.

1404 2150 1482 2184 Hoc
1513 2151 1703 2185 discrimen
1736 2151 1936 2196 oppositum
1967 2159 2018 2186 est
2041 2151 2286 2195 imaginationi

1579 2202 1641 2247 qui
1673 2208 1809 2236 tantum
1843 2203 2065 2237 somniabant
2096 2202 2285 2246 imperium

1301 2254 1540 2293 mundanum,
1568 2260 1601 2287 et
1623 2252 1787 2287 Messiam
1811 2254 2072 2288 arbitrabantur
2094 2253 2285 2287 allaturum

1303 2316 1374 2337 esse
1398 2305 1508 2337 bonas
1532 2304 1639 2346 leges,
1674 2305 1800 2337 iustam
1827 2304 2138 2347 gubernationem,
2173 2311 2285 2338 exter-

1271 2399 1273 2404 ¹
1302 2367 1384 2388 nam
1416 2367 1553 2399 pacem,
1586 2367 1650 2388 nec
1678 2355 1922 2399 intelligebant
1943 2361 2089 2390 naturae
2112 2353 2286 2389 humanae

1302 2406 1459 2449 lapsum,
1488 2418 1607 2439 causas
1627 2406 1759 2450 peccati
1780 2413 1812 2440 et
1835 2406 1977 2450 mortis,
2005 2418 2069 2439 nec
2086 2406 2286 2449 cogitabant

1303 2454 1388 2489 haec
1405 2457 1496 2489 mala
1513 2457 1673 2491 funditus
1689 2457 1862 2490 abolenda
1878 2468 1964 2498 esse,
1992 2456 2199 2491 etMessiam
2216 2457 2284 2490 mi-

1302 2507 1405 2540 rabili
1440 2508 1546 2541 modo
1576 2508 1796 2541 redditurum
1827 2520 1899 2541 esse
1923 2508 2028 2541 vitam
2054 2514 2087 2541 et
2110 2507 2284 2541 iusticiam

1302 2565 1516 2602 perpetuam.
1566 2557 1792 2603 Opponenda
1823 2566 1905 2593 sunt
1934 2566 1967 2592 et
1996 2556 2082 2591 haec
2106 2558 2197 2592 dicta
2221 2559 2286 2592 ad-

1304 2609 1463 2642 versariis
1487 2611 1638 2651 nostris,
1665 2610 1727 2655 qui
1747 2611 1925 2644 somniant
1940 2607 2120 2643 Christum
2147 2616 2284 2643 tantum

1303 2672 1375 2693 esse
1408 2659 1660 2703 legislatorem,
1704 2673 1767 2694 nec
1798 2667 1990 2705 agnoscunt
2022 2672 2094 2694 esse
2126 2667 2282 2694 autorem
