2415 2942
1125 455 1277 497 PHIL.

624 526 956 570 DISPOSITIO
1000 526 1265 570 ORATION
1269 527 1325 569 IS

296 615 408 645 Prodiit
431 614 480 643 hic
503 614 578 643 liber
600 615 744 653 primum:

379 657 544 695 Dispositio
569 658 712 687 orationis
736 658 765 686 iu
782 657 878 695 Epist.
894 657 979 687 Pauli
1001 658 1038 687 ad
1055 656 1225 692 Romanos,
1249 661 1372 685 auctore
1388 654 1525 694 Philippo
1542 655 1615 685 Mel.

552 699 702 738 Inscripta
727 705 771 730 est
794 700 985 737 Hermanno,
1007 699 1116 729 Coniiti
1139 699 1242 729 Novae
1266 697 1403 737 Aquilae.

379 702 398 730 2
411 701 451 737 ’ῥ’-Ξ
466 699 506 738 pl.

299 741 437 772 Rectisus
461 748 506 771 est
530 741 664 771 libellus:

1320 454 1465 495 MEL.

1370 526 1436 566 IN
1483 524 1671 566 EPIS'I'.
1717 525 1800 566 AD
1847 526 1988 569 ROM.

1661 654 1828 693 Haganoae
1851 665 1905 693 pei·
1922 655 1966 686 Jo.
1985 655 2148 686 Sceerium.
2166 655 2255 686 1529.
2278 655 2308 686 8.

1449 698 1561 737 (Epist.
1586 698 1642 728 vid.
1667 707 1759 736 supra
1782 697 1848 727 Vol.
1867 697 1889 728 Ι.
1914 707 1942 736 p.
1961 698 2066 738 1043.)

339 786 371 823 l)
394 785 560 822 Dispositio
586 785 730 814 orationis
755 785 783 814 iu
805 784 900 823 Epist.
925 784 1008 813 Pauli
1032 785 1068 813 ad
1086 783 1249 813 Romanos.
1294 782 1408 812 Autore
1424 782 1500 812 Phil.
1514 782 1647 819 Melan„
1671 782 1740 811 item
1758 782 1890 811 eiusdem
1907 781 1992 812 Pauli
2014 783 2050 811 ad
2069 782 2155 813 Rom.
2171 781 2310 822 Epistola

384 838 472 857 versu
496 828 616 857 heroico
640 828 757 857 reddita
779 837 832 865 per
855 827 1064 856 Berthratuum
1086 825 1266 855 Darniauuln
1293 826 1562 855 Brimovicanum
1586 828 1626 863 (s.
1652 824 1708 854 iud.
1734 825 1807 864 loci)
1838 825 1928 854 1529.
1957 826 1986 855 8.
2019 825 2055 855 11
2072 825 2110 864 pl.

340 871 374 903 2)
400 870 545 908 Disposit.
571 876 647 900 orat.
671 887 713 892 —
738 887 777 890 —
801 886 841 890 —
863 869 1030 908 Hagauoac
1054 869 1132 906 apud
1157 869 1201 903 Jo,
1227 867 1398 903 Sem-rium,
1422 877 1499 897 anuo
1526 868 1616 897 1530.
1641 877 1679 898 m.
1704 867 1807 905 Septi).
1831 868 1861 896 8.

338 912 372 946 3)
401 911 564 950 Dispositio
590 930 631 934 —
653 929 694 934 -—
717 911 912 950 D'itebergae
935 913 1013 949 apud
1037 911 1099 940 Jos.
1124 910 1212 949 Clug.
1239 910 1329 939 1530.
1362 909 1479 949 5¹)2pl.
1510 910 1539 939 8.
1575 911 1678 948 (aucta
1702 919 1720 939 a
1744 909 1966 950 Melanthono.)

340 954 374 990 4)
398 954 563 991 Dispositio
587 972 626 976 -
649 971 691 976 ——
714 971 753 976 —
779 954 858 988 (sint¹
883 954 941 984 iud.
965 954 1023 983 loci
1048 960 1075 983 et
1093 953 1229 991 bibliop.)
1254 951 1346 982 1539.
1370 952 1400 980 8.
1445 951 1585 990 Repetita
1602 952 1734 981 miamin
1751 952 1897 990 Operibus
1912 953 2059 983 Melanth.
2103 952 2197 983 Basil.
2221 951 2259 981 T.
2273 951 2311 988 11,

382 1007 411 1034 p.
427 996 497 1026 355.
526 1002 553 1025 ct
577 997 607 1026 iu
631 997 706 1035 Opp.
731 996 804 1027 Mel.
828 996 1022 1036 Witeliergae
1045 1006 1064 1026 a
1087 997 1234 1026 Peuccro
1258 994 1344 1024 editis
1369 994 1406 1024 T.
1423 994 1470 1024 lv.
1495 1004 1522 1032 p.
1541 994 1586 1031 3.,
1618 995 1693 1023 uude
1717 994 1800 1024 illam
1822 994 1869 1023 hic
1892 995 2057 1025 hausimus.

1112 1110 1482 1120 ————-—--——

363 1224 719 1262 DISPOSITIO
766 1225 1100 1263 ORATIONIS

1142 1225 1206 1261 IN
1250 1220 1562 1259 EPISTOLA
1606 1222 1795 1258 PAULI
1842 1223 1918 1259 AD
1956 1221 2248 1260 ROMANOS

824 1286 1068 1322 AUCOTRE
1096 1281 1333 1321 PHILIPPO
1370 1280 1811 1318 MELANCHTHONE.

349 1377 677 1423 Argumentum
710 1379 960 1422 Epistolae
993 1380 1130 1413 Ραιιῖἱ
1175 1378 1229 1412 ad

670 1431 906 1464 Romanos.

338 1490 353 1505 r

299 1491 335 1545 x
357 1512 435 1544 alde
458 1513 600 1555 prodest
626 1513 661 1544 in
695 1513 879 1545 universae
911 1514 1104 1558 scripturae
1137 1513 1286 1546 lectione

305 1564 512 1599 ohservare,
541 1564 634 1607 quod
660 1564 788 1607 duplex
815 1565 857 1597 sit
883 1565 1031 1597 iusticia.
1091 1565 1211 1596 Altera
1237 1570 1285 1596 est

302 1613 464 1657 politica,
495 1613 542 1645 sic
560 1613 654 1645 enim
670 1615 818 1646 docendi
836 1626 936 1647 causa
959 1615 1181 1654 vocabimus,
1208 1625 1286 1646 cum

302 1675 407 1706 opera
438 1664 550 1703 bona,
591 1676 650 1696 seu
689 1665 827 1705 civilia,
863 1666 952 1698 ratio
992 1663 1144 1699 humana
1175 1664 1288 1697 efficit.

303 1714 375 1748 Nec
399 1715 495 1748 videt
527 1715 630 1747 aliam
657 1715 831 1748 iusticiam
861 1717 971 1749 ullam
1003 1714 1157 1749 humana
1189 1715 1288 1748 ratio.

303 1764 426 1809 ltaque
467 1765 599 1798 iudicat
636 1766 810 1799 eiusmodi
850 1779 954 1811 opera
987 1767 1143 1801 sufficere
1174 1777 1289 1799 coram

302 1816 382 1850 Deo
405 1816 446 1848 ad
472 1816 764 1851 iustificationem.
832 1817 902 1851 Nec
930 1818 1061 1852 cultum
1091 1817 1158 1850 Dei
1182 1818 1290 1850 alium

303 1867 416 1899 ullum
444 1866 635 1905 existimat,
664 1868 732 1900 nisi
751 1880 855 1912 opera
880 1869 940 1902 illa
965 1869 1080 1902 civilia
1107 1876 1292 1915 praestare,

304 1929 376 1949 non
396 1917 524 1955 furari,
549 1930 619 1951 non
638 1920 812 1959 occidere,
840 1933 911 1953 non
929 1920 1081 1957 mentiri,
1107 1931 1179 1951 non
1198 1931 1291 1950 moe-

306 1966 421 2007 chari,
447 1968 688 2011 obtemperare
715 1971 992 2012 magistratibus,
1026 1970 1201 2002 moderari
1232 1982 1293 2001 vo-

307 2019 468 2061 luptates.
523 2017 569 2051 Et
588 2020 716 2053 talibus
733 2022 899 2064 operibus
918 2022 1037 2054 statuit
1056 2021 1183 2064 placari
1205 2020 1291 2052 iram

307 2068 385 2102 Dei.
441 2067 576 2101 Interea
595 2082 667 2102 non
688 2072 781 2105 videt
804 2072 1063 2105 immunditiem
1085 2071 1199 2103 cordis
1227 2068 1292 2101 hu-

307 2119 422 2159 mani,
450 2121 543 2163 quod
569 2127 665 2153 vacat
692 2129 786 2154 metu
809 2121 893 2161 Dei,
921 2122 1047 2154 fiducia
1071 2132 1149 2163 erga
1166 2120 1293 2159 Deum,

309 2177 342 2202 et
370 2167 473 2203 habet
497 2172 812 2214 concupiscentiam
838 2180 868 2205 et
893 2173 1008 2205 omnis
1031 2172 1166 2213 generis
1184 2171 1293 2202 malos

308 2220 470 2254 affectus.
536 2220 681 2264 Semper
710 2223 815 2266 igitur
844 2223 1012 2255 dissensio
1036 2222 1102 2255 suit
1124 2222 1189 2265 piis
1215 2233 1291 2254 cum

310 2273 455 2304 mundo.
521 2270 576 2303 Pii
609 2273 711 2305 aliam
743 2274 919 2318 quandam
952 2272 1125 2306 iusticiam
1158 2278 1294 2315 praeter

311 2322 406 2353 illam
425 2319 627 2366 hypocrisin
644 2335 787 2367 operum
807 2325 943 2356 (locent.
999 2322 1156 2356 Mundus
1173 2330 1292 2355 contra

312 2372 358 2404 ita
385 2373 541 2405 defendit
573 2371 776 2418 hypocrisin
807 2387 951 2418 operum
971 2401 979 2414 ‚
1020 2380 1057 2406 ut
1082 2376 1200 2406 doceat
1231 2374 1290 2405 illa

312 2434 416 2465 opera
435 2423 570 2466 placare
589 2425 673 2457 iram
695 2425 779 2465 Dei,
809 2433 840 2458 et
859 2424 1045 2458 iustificare
1068 2436 1184 2457 coram
1203 2423 1288 2457 Deo.

313 2472 361 2505 At
386 2471 618 2515 Evangelium
658 2475 759 2518 longe
792 2476 896 2509 aliam
930 2476 1101 2509 iusticiam
1127 2476 1289 2513 ostendit,

313 2534 402 2568 quae
418 2530 562 2556 vocatur
580 2525 714 2559 iusticia
732 2527 822 2562 fidei.
868 2525 957 2559 Nam
975 2525 1206 2569 Evangelium
1225 2527 1288 2558 do-

314 2581 366 2606 cet
391 2571 568 2607 Christum
603 2576 711 2609 filium
741 2578 807 2610 Dei
835 2589 896 2620 pro
923 2577 1026 2610 nobis
1059 2578 1177 2610 datum
1209 2588 1290 2615 esse,

315 2631 347 2657 et
371 2624 542 2657 iusticiam
566 2637 682 2658 coram
705 2625 779 2660 Deo
807 2639 895 2668 esse,
929 2629 1069 2661 credere
1092 2629 1187 2673 quod
1214 2639 1291 2671 pec-

315 2681 389 2708 cata
408 2681 524 2708 nostra
549 2684 691 2721 propter
706 2675 884 2712 Christum
911 2679 1013 2712 nobis
1036 2681 1292 2718 condonentur,

1337 1383 1396 1404 seu
1414 1372 1507 1415 quod
1527 1379 1671 1414 propter
1688 1371 1870 1407 Christum
1889 1373 2102 1416 recipiamur
2119 1373 2154 1405 in
2171 1373 2317 1415 gratiam

1339 1422 1455 1465 patris.
1532 1422 1666 1456 Interea
1701 1424 1813 1466 arguit
1836 1431 1954 1456 nostra
1989 1430 2143 1466 peccata,
2185 1429 2218 1455 et
2245 1435 2314 1456 non

1338 1478 1473 1505 tantum
1499 1479 1639 1505 externa
1667 1474 1811 1514 delicta,
1839 1475 1895 1506 sed
1926 1474 2028 1506 etiarn
2053 1473 2314 1506 immunditiem

1311 1511 1315 1579 l
1338 1522 1453 1555 cordis
1475 1523 1629 1556 damnat.
1683 1521 1849 1558 Ostendit
1871 1523 2063 1557 humanum
2086 1536 2146 1556 cor
2170 1535 2318 1556 vacuum

1338 1584 1409 1605 esse
1430 1581 1524 1606 metu
1542 1574 1619 1613 Dei,
1637 1586 1782 1607 vacuum
1802 1575 1926 1607 fiducia
1942 1586 2020 1618 erga
2030 1573 2157 1607 Deum.
2186 1571 2319 1608 Osten-

1340 1623 1392 1655 dit
1429 1624 1685 1665 turpitudinem
1730 1626 2028 1668 concupiscentiae
2069 1625 2248 1667 ssagrantis
2283 1625 2320 1657 in

1340 1673 1507 1705 membris
1532 1675 1672 1708 nostris.
1749 1674 1870 1719 ltaque
1901 1682 2003 1718 negat
2033 1686 2097 1707 nos
2123 1686 2220 1718 posse
2244 1676 2319 1718 pla—

1341 1736 1418 1756 care
1442 1724 1529 1756 iram
1554 1723 1619 1757 Dei
1647 1723 1822 1770 hypocrisi
1855 1733 2055 1759 nostrorum
2081 1737 2250 1769 operum,
2285 1733 2320 1758 et

1315 1797 1317 1802 ,
1342 1775 1445 1807 aliam
1477 1774 1649 1808 iusticiam
1682 1788 1824 1819 prorsus
1852 1788 2013 1809 arcanam
2042 1783 2074 1809 et
2108 1776 2320 1818 incognitam

1343 1826 1476 1858 mundo
1499 1826 1602 1858 nobis
1620 1834 1803 1866 monstrat,
1820 1827 1981 1860 videlicet
2000 1838 2086 1867 eam,
2114 1838 2217 1872 quam
2227 1825 2320 1860 Pau-

1342 1876 1397 1908 lus
1423 1882 1522 1909 vocat
1545 1876 1719 1911 iusticiam
1744 1878 1835 1913 fidei.
1889 1876 2004 1922 Atque
2026 1875 2110 1910 haec
2132 1877 2177 1910 ita
2202 1879 2318 1910 conci-

1344 1927 1446 1970 pitur.
1501 1926 1587 1959 (jum
1608 1928 1714 1960 verbo
1732 1935 1928 1971 arguuntur
1952 1934 2106 1970 peccata,
2133 1934 2166 1960 et
2188 1934 2320 1971 perter-

1344 1976 1471 2008 refiunt
1490 1976 1593 2009 corda
1612 1985 1747 2016 nostra,
1775 1979 1802 2011 si
1828 1979 1862 2010 in
1883 1976 1936 2010 his
1953 1978 2145 2011 terroribus
2162 1978 2319 2011 credide·
2374 1988 2375 2010 l

1343 2026 1452 2058 rimus
1474 2027 1576 2059 nobis
1600 2027 1729 2069 ignosci
1748 2036 1885 2071 peccata
1900 2056 1909 2069 ‚
1935 2036 1965 2061 et
1991 2029 2026 2060 in
2053 2028 2201 2073 gratiam
2212 2029 2319 2072 patris

1344 2088 1408 2108 nos
1430 2077 1537 2120 recipi
1563 2085 1704 2121 propter
1727 2077 1926 2119 Christum,
1959 2080 2054 2112 iuxta
2079 2077 2319 2122 Evangelium.

1343 2126 1392 2159 Ea
1412 2127 1495 2159 fides
1513 2128 1614 2171 erigit
1631 2136 1663 2162 et
1679 2130 1881 2163 consolatur
1899 2131 2159 2173 perterrefacias
2178 2137 2321 2164 mentes.

1342 2175 1393 2210 Ea
1416 2178 1499 2209 fides
1523 2187 1571 2212 est
1600 2192 1678 2213 vere
1704 2181 1839 2213 iusticia
1868 2193 1983 2213 coram
2007 2179 2091 2214 Deo.
2161 2178 2210 2212 Ea
2237 2180 2320 2214 fides

1344 2228 1452 2271 placat
1469 2229 1555 2260 iram
1574 2228 1651 2264 Dei.
1702 2230 1807 2264 Nulla
1834 2238 1951 2264 nostra
1969 2242 2072 2274 opera
2089 2230 2222 2274 placare
2241 2242 2320 2273 pos-

1341 2286 1432 2312 sunt.
1486 2276 1531 2313 Et
1556 2291 1633 2312 cum
1658 2281 1759 2314 fidem
1787 2282 2026 2325 concepimus,
2059 2281 2126 2312 iam
2153 2292 2233 2313 vere
2255 2281 2321 2313 sci-

1343 2341 1420 2362 mus
1437 2328 1514 2362 Deo
1534 2343 1596 2363 nos
1623 2344 1724 2364 curae
1740 2344 1829 2373 esse,
1857 2344 1920 2365 nos
1938 2343 1955 2363 a
1973 2330 2047 2364 Deo
2064 2330 2226 2371 defendi,
2258 2343 2320 2365 au-

1342 2380 1463 2413 demus
1494 2381 1656 2414 invocare
1687 2381 1829 2423 Deum,
1868 2390 1901 2416 et
1932 2388 2047 2424 petere
2082 2388 2114 2414 et
2142 2388 2321 2425 expectare

1341 2431 1524 2465 auxilium.
1602 2431 1672 2465 Nec
1702 2433 1776 2465 sine
1809 2433 1998 2466 certamine
2035 2432 2207 2475 contingit
2237 2430 2321 2466 haec

1341 2481 1433 2513 fides.
1487 2481 1526 2514 ln
1544 2483 1640 2515 omni
1657 2484 1724 2516 vita
1744 2483 1909 2516 dimicare
1929 2494 1990 2516 nos
2012 2489 2148 2526 oportet
2170 2495 2248 2515 cum
2265 2483 2322 2515 in-

1339 2532 1543 2565 credulitate
1580 2540 1715 2573 nostra,
1755 2541 1786 2567 et
1823 2531 2049 2567 haesitantem
2078 2533 2325 2567 conscientiam

1341 2585 1447 2615 verbo
1466 2580 1498 2616 et
1518 2583 1583 2615 fide
1601 2585 1742 2624 erigere.
1783 2583 1878 2617 Haec
1903 2595 1956 2617 res
1972 2596 2113 2628 prorsus
2131 2590 2181 2617 est
2205 2584 2322 2627 ignota

1341 2634 1494 2674 mundo,
1521 2634 1581 2678 qui
1608 2635 1739 2667 nullam
1765 2635 1935 2669 iusticiam
1964 2635 2077 2673 videt„
2113 2634 2181 2667 nisi
2205 2634 2322 2677 politi-

1341 2696 1433 2724 cam,
1460 2696 1567 2728 quare
1590 2686 1737 2718 maxima
1765 2698 1842 2730 pars
1865 2683 2050 2719 hominum
2075 2683 2166 2718 hanc
2191 2685 2324 2718 doctri-
