2415 2942
85 146 159 182 393
461 140 542 176 XII.

86 232 154 268 Die
180 228 238 264 19,
272 240 381 262 coena
406 239 486 261 cum
510 226 644 261 Lazaro
677 227 713 260 in
731 223 906 259 Bethania
936 226 973 258 in
1003 226 1084 259 sab·
1110 227 1112 266 Ι

825 275 893 310 Die
915 277 976 309 21.
1009 288 1085 309 ma-
1110 275 1112 295 ¹*

87 285 182 317 bato.
246 280 313 314 Die
349 279 410 316 20.
445 279 518 312 dies
548 278 764 312 Palmarum.

87 333 212 368 ledixit
229 331 322 373 ficui,
351 338 384 365 et
401 331 439 363 in
458 330 589 374 templo
608 329 794 363 acerrimas
814 327 1004 360 conciones
1021 325 1084 359 ha-

88 385 185 425 buit,
213 394 304 428 quae
330 383 367 416 in
386 379 570 415 Matthaeo
597 387 727 414 extant.

89 437 127 470 in
145 432 321 469 Bethania
346 434 383 466 in
409 434 516 466 domo
540 431 696 466 Simonis
719 430 860 474 leprosi.
924 429 995 462 Die
1020 428 1082 464 23.

89 487 207 532 pactio
241 484 360 520 Iudae.
427 483 495 518 Die
527 482 589 518 24.
626 482 701 514 dies
734 492 960 526 a7ymorum,

90 538 190 582 agni,
231 543 265 570 et
295 535 470 569 institutio
498 545 625 567 coenae
652 531 871 567 Dominicae.

90 739 266 786 paschatis
285 740 342 773 die
367 737 552 772 crucifixus
577 744 637 770 est.

89 792 158 827 Die
179 792 241 825 26.
269 791 337 824 fuit
360 790 396 822 in
416 789 587 833 sepulcro.
650 786 717 821 Die
741 786 805 823 27,
834 787 1058 821 resurrectio.

193 863 247 899 Ex
264 863 329 898 hac
356 864 483 898 tabella
506 862 744 896 animadverti
769 868 903 906 potest,
931 874 1002 907 quo
1027 860 1084 894 die
1110 864 1111 888 i

91 915 252 952 Christus
270 927 398 959 agnum
416 913 627 954 comederit,
655 920 688 947 et
711 913 841 946 deinde
867 924 1013 956 agonem
1040 900 1111 945 ad

90 974 248 1001 montem
268 965 406 1000 Oliveti
425 965 640 1006 incoaverit,
667 976 771 997 mons
794 965 972 997 olivarum
995 963 1084 996 vici—
1110 972 1111 975 ’
1181 990 1202 1023 b
1243 995 1254 1022 t
1559 995 1568 1021 t
1633 987 1640 995 .
1766 994 1776 1020 t

91 1030 159 1053 nus
177 1024 252 1052 erat
270 1017 531 1062 lerosolymae
521 1028 559 1049 1n
584 1028 624 1049 ea
650 1022 766 1059 parte,
801 1028 868 1061 qua
897 1016 982 1048 urbs
1005 1026 1084 1059 spe·
1109 1019 1111 1056 ἶ
1138 1002 1178 1047 ⁰.r
1207 1001 1224 1022 e
1259 1001 1416 1047 eri-anun
1434 1000 1468 1021 se
1489 1000 1554 1021 ⁰⁰¹¹
1573 1000 1760 1021 ammaum
1781 1013 1789 1022 ”
1984 1037 1991 1044 .
2110 1037 2117 1044 .

1138 1047 1182 1074 tis
1199 1047 1328 1074 nostrls
1344 1041 1549 1084 deprecator
1565 1046 1635 1079 est,
1663 1046 1694 1072 et
1713 1039 1867 1072 luctatur
1885 1049 1964 1070 cum
1982 1049 2034 1070 ira
2053 1035 2131 1078 Dei,

91 1071 207 1103 ctabat
223 1069 414 1107 orientem,
444 1080 482 1101 ac
500 1079 601 1111 saepe
625 1067 841 1107 celebratur,
876 1073 914 1100 ut
939 1069 974 1102 2.
996 1065 1085 1109 Reg.

91 1118 150 1156 15.
178 1121 216 1153 in
240 1121 321 1163 fuga
346 1118 504 1155 Davidis.

89 1170 231 1206 Cedron
246 1171 446 1215 disputant,
480 1176 599 1204 tamen
624 1176 900 1203 consentaneum
925 1175 976 1202 est
1000 1180 1084 1201 ean-

91 1274 144 1306 ria
158 1272 319 1308 Davidis.
372 1272 453 1306 Exit
472 1272 580 1315 igitur
595 1270 759 1305 Christus
775 1273 896 1304 eadem
914 1271 986 1309 via,
1016 1282 1084 1315 qua

92 1323 208 1358 David
226 1323 312 1356 olim
331 1334 519 1367 oppressus
542 1322 678 1366 ingenti
705 1322 827 1355 dolore
851 1329 882 1355 et
907 1322 1005 1354 luctu
1027 1321 1083 1354 fu-

90 1476 226 1510 tristius
250 1481 299 1508 est
321 1475 388 1509 iter
409 1473 563 1516 Christi,

91 1534 267 1561 certamen
283 1526 475 1570 egreditur.

607 1475 669 1520 qui
694 1475 736 1508 ad
766 1475 870 1519 longe
905 1474 1086 1507 difficilius

196 1601 251 1636 Sit
266 1601 379 1645 igitur
395 1601 532 1645 primus
548 1608 663 1641 actus,
690 1601 782 1634 lucta
796 1626 805 1639 ,
839 1608 871 1635 et
896 1613 950 1634 res
972 1608 1086 1645 gestae

93 1653 132 1686 in
149 1651 252 1686 horto
266 1680 274 1691 ‚

92 1704 240 1748 piosiuS.
304 1700 505 1736 Matthaeus
537 1703 678 1736 orditur
702 1715 778 1736 eam
803 1704 1044 1736 narrationem
1069 1716 1087 1736 a

93 1754 302 1799 pavoribus:
346 1752 472 1797 Coepit
496 1752 593 1786 lesus
619 1753 758 1794 dolere,
793 1761 827 1787 et
862 1752 1088 1788 vehementer

94 1805 176 1849 angi
197 1805 328 1845 animo,
357 1811 390 1837 et
408 1802 571 1838 Christus
588 1804 720 1849 inquit:
750 1804 880 1838 Tristis
899 1812 948 1839 est
969 1806 1088 1839 anima

96 1868 173 1889 mea
190 1867 302 1901 usque
320 1856 362 1889 ad
380 1861 528 1888 mortem
542 1882 551 1896 ‚

94 1914 173 1948 tur,
199 1914 231 1940 et
249 1913 345 1940 tanta
363 1913 411 1940 est
428 1906 540 1946 lucta,

94 2067 191 2095 tanta
209 2060 388 2093 moesticia
405 2059 444 2094 in
464 2059 539 2092 viro
564 2060 648 2094 forti
666 2060 835 2101 extiterit,
863 2073 942 2093 cum
962 2060 1090 2094 Socra-

95 2118 165 2152 tes,
191 2112 264 2144 imo
282 2111 461 2144 interdum
476 2110 580 2144 etiam
599 2111 737 2156 puellae
748 2138 756 2152 ‚
782 2118 822 2145 ut
837 2110 1002 2145 Herculis
1018 2112 1088 2145 filia

96 2163 190 2206 apud
210 2162 430 2206 Euripidem,
458 2161 623 2196 dicantur
640 2163 766 2196 maiori
783 2163 893 2196 animi
912 2163 1089 2209 tranquil-

95 2213 194 2247 litate
218 2220 367 2247 mortem
393 2212 522 2246 adiisse
555 2220 587 2247 et
618 2214 843 2255 sustinuisse,
881 2215 939 2247 sed
964 2212 1089 2248 Eccle-

95 2264 145 2298 sia
164 2265 291 2308 cogitet
310 2276 450 2305 causas,
478 2271 512 2298 et
528 2264 718 2298 discrimen
734 2266 857 2299 mortis
870 2263 1028 2306 Christi,
1055 2272 1088 2299 et

97 2316 251 2350 aliorum
274 2313 473 2350 hominum.
537 2314 736 2350 Commune
764 2323 815 2351 est
834 2314 901 2351 hoc
923 2317 1089 2351 omnibus

100 2364 325 2408 hominibus,
352 2379 431 2401 cum
450 2379 549 2401 mens
565 2367 746 2412 praevidet
765 2374 931 2409 mortem,
959 2375 997 2402 ut
1013 2369 1090 2402 ani-

97 2429 154 2451 ma
171 2425 204 2452 et
219 2431 279 2452 cor
298 2425 527 2462 expavescant
544 2419 718 2452 cruciatus
732 2425 764 2452 et
781 2426 940 2453 mortem.

101 2521 231 2554 servari
250 2528 282 2555 et
298 2522 488 2555 incolumis
506 2534 649 2556 manere
676 2521 783 2567 cupit.
835 2521 894 2556 Sic
913 2529 944 2556 et
962 2522 1090 2556 Socra-

99 2578 150 2605 tes
175 2580 208 2606 et
228 2571 350 2606 Cicero
372 2586 451 2607 vere
468 2574 610 2615 dolent,
647 2585 852 2619 quanquam
877 2573 995 2619 aliqua
1012 2586 1091 2608 mo-

100 2623 282 2657 deratione
298 2632 422 2668 regunt
438 2633 553 2670 gestus
573 2632 754 2664 externos,
790 2632 908 2659 tamen
933 2626 1091 2660 inclusus

102 2681 153 2708 est
171 2675 209 2708 in
224 2675 340 2709 anima
359 2684 393 2711 et
414 2677 452 2710 in
476 2678 581 2711 corde
603 2677 725 2718 dolor,

101 2726 198 2761 tione
215 2727 297 2762 satis
315 2728 464 2762 describi
483 2736 607 2775 potest.

598 137 897 175 ENARRATIO
927 139 978 174 IN
1006 137 1189 174 EVANG.
1220 135 1434 173 IOANNlS.
1487 134 1590 172 CAP.
1617 135 1753 171 XVIII.

780 378 847 412 Die
878 379 937 412 22.
976 389 1084 411 coena
1109 398 1111 428 3

1006 491 1084 514 esus
1109 482 1111 510 ἓ

931 531 1085 576 Fuitque
1109 541 1111 558 ἐ

91 599 197 623 verus
221 584 395 632 paschatis
421 584 570 619 Mosaici
592 584 667 616 dies
690 596 709 616 a
737 594 879 626 vespere
903 583 978 616 eius
1000 582 1084 621 diei,
1109 578 1111 589 ’

91 641 135 673 ad
153 638 410 683 postridianum
426 636 521 669 iuxta
538 635 713 668 rationem
724 633 934 667 Mosaicam.
964 633 1084 676 Quare
1109 656 1111 682 ,³

91 688 255 724 Christus
271 695 304 722 et
325 687 481 731 legitimo
506 686 564 719 die
587 685 740 719 comedit
763 696 913 728 agnum,
941 691 974 718 et
1000 696 1084 717 vero
1110 706 1111 728 ἢ

697 735 764 769 Die
792 736 852 772 25.
891 736 1084 768 crucifixio.
1110 777 1111 784 ἵ

568 1117 615 1152 Et
640 1129 842 1163 quanquam
868 1119 911 1150 de
939 1117 1084 1151 nomine
1110 1129 1111 1150 ι

91 1223 170 1256 dem
189 1222 462 1266 appellationem
479 1232 571 1259 esse,
601 1232 691 1265 quae
712 1227 762 1253 est
778 1220 815 1253 in
832 1221 953 1253 eadem
973 1218 1085 1253 histo—
1138 1195 1312 1252 pundnp'
1549 1243 1557 1250 .
1729 1242 1736 1249 .
2108 1241 2129 1248 ..

1110 1267 1111 1273 η
1137 1252 1365 1289 patrocinans
1382 1243 1578 1284 Absoloxu,
1615 1243 1674 1276 sed
1700 1242 1758 1275 hic
1783 1242 1886 1275 dolor
1910 1248 1941 1275 et
1958 1242 2049 1275 lucta
2067 1241 2129 1274 filu

304 1664 394 1697 quae
412 1659 605 1685 narrantur
621 1653 665 1685 ab
682 1652 760 1685 aliis
776 1650 1011 1696 Evangelistis
1029 1665 1087 1686 co-
1112 1676 1113 1680 ,

1113 2060 1114 2098 ἶ
1140 2062 1239 2095 aditu
1270 2060 1416 2099 mortis,
1459 2067 1613 2106 quantus
1636 2060 1673 2093 in
1698 2057 1853 2094 Christo.

1112 2139 1114 2165 3
1139 2113 1233 2157 ipse,
1269 2123 1348 2144 cum
1378 2110 1506 2145 habeat
1545 2123 1718 2144 summam
1745 2112 1915 2145 virtutum
1946 2109 2132 2153 perfectio-

1113 2568 1114 2572 Ἰ
1140 2523 1293 2563 tentius,

762 2677 823 2722 qui
850 2677 985 2711 nullius
1010 2689 1090 2711 ora-
1114 2701 1115 2704 κ

655 2726 708 2766 Et
722 2729 758 2762 in
783 2726 847 2762 bac
864 2735 1010 2763 naturae
1029 2730 1090 2763 de·
1114 2752 1118 2772 ἱ

2053 136 2129 171 894

1140 224 1346 269 pravatione
1377 236 1449 257 non
1474 224 1586 257 solum
1620 222 1793 257 naturalis
1819 222 1989 267 quaedam
2015 229 2066 255 est
2090 222 2129 255 in

1138 274 1310 309 Cicerone
1329 276 1409 318 suga
1430 275 1571 315 mortis,
1599 275 1658 308 sed
1686 274 1791 307 etiam
1818 273 1988 306 accedunt
2006 273 2125 306 vitiosi

1138 326 1300 367 affectus,
1329 333 1510 359 succenset
1525 324 1623 363 Deo,
1653 326 1822 365 miratur,
1849 336 1913 357 cur
1928 322 2012 357 haec
2029 336 2130 367 prae-

1138 384 1234 410 stans
1253 383 1378 410 natura
1397 377 1502 410 tantis
1522 377 1624 409 malis
1644 383 1789 409 onerata
1810 376 1873 416 sit,
1900 386 2001 418 aegre
2025 375 2130 408 amit-

1139 428 1180 461 tit
1200 427 1292 460 vitae
1309 427 1520 471 voluptates.
1573 426 1623 459 lta
1639 427 1677 459 in
1694 427 1773 460 aliis
1797 427 1856 460 alii
1879 427 2051 460 accedunt
2073 426 2131 459 in-

1138 478 1295 511 ordinati
1313 485 1441 513 motus.
1496 476 1543 511 At
1561 477 1598 510 in
1618 475 1762 511 Christo
1776 505 1785 517 ‚
1820 478 1883 511 etsi
1911 485 1960 511 est
1982 484 2129 511 natura-

1143 530 1187 562 lis
1205 530 1285 572 fuga
1304 529 1427 562 mortis
1444 536 1476 563 et
1493 528 1615 568 dolor,
1643 536 1759 562 tamen
1780 527 1864 561 haec
1881 540 1953 561 non
1972 535 2055 561 sunt
2072 528 2129 561 in-

1140 580 1316 615 ordinata.
1380 579 1505 613 Postea
1537 591 1620 612 vero
1659 586 1742 612 sunt
1774 579 1914 611 dolores
1946 577 2130 619 horrendi,

1139 643 1290 677 quorum
1315 630 1596 673 magnitudinem
1621 642 1685 663 nec
1711 628 1890 668 homines,
1930 642 1993 662 nec
2015 630 2131 673 angeli

1138 682 1204 716 ulli
1222 689 1367 726 possunt
1386 681 1516 727 eloqui,
1571 680 1645 714 Scit
1667 679 1831 714 Christus
1853 678 1966 713 Deum
1993 692 2073 713 vere
2098 688 2131 714 et

1140 732 1361 767 horribiliter
1378 733 1481 766 irasci
1501 732 1663 776 peccatis,
1693 739 1723 764 et
1742 729 1833 764 hanc
1852 731 1939 763 iram
1960 731 1995 763 in
2012 742 2046 763 se
2068 732 2131 764 de—

1138 785 1285 818 rivatam
1306 796 1387 819 esse.
1444 783 1533 817 lacet
1557 783 1666 827 igitur
1689 789 1885 826 prostratus
1911 794 2028 815 eoram
2045 780 2131 823 Deo,

1139 836 1262 869 dolens
1285 847 1320 868 se
1346 847 1444 869 reum
1477 846 1569 875 esse,
1612 847 1650 867 ac
1679 834 1709 867 si
1742 833 2016 867 contaminasset
2054 845 2130 867 sese

1110 885 1305 921 horribili
1341 886 1583 930 turpitudine,
1632 897 1703 932 qua
1740 884 1937 928 turpissimi
1980 884 2132 918 cultores

1110 939 1339 978 idolorum,
1387 935 1604 975 homicidae,
1651 936 1778 980 polluti
1812 935 2025 968 libidinibus
2057 942 2132 969 toto

1843 985 1913 1019 Pro
1938 984 1992 1019 his
2010 998 2130 1030 pecca-

1137 1098 1176 1125 ut
1194 1103 1330 1134 semper
1351 1098 1484 1135 partem
1503 1090 1575 1123 irae
1599 1091 1805 1134 deprecator
1831 1089 1868 1121 in
1893 1100 1966 1122 sese
1983 1088 2133 1129 derivat,

1138 1143 1202 1188 qui
1218 1143 1359 1176 videtur
1375 1143 1485 1175 malos
1502 1141 1703 1181 sublevare,
1731 1147 1763 1173 et
1787 1140 1906 1172 minus
1928 1139 2029 1172 irasci
2057 1147 2131 1173 tur-

1351 1201 1456 1238 quam
1482 1193 1644 1232 deberet,
1684 1192 1773 1224 sicut
1798 1190 1882 1224 [oab
1907 1190 2129 1234 vituperatur

1136 1294 1223 1335 Dei,
1249 1296 1354 1339 longe
1372 1301 1514 1338 superat
1538 1305 1661 1328 omnes
1684 1293 1845 1327 omnium
1867 1293 2073 1336 angelorum
2099 1300 2131 1325 et

92 1381 209 1418 gerat,
237 1380 361 1407 exutus
378 1374 446 1407 iam
464 1385 538 1406 non
555 1373 668 1406 solum
687 1384 815 1416 regno,
852 1374 911 1406 sed
939 1372 1000 1405 illa
1027 1383 1085 1405 ex·
1110 1373 1112 1404 1
1138 1344 1326 1380 hommum
1345 1353 1587 1389 cogltduones'

91 1425 232 1458 cellenti
250 1424 391 1457 virtutis
407 1423 529 1467 gloria,
556 1436 661 1469 quam
677 1421 866 1458 habuerat:
895 1424 954 1456 sed
973 1423 1085 1456 multo
1111 1443 1112 1447 =

1240 1422 1475 1455 Accesserunt
1492 1427 1523 1454 et
1546 1420 1636 1453 aliae
1654 1432 1776 1454 causae
1792 1419 1985 1454 tristissimi
2005 1420 2131 1459 luctus,

1138 1473 1231 1519 quod
1250 1473 1413 1505 videlicet
1432 1472 1522 1505 vidit
1538 1483 1635 1505 suam
1655 1479 1792 1515 gentem
1811 1471 2035 1505 interituram
2051 1481 2134 1512 esse,

1110 1551 1111 1555 ,
1138 1525 1221 1558 item
1240 1525 1336 1570 quod
1354 1523 1442 1556 vidit
1459 1523 1647 1556 maximam
1667 1529 1801 1567 partem
1826 1522 1964 1566 generis
1983 1519 2132 1555 humani

1140 1576 1311 1618 ingratam
1334 1575 1409 1608 fore
1433 1586 1497 1619 pro
1515 1572 1582 1608 hoc
1598 1574 1787 1615 beneficio,
1823 1580 1940 1607 tantae
1967 1573 2130 1606 multitu-

1139 1627 1233 1660 dinis
1256 1633 1437 1659 aeternum
1457 1626 1641 1659 interitum
1669 1625 1773 1659 etiam
1800 1625 1906 1665 vidit,
1941 1631 1973 1658 et
1995 1624 2131 1667 ingenti

1139 1677 1318 1711 moesticia
1345 1677 1552 1721 deploravit.
1613 1675 1710 1709 Haec
1737 1676 2021 1718 consideremus,
2049 1687 2128 1708 cum

1138 1727 1206 1762 hoc
1223 1729 1355 1762 dictum
1374 1728 1534 1771 legimus.
1571 1726 1697 1771 Coepit
1713 1728 1833 1760 dolere
1851 1734 1883 1760 et
1901 1727 1982 1770 angi
2001 1726 2132 1767 animo,

1140 1788 1173 1814 et
1205 1779 1335 1823 singuli
1372 1786 1493 1813 nostra
1524 1786 1661 1823 peccata
1693 1779 1844 1812 sciamus
1874 1778 1911 1810 in
1946 1775 2129 1811 Christum

586 1855 679 1889 inter
701 1853 766 1889 hos
795 1856 937 1889 dolores
964 1868 1087 1901 preca-
1112 1854 1114 1874 3
1139 1831 1307 1865 translata
1324 1842 1397 1864 esse
1425 1838 1457 1863 et
1479 1830 1615 1864 auxisse
1634 1829 1708 1863 eius
1724 1830 1876 1863 dolores.

573 1913 612 1940 ut
638 1913 809 1940 cruentus
834 1908 944 1940 sudor
969 1919 1088 1941 erum·

94 1966 173 2002 pat,
209 1957 362 1991 mittitur
394 1963 426 1990 et
449 1957 594 2000 angelus
617 1958 662 1990 ad
689 1970 768 1991 eum
794 1958 1090 1992 confirmandum.
1113 1956 1114 1961 ¹

93 2008 191 2043 Haec
208 2021 287 2043 cum
305 2009 426 2052 legunt
444 2005 607 2041 homines
623 2009 786 2053 profani,
814 2009 1002 2049 mirantur,
1027 2022 1090 2043 cur
1113 2008 1114 2023 ³

1243 1906 1357 1951 Supra
1387 1913 1503 1940 autem
1540 1894 1789 1951 respondimus
1826 1906 1869 1939 ad
1904 1904 2133 1943 obiectiones,

1140 1971 1228 2004 quae
1243 1958 1398 1991 breviter
1418 1955 1475 1991 hic
1494 1958 1683 2002 repetenda
1701 1964 1793 1993 sunt.
1846 1955 1965 1989 Prima
1989 1963 2057 1998 est,
2094 1956 2132 1989 in

1140 2009 1262 2043 multis
1277 2009 1357 2042 aliis
1374 2009 1459 2042 viris
1475 2016 1508 2042 et
1526 2009 1652 2053 puellis
1669 2021 1742 2042 non
1761 2008 1829 2042 fuit
1844 2014 1963 2041 tantus
1978 2007 2080 2040 dolor
2094 2007 2132 2040 in

1920 2057 1992 2093 Cur
2024 2058 2132 2101 igitur

1139 2175 1240 2202 nem,
1270 2163 1357 2195 adeo
1375 2163 1596 2206 expavescit?
1648 2161 1879 2207 Respondeo:
1908 2160 2014 2194 Nulla
2034 2173 2129 2194 crea-

1113 2230 1114 2252 :
1140 2222 1216 2248 tura
1239 2221 1352 2258 potest
1369 2215 1541 2248 sustinere
1559 2214 1841 2257 magnitudinem
1868 2213 1940 2246 irae
1959 2210 2044 2253 Dei,
2072 2220 2129 2246 tu-

1113 2261 1114 2313 f
1139 2266 1180 2300 lit
1206 2265 1315 2309 igitur
1337 2265 1429 2299 filius
1454 2265 1520 2299 Dei
1546 2278 1716 2310 poenam,

1113 2322 1114 2350 1
1140 2318 1218 2351 ideo
1238 2317 1276 2349 in
1295 2316 1489 2350 Laurentio
1508 2323 1541 2350 et
1555 2317 1632 2350 aliis
1653 2316 1766 2349 maior
1781 2315 1946 2349 alacritas
1962 2315 2132 2356 cernitur,

1140 2369 1221 2414 quia
1240 2379 1362 2402 causae
1380 2368 1589 2413 praecipuae
1605 2367 1738 2401 doloris
1754 2367 1792 2400 in
1811 2367 1860 2400 eis
1882 2378 1954 2399 non
1978 2373 2060 2399 sunt
2080 2373 2133 2400 ta-

995 2419 1089 2463 Quia
1113 2430 1114 2435 ¹

99 2475 224 2503 natura
254 2470 502 2504 universaliter
533 2471 621 2514 fugit
645 2470 919 2504 destructionem
945 2471 1018 2512 sui,
1051 2483 1090 2505 ac
1113 2496 1115 2500 ι

1757 2277 1801 2297 ne
1832 2263 1959 2298 caeteri
1983 2263 2132 2304 ferrent,

1139 2421 1210 2461 les,
1235 2426 1275 2453 ut
1292 2419 1330 2452 in
1345 2418 1500 2454 Christo.
1555 2418 1655 2452 Beati
1674 2430 1826 2464 quorum
1845 2424 1936 2452 tecta
1954 2424 2036 2451 sunt
2051 2429 2133 2462 pec-

1140 2479 1232 2512 cata,
1266 2471 1385 2517 inquit
1409 2470 1582 2505 Psalmus.
1644 2468 1708 2504 Est
1733 2470 1841 2513 igitur
1865 2469 2016 2502 alacrior
2038 2467 2134 2502 Lau-

1328 2523 1410 2568 quia
1434 2534 1512 2556 cum
1538 2522 1590 2554 ira
1615 2518 1681 2554 Dei
1706 2521 1864 2555 derivata
1892 2520 1936 2554 sit
1967 2520 2004 2552 in
2029 2518 2134 2554 Chri-

1140 2582 1252 2615 stum,
1280 2573 1475 2607 Laurentio
1493 2572 1668 2617 parcitur,
1697 2585 1741 2606 ne
1757 2585 1832 2606 eam
1853 2578 1984 2607 cernat.
2025 2568 2132 2604 Chri-

1141 2633 1215 2660 stus
1233 2627 1384 2659 luctatus
1403 2631 1452 2658 est
1469 2632 1502 2658 et
1519 2624 1586 2658 fuit
1601 2621 1756 2670 λύτρον,
1783 2631 1822 2658 ut
1841 2623 1944 2657 nobis
1962 2629 2134 2668 parcatur,

1141 2689 1249 2723 quare
1267 2676 1429 2710 Psalmus
1455 2676 1558 2710 dicit:
1599 2675 1636 2710 Si
1662 2676 1868 2722 iniquitates
1894 2673 2134 2709 observaveris

1143 2729 1311 2770 Domine,
1338 2728 1491 2762 Domine
1509 2727 1588 2773 quis
1607 2728 1805 2762 sustinebit.
