2415 2942
285 99 355 134 851

286 182 486 217 consolatio.
542 179 707 214 Fatemur
732 190 797 212 nos
826 178 991 220 indignos
1019 186 1052 213 et
1078 190 1154 213 reos
1188 190 1271 218 esse,

289 244 319 269 et
347 233 450 276 recipi
475 239 590 264 tamen
618 238 758 274 propter
785 229 1067 273 promissionem.
1123 229 1173 262 lta
1196 230 1269 263 Deo

291 286 428 317 l.unlem
470 281 637 315 Yeiitatis
674 281 889 320 tribuimus,
937 293 1042 325 quam
1069 278 1272 326 hypocritae

291 347 360 367 nou
387 333 548 366 tribuunt
576 333 627 372 ei,
670 333 727 364 sed
757 331 911 373 cogitant
936 343 970 365 se
996 332 1146 375 negligi,
1190 332 1271 377 quia

291 398 362 418 nou
380 384 462 417 satis
484 385 690 417 meritorum
709 382 872 416 afferunt.
928 382 985 415 Tu
1009 395 1089 415 vero
1109 383 1196 415 scias
1216 395 1271 415 ac-

292 436 486 469 cedendum
506 446 577 467 esse
597 435 639 467 ad
656 432 770 466 Deum
787 433 912 466 fiducia
929 433 1131 467 mediatoris
1143 460 1151 473 ,
1179 434 1272 466 iuxta

295 486 574 530 promissionem.
627 482 775 517 Etiamsi
795 484 899 517 affers
926 496 1050 527 magna
1077 491 1214 528 peccata
1243 490 1275 516 et

293 548 454 579 magnam
483 535 765 573 immunditiem,
819 535 985 569 exuberat
1021 542 1137 568 tamen
1165 534 1273 577 gratia

295 600 398 630 supra
423 586 610 626 delictum,
645 592 678 619 et
696 585 805 619 vincit
824 585 923 618 Deus
947 598 1068 626 verax,
1106 586 1164 630 qui
1193 597 1274 628 pro-

295 639 409 679 misit,
437 650 470 669 se
487 644 707 680 recepturum
727 648 790 669 nos
815 636 920 679 gratis
943 645 1085 679 propter
1107 636 1278 669 mediato-

295 702 379 723 rem.
435 688 589 732 [traque
608 687 778 720 sententia
797 688 839 719 de
857 687 1074 719 confessione
1096 693 1127 719 et
1153 698 1278 719 conso—

299 741 427 772 latione
458 739 493 771 fit
523 739 668 772 illustris
697 738 732 769 iu
765 737 881 771 verbis
917 737 1101 770 doloribus
1136 744 1169 770 et
1197 748 1276 769 vera

299 790 524 835 poenitentia.

300 871 344 906 si
359 877 476 906 aulem
495 870 684 904 iniusticia
699 875 828 905 nostra
849 869 1073 905 commendat
1094 871 1279 906 iusticiam

579 920 674 963 Dei,
701 920 793 969 quid
816 919 1000 956 dt'cemus?

401 990 608 1035 Sequuntur
633 991 720 1023 aliae
746 990 979 1031 obiectiones,
1021 1002 1169 1035 quarum
1197 987 1281 1023 haec

301 1048 351 1075 est
383 1042 578 1074 sententia:
625 1040 714 1074 Cum
751 1041 901 1074 audiunt
933 1039 1118 1081 homines,
1159 1048 1278 1074 nostra

284 1104 405 1136 ,opera
432 1100 465 1125 et
490 1091 579 1125 hanc
599 1092 879 1136 qualemcunque
902 1093 1120 1134 diligentiam
1139 1092 1280 1135 regendi

302 1155 433 1183 mores,
461 1155 532 1175 non
558 1143 682 1175 mereri
702 1143 943 1175 remissionem
961 1150 1201 1187 peccatorum,
1222 1143 1280 1176 sed

302 1194 406 1237 gratis
431 1194 561 1226 remitti
585 1201 742 1237 peccata,
776 1205 840 1226 nec
859 1194 973 1226 solum
994 1194 1186 1236 frugalem,
1222 1195 1281 1227 sed

302 1245 404 1279 etiam
429 1245 539 1277 filium
568 1246 754 1287 prodigum
778 1244 904 1288 recipi,
930 1245 1103 1277 obiiciunt
1121 1242 1204 1277 haec
1221 1246 1283 1277 ab-

303 1297 428 1329 surda:
471 1295 507 1328 Si
532 1293 588 1327 hic
611 1306 756 1336 magnus
789 1302 821 1328 et
853 1295 967 1337 gravis
1003 1295 1103 1328 labor
1133 1295 1276 1338 regendi

304 1358 418 1379 mores
443 1357 513 1377 nou
540 1353 691 1378 meretur
710 1345 969 1384 remissionem,
998 1346 1152 1378 laxemus
1169 1347 1283 1388 potius

305 1398 423 1429 frenos
439 1396 711 1438 cupiditatibus,
743 1397 945 1439 praesertim
967 1396 993 1428 si
1020 1396 1129 1439 gloria
1147 1396 1284 1428 miseri-

307 1447 445 1481 cordiae
461 1447 496 1479 fit
516 1447 696 1479 illustrior.
752 1446 844 1489 Quia
865 1447 989 1489 polluti
1012 1447 1146 1488 maguis
1165 1458 1283 1489 pecca-

307 1500 350 1530 tis
375 1497 614 1540 recipiuntur,
641 1504 675 1529 ut
695 1498 848 1530 ostendit
871 1497 1022 1541 receptio
1048 1498 1109 1529 filii
1135 1497 1284 1540 prodigi.

308 1549 401 1581 Haec
426 1548 570 1591 profana
600 1547 750 1580 obiectio
776 1560 846 1580 uon
874 1554 957 1580 tunc
983 1548 1097 1580 solum
1126 1560 1284 1591 oppone-

306 1601 410 1632 batur
429 1599 608 1631 doctrinae
623 1600 665 1631 de
685 1597 828 1636 Gratia,
856 1599 915 1630 sed
932 1598 1098 1631 omnibus
1115 1598 1283 1641 tempori—

307 1652 372 1683 bus
396 1647 479 1682 haec
498 1655 701 1691 argumenta
725 1649 868 1683 turbant
894 1646 1082 1681 humanam
1103 1648 1286 1682 rationem.

307 1699 353 1734 Et
373 1701 565 1733 dolendum
584 1709 651 1740 est,
670 1700 782 1733 bonos
801 1699 904 1733 etiam
925 1700 998 1732 fieri
1017 1700 1287 1742 negligentiores

311 1753 345 1784 iu
371 1751 491 1794 seipsis
511 1750 709 1791 frenandis,
746 1763 826 1784 cum
848 1750 970 1794 opinio
992 1751 1108 1784 meriti
1130 1751 1283 1783 detracta

310 1809 358 1835 est
384 1802 435 1834 illi
459 1802 671 1844 diligentiae.

412 1852 501 1885 Cum
522 1859 636 1885 autem
654 1850 718 1884 hae
738 1852 902 1895 profanae
921 1851 1134 1885 obiectiones
1153 1857 1287 1884 tantum

311 1905 380 1937 sint
397 1903 611 1941 calumniae,
637 1909 669 1935 et
688 1903 733 1946 pii
751 1903 882 1942 sciant,
909 1914 981 1936 non
1006 1910 1187 1945 propterea
1206 1914 1289 1934 con-

312 1955 387 1987 cedi
420 1954 596 1986 licentiam
631 1954 814 1996 peccandi,
857 1954 1033 1997 abrumpit
1068 1953 1197 1985 Paulus
1229 1951 1291 1984 has

309 2005 551 2049 quaestiones,
579 2005 736 2047 opposita
756 2004 854 2036 brevi
875 2011 907 2037 et
924 2005 1012 2037 tristi
1030 2004 1290 2046 obiurgatione:

316 2058 477 2098 Quorum
496 2055 743 2088 condemnatio
762 2055 851 2087 iusta
875 2062 941 2095 est,
970 2055 1131 2088 videlicet
1160 2066 1292 2092 eorum,

316 2107 376 2149 qui
407 2106 535 2139 talibus
566 2106 748 2138 calumniis
780 2106 985 2138 immensam
1015 2105 1290 2138 misericordiam

317 2157 383 2190 Dei
410 2158 598 2189 obscurant
621 2164 683 2189 etc.
737 2157 830 2189 Infra
850 2163 963 2188 autem
990 2168 1063 2199 cap.
1081 2156 1114 2190 6,
1148 2167 1292 2198 respon·

318 2209 414 2240 debit
430 2209 470 2239 ad
492 2205 581 2239 hanc
597 2207 843 2240 obiectionem.
883 2207 1018 2239 luterea
1037 2207 1118 2239 satis
1136 2214 1185 2240 est
1201 2207 1294 2245 sciri,

319 2271 391 2291 non
420 2258 563 2290 concedi
589 2258 766 2290 licentiam
794 2258 976 2300 peccandi,
1010 2259 1067 2290 sed
1087 2257 1199 2290 Deum
1217 2269 1297 2289 vere

322 2316 354 2341 et
376 2307 594 2341 horribiliter
617 2309 717 2341 irasci
745 2309 901 2351 peccatis.
956 2307 1037 2341 ldeo
1057 2315 1170 2341 autem
1190 2308 1297 2351 recipi

323 2371 386 2391 nos
403 2359 527 2401 gratis,
560 2367 597 2392 ut
621 2360 778 2392 deleatur
800 2366 996 2402 peccatum,
1025 2371 1096 2391 non
1116 2366 1153 2392 ut
1170 2359 1297 2392 confir-

324 2416 451 2441 metur.
504 2408 598 2442 Haec
613 2410 703 2442 infra
721 2410 896 2453 copiosius
912 2417 1144 2452 exponentur.
1197 2409 1300 2443 Nunc

326 2459 417 2493 redit
434 2459 562 2493 Paulus
580 2461 620 2492 ad
639 2461 833 2505 priricipale
851 2461 1064 2494 institutum.

592 2542 695 2589 Quid
711 2544 825 2589 igilur
839 2544 1037 2591 praecellit.

431 2610 550 2644 Altera
574 2617 607 2644 et
629 2612 833 2656 principalis
857 2613 1038 2655 responsio
1060 2612 1219 2654 negativa
1244 2619 1304 2653 est,

330 2661 449 2695 Iudaei
483 2673 554 2694 non
587 2668 767 2695 merentur
801 2663 1038 2696 remissionem
1082 2669 1302 2708 peccatorum

908 92 1033 130 PHIL.
1062 91 1178 128 MEL.
1202 91 1410 128 SCRIPTA
1440 90 1737 130 EXEGETICA.

2229 95 2304 135 852

1325 179 1395 212 suis
1423 178 1608 222 operibus,
1649 191 1712 213 nec
1745 186 1825 213 sunt
1853 180 1933 215 iusti
1964 193 2081 216 coram
2111 184 2200 222 Deo,
2244 195 2308 216 nec

1325 230 1462 274 placent
1486 229 1561 263 Deo
1585 237 1727 274 propter
1750 242 1812 264 sua
1834 242 1950 274 opera.
2002 231 2048 267 Et
2065 234 2206 267 additur
2225 233 2308 267 uni-

1326 281 1468 313 versalis
1493 281 1708 324 propositio,
1751 281 1894 314 collecta
1921 293 1962 315 ex
1995 284 2131 318 duabus
2165 296 2307 328 praece-

1325 332 1508 366 dentibus:
1538 330 1674 365 Omnes
1695 329 1854 364 homines
1872 332 1908 364 in
1927 330 1990 365 hac
2010 340 2156 367 naturae
2180 336 2307 379 depra-

1327 383 1466 416 vatione
1491 383 1685 415 secundum
1711 389 1873 416 naturam
1899 390 1981 416 sunt
1998 383 2063 416 sub
2083 392 2240 427 peccato,
2269 385 2305 418 id

1327 440 1394 473 est,
1424 440 1503 466 sunt
1527 433 1574 466 rei
1602 434 1673 466 irae
1697 433 1760 466 Dei
1787 440 1820 466 et
1847 444 1978 477 poenae
2004 440 2181 474 aeternae,
2206 442 2239 468 et
2260 436 2307 470 ita

1328 484 1465 527 captivi,
1484 490 1521 517 ut
1539 496 1610 516 non
1630 484 1765 528 possint
1780 484 1823 516 ab
1841 496 1880 516 eo
1899 483 2042 516 liberari
2061 484 2214 528 propriis
2233 496 2309 518 me-

1329 535 1422 572 ritis,
1457 546 1516 567 seu
1538 536 1785 568 observatione
1811 535 1907 577 legis.
1973 533 2225 577 Cognoscenda
2259 541 2310 568 est

1330 584 1422 617 enim
1449 583 1606 627 phrasis:
1649 585 1724 619 Sub
1750 593 1889 629 peccato
1916 596 2008 625 esse,
2051 592 2100 619 est
2129 586 2309 630 captivum

1330 635 1459 679 peccati
1484 647 1566 670 esse.
1623 634 1673 669 Ac
1698 636 1857 680 loquitur
1884 637 1926 668 de
1951 636 2134 677 omnibus,
2169 643 2311 680 excepto

1330 685 1484 718 Domino
1509 693 1630 720 nostro
1658 686 1735 720 lesu
1759 685 1915 720 Christo.
1967 684 2020 719 De
2044 687 2122 720 aliis
2144 688 2310 720 omnibus

1331 737 1504 780 loquitur,
1538 748 1577 770 ac
1602 737 1645 770 de
1675 738 1803 771 sanctis
1829 738 1931 772 etiam
1947 763 1954 777 ‚
1992 744 2164 782 quatenus
2187 744 2312 772 natura

1332 799 1451 819 eorum
1476 788 1734 828 consideratur,
1761 801 1823 822 nec
1849 788 2099 831 intelliguntur
2121 800 2184 833 per
2206 788 2310 822 mise-

1332 838 1520 870 ricordiam
1539 838 1765 871 reconciliati.

1433 887 1580 932 Semper
1601 895 1716 921 autem
1744 886 1828 922 haec
1860 889 2063 934 exaequatio
2097 900 2163 922 nos
2190 890 2314 923 admo-

1334 945 1430 977 neat,
1459 939 1611 972 accusari
1631 941 1800 983 superbos
1815 945 1848 972 et
1866 940 2107 983 perterrefieri.
2159 937 2314 974 Econ‘tra

1334 1002 1416 1022 vero
1443 990 1718 1022 consolationem
1747 990 1896 1034 proponi
1923 990 2196 1034 perterrefactis,
2231 990 2315 1035 quia

1334 1040 1548 1083 conspicitur
1576 1041 1772 1083 amplitudo
1800 1041 2082 1079 misericordiae,
2117 1053 2196 1074 curn
2221 1041 2316 1074 affir-

1336 1089 1506 1124 mathaee
1524 1091 1664 1129 concio,
1693 1103 1774 1124 vere
1800 1091 1907 1134 recipi
1934 1103 1997 1124 nos
2016 1092 2140 1134 gratis,
2175 1098 2319 1135 propter

1337 1142 1588 1182 mediatorem,
1630 1154 1831 1187 quanquam
1855 1141 1995 1185 indigni
2019 1142 2145 1183 simus,
2179 1149 2212 1176 et
2240 1142 2319 1186 pol-

1335 1193 1400 1226 luti
1428 1193 1585 1236 peccatiS.
2347 1226 2351 1228 ,

1436 1242 1632 1277 Confirmat
1657 1249 1771 1276 autem
1790 1243 2069 1290 propositionem
2091 1242 2203 1276 citatis
2223 1243 2319 1277 testi-

1336 1294 1475 1334 moniis,
1494 1295 1529 1326 iu
1550 1294 1679 1339 quibus
1697 1302 1905 1328 accusantur
1925 1305 1998 1326 non
2018 1300 2155 1327 tantum
2175 1300 2317 1326 externa

1337 1345 1480 1384 delicta,
1508 1348 1566 1377 sed
1587 1345 1689 1377 etiam
1714 1345 1893 1379 interiora.
1943 1343 2025 1377 Non
2044 1351 2095 1378 est
2118 1344 2317 1386 intelligens

1338 1407 1399 1428 nec
1425 1395 1606 1439 requirens
1624 1394 1757 1434 Deum,
1784 1395 1819 1427 id
1840 1401 1908 1434 est,
1935 1395 2039 1427 corda
2057 1395 2093 1427 in
2117 1391 2180 1427 hac
2200 1395 2318 1437 pravi-

1338 1452 1406 1478 tate
1424 1452 1568 1479 naturae
1594 1446 1696 1487 plena
1717 1452 1799 1478 sunt
1816 1444 1975 1487 caliginis
2001 1451 2034 1477 et
2054 1444 2316 1477 dubitationum

1339 1497 1380 1529 (le
1399 1495 1491 1534 Deo,
1530 1496 1625 1538 Quid
1645 1497 1706 1534 sit,
1733 1496 1923 1538 Quomodo
1941 1495 2024 1528 velit
2042 1494 2208 1538 agnosci?
2259 1493 2317 1527 An

1339 1553 1452 1587 curet,
1479 1546 1536 1580 An
1561 1547 1721 1579 exaudiat
1746 1546 1832 1578 nos?
1883 1545 1963 1578 Non
1982 1557 2062 1578 vere
2079 1546 2202 1578 timent
2229 1545 2318 1577 iram

1339 1604 1371 1629 et
1397 1597 1588 1634 iudicium,
1633 1604 1712 1630 sunt
1737 1597 1839 1638 plena
1865 1595 2101 1636 diffidentiae,
2145 1601 2320 1639 quaerunt

1341 1647 1512 1689 praesidia
1541 1645 1693 1680 humana
1722 1646 1797 1679 sine
1820 1645 1964 1687 ordine,
1999 1657 2072 1679 sese
2098 1652 2217 1679 amant
2242 1645 2320 1689 plus

1341 1710 1444 1742 quam
1468 1696 1581 1730 Deum
1608 1704 1670 1730 etc.

1445 1747 1719 1780 lnnumirabiles
1737 1745 1898 1780 homines
1917 1744 2082 1780 horribili
2100 1746 2244 1780 audacia
2264 1746 2322 1779 lu-

1342 1800 1426 1832 dum
1446 1799 1667 1841 ingeniorum
1688 1811 1759 1831 esse
1784 1804 1925 1842 putant,
1952 1798 2093 1840 gignere
2117 1808 2195 1829 suas
2218 1808 2322 1841 quas-

1343 1852 1422 1883 dam
1444 1850 1626 1893 opiniones
1644 1850 1686 1882 de
1705 1849 1778 1881 Deo
1792 1875 1800 1888 ,
1826 1856 1865 1881 ut
1882 1848 1977 1880 aliud
2006 1847 2179 1889 fingebant
2200 1847 2321 1887 Stoici,

1344 1902 1437 1934 aliud
1470 1901 1660 1940 ldolatrae,
1687 1900 1782 1932 aliud
1807 1898 1994 1933 Haeretici.
2047 1896 2210 1940 Denique
2232 1909 2322 1930 sem—

1345 1964 1406 1996 per
1425 1951 1509 1992 suit,
1537 1958 1586 1983 est
1603 1958 1634 1983 et
1652 1951 1716 1983 erit
1734 1948 1916 1982 horribilis
1934 1947 2092 1981 confusio
2112 1948 2321 1991 opinionum

1346 2005 1388 2035 de
1405 2003 1492 2036 Deo.
1546 2000 1618 2034 Has
1636 2001 1798 2034 tenebras
1815 2000 1850 2032 iu
1871 2005 1994 2032 natura
2011 1996 2196 2031 hominum
2222 2010 2323 2042 saepe

1347 2060 1378 2086 et
1395 2053 1580 2086 iustissime
1596 2058 1733 2085 accusat
1748 2063 1812 2084 vox
1833 2050 1970 2090 divina,
1996 2049 2037 2082 de
2054 2049 2181 2094 quihus
2195 2055 2227 2082 et
2242 2046 2325 2082 haec

1348 2105 1437 2137 dicta
1455 2103 1729 2142 concionantur,
1765 2102 1801 2134 in
1828 2101 1956 2146 quibus
1975 2111 2098 2143 magna
2123 2106 2172 2133 est
2198 2101 2324 2132 verbo-

1349 2167 1426 2187 rum
1451 2154 1629 2187 atrocitas:
1660 2153 1804 2195 Linguis
1823 2152 1894 2185 suis
1916 2151 2036 2184 dolose
2060 2151 2225 2194 agebant,
2254 2148 2322 2181 Ve—

1349 2217 1480 2238 nenum
1499 2205 1658 2247 aspidum
1680 2205 1744 2237 sub
1768 2203 1868 2235 labiis
1887 2214 2022 2235 eorum.

1451 2255 1724 2297 Diligentissime
1740 2261 1854 2287 autem
1872 2251 2127 2285 observandum
2144 2256 2203 2288 est,
2230 2250 2324 2293 quod

1353 2307 1477 2350 repetit
1494 2307 1726 2338 universalem
1753 2303 2045 2352 propositionem,
2069 2300 2197 2342 insigni
2216 2299 2324 2342 figura

1354 2365 1384 2390 et
1402 2358 1588 2389 verborum
1608 2354 1781 2400 emphasi,
1815 2362 1852 2388 ut
1870 2364 1972 2387 omne
1995 2363 2032 2384 os
2055 2351 2256 2391 obturetur,
2293 2357 2325 2383 et

1354 2420 1432 2441 reus
1458 2408 1501 2441 sit
1528 2415 1620 2440 totus
1644 2408 1797 2439 mundus
1822 2404 1908 2438 Deo.
1962 2401 2063 2435 Hanc
2092 2401 2325 2434 universalem

1356 2459 1629 2503 propositionem
1651 2458 1833 2500 infigamus
1856 2454 2000 2491 animis,
2029 2458 2062 2486 et
2084 2458 2121 2484 ut
2147 2463 2210 2484 nos
2234 2452 2327 2496 ipsos

1356 2522 1432 2543 reos
1458 2521 1528 2542 esse
1552 2519 1793 2552 agnoscamUS‚
1820 2513 1851 2539 et
1871 2512 1910 2538 ut
1935 2514 2152 2547 opponamus
2170 2514 2243 2535 eam
2262 2501 2326 2535 Pe-

1359 2561 1505 2603 lagianis'
1528 2567 1559 2593 et
1583 2552 1783 2597 monachis,
1815 2564 1846 2589 et
1873 2556 2063 2593 similibus,
2097 2553 2327 2595 fingentibus,

1358 2609 1536 2644 hominem
1554 2610 1678 2643 mereri
1701 2608 1940 2641 remissionem
1965 2605 2036 2638 suis
2056 2604 2240 2648 operibus,
2268 2610 2328 2636 aut

1358 2663 1487 2696 iustum
1503 2672 1574 2695 esse
1593 2659 1743 2704 propriis
1761 2657 1904 2692 meritis,
1959 2657 2197 2699 Agnoscamus
2215 2654 2329 2694 etiam,
