2415 2942
288 114 363 150 943

872 103 995 138 PlllL.
1025 101 1141 138 MEL.
1179 100 1389 138 SCRIPTA
1411 99 1710 138 EXEGETICA.

2235 101 2310 138 944

292 209 324 233 et
366 197 493 231 habeat
533 200 648 227 motus
692 195 924 234 congruentes
967 201 1046 223 cum
1080 187 1178 230 Deo,
1219 200 1279 223 seu
1333 194 1414 222 sunt
1440 194 1557 222 motus
1581 187 1660 232 isti,
1690 185 1796 222 timor
1820 185 1907 230 Dei,
1931 187 2094 231 dilectio,
2120 188 2255 224 laetitia
2277 188 2316 222 in

294 253 367 294 lege
396 247 475 281 Dei.

397 304 491 337 Haec
517 303 576 335 lux
602 307 718 335 tamen
748 307 782 334 et
812 297 851 333 hi
883 304 998 332 motus
1025 297 1137 332 divini
1169 297 1280 341 impe-

297 359 444 392 diuntur
461 367 478 386 a
497 360 615 386 nostra
639 352 773 385 carnali
799 357 941 389 natura,
976 349 1014 381 in
1037 360 1105 394 qua
1131 348 1281 382 multum

297 405 456 450 caliginis
475 411 543 443 est,
569 410 602 436 et
619 402 876 436 contrariorum
896 406 1076 438 motuum,
1103 399 1192 432 sicut
1210 399 1281 431 mi-

298 470 364 493 nus
383 455 538 499 conspici
556 460 667 498 potest
686 454 806 487 lumen
826 452 862 484 in
884 451 1018 484 laterna
1041 449 1258 484 obscuriore.

400 523 473 556 Has
497 521 628 567 peccati
650 520 816 565 reliquias
842 518 918 553 vult
943 518 1083 562 agnosci
1107 524 1138 550 et
1162 517 1283 561 deplo-

299 576 370 611 rari
397 574 511 612 Deus,
553 583 625 604 non
652 572 727 604 vult
752 569 953 612 extenuari,
998 569 1088 602 sicut
1119 565 1284 600 monachi

301 629 595 663 extenuaverunt,
622 623 682 667 qui
698 622 886 660 dixerunt,
914 618 1069 653 Renatos
1086 619 1195 652 iustos
1212 629 1285 651 esse

301 677 366 711 hac
389 687 449 709 sua
474 685 564 706 nova
590 672 808 712 obedientia,
842 677 875 704 et
897 670 1079 709 dixerunt,
1108 680 1179 701 esse
1201 668 1285 711 legis

302 726 542 772 impletionem
555 751 563 763 ‚
589 730 620 756 et
639 722 722 756 haec
739 723 784 755 ita
801 726 1116 763 exaggeraverunt,
1133 725 1171 752 ut
1188 719 1286 752 dixe-

302 780 395 820 rint,
413 776 472 809 illa
490 786 594 818 opera
619 785 690 807 esse
709 774 832 805 merita
854 771 944 804 vitae
962 776 1123 804 aeternae
1140 770 1182 803 de
1200 781 1284 803 con-

303 830 423 873 digno.

404 886 583 919 Adversus
599 881 663 916 hos
678 893 812 916 errores
826 882 976 916 tenenda
992 887 1073 914 sunt
1088 878 1173 913 haec
1190 878 1286 913 testi-

305 937 425 973 monia
457 935 584 979 passim
618 934 748 968 tradita
782 933 818 965 in
851 932 988 976 scriptis
1011 930 1224 976 propheticis
1251 936 1284 963 et

306 987 525 1034 apostolicis,
553 997 640 1030 quae
657 985 849 1017 ostendunt
871 983 908 1016 in
932 982 1062 1016 renatis
1079 982 1115 1015 in
1133 980 1197 1014 hac
1216 981 1284 1013 vita

306 1049 467 1082 magnam
493 1036 675 1079 caliginem
702 1041 735 1068 et
761 1033 997 1067 dubitationes
1019 1033 1172 1077 reliquas
1203 1042 1287 1071 esse,

308 1097 342 1124 et
365 1089 470 1122 corda
492 1099 564 1120 non
587 1087 636 1119 sic
666 1086 787 1118 ardere
819 1084 1006 1118 dilectione
1037 1091 1069 1116 et
1096 1082 1226 1116 laetitia
1249 1081 1286 1114 in

308 1139 402 1180 Deo,
429 1138 641 1182 gratitudine
658 1147 735 1178 erga
753 1147 831 1168 eum
849 1142 881 1169 et
901 1134 1088 1178 patientia,
1110 1133 1200 1166 sicut
1225 1133 1287 1165 de-

309 1192 458 1228 hebant,
484 1196 517 1221 et
540 1186 623 1220 haec
648 1187 738 1219 mala
763 1197 834 1219 esse
859 1191 1016 1229 peccata,
1043 1185 1077 1217 id
1100 1190 1170 1224 est,
1196 1183 1287 1216 mala

312 1240 501 1286 pugnantia
525 1250 601 1271 cum
628 1238 720 1280 lege,
755 1244 902 1281 propter
922 1247 1009 1280 quae
1031 1233 1137 1268 homo
1161 1234 1289 1277 dignus

313 1298 400 1324 esset
423 1289 542 1334 poenis
567 1288 734 1327 aeternis,
769 1287 797 1319 si
821 1298 894 1319 non
920 1286 1183 1319 remitterentur
1207 1296 1288 1328 pro-

311 1350 390 1387 pter
417 1340 644 1373 mediatorem
673 1337 840 1370 credenti.
893 1335 975 1369 Ideo
1003 1343 1036 1369 et
1068 1334 1200 1368 Moises
1234 1335 1291 1367 in-

313 1393 403 1438 quit:
437 1390 564 1424 Coram
593 1396 624 1422 te
651 1388 820 1420 innocens
844 1398 914 1419 non
939 1392 988 1418 est
1011 1386 1191 1419 innocens.
1243 1383 1291 1418 Et

314 1443 378 1477 lob
394 1454 464 1485 cap.
481 1440 535 1473 9.:
576 1439 664 1472 Vere
686 1439 756 1472 scio
777 1438 870 1483 quod
890 1448 961 1469 non
980 1443 1030 1470 est
1048 1434 1154 1468 homo
1180 1436 1292 1468 iustus

314 1504 431 1527 coram
459 1490 552 1530 Deo,
598 1489 746 1527 scilicet,
786 1488 928 1532 propria
964 1487 1049 1530 legis
1076 1485 1291 1529 impletione.

314 1543 359 1577 Et
393 1552 512 1575 rursus
548 1541 670 1573 eodem
705 1550 795 1582 cap.:
838 1537 963 1570 Timeo
999 1547 1119 1570 omnes
1154 1536 1294 1568 dolores

313 1605 428 1632 meos,
456 1591 536 1636 quia
561 1590 649 1628 scio,
677 1589 770 1633 quod
796 1599 868 1620 non
893 1587 1032 1620 invenis
1059 1587 1294 1619 innocentem.

314 1642 361 1678 Et
390 1644 425 1676 in
453 1642 609 1675 Psalmo:
663 1639 746 1673 Non
774 1638 1018 1671 iustificabitur
1044 1637 1081 1669 in
1107 1642 1295 1679 conspectu

1330 237 1405 272 Deo
1427 245 1491 274 etc.

1433 288 1543 322 Addit
1577 294 1693 322 autem
1716 287 1848 322 Paulus
1878 289 2097 332 splendidam
2121 288 2314 325 antithesin

1335 339 1543 373 illustratam
1563 339 1681 383 figuris
1697 350 1715 372 a
1730 339 1857 372 militia
1876 340 2016 374 sumtis:
2046 340 2192 374 invenio
2209 341 2314 375 aliam

1333 391 1442 432 legem
1461 390 1499 423 in
1515 389 1681 423 membris
1697 389 1803 430 meis,
1828 390 2039 423 militantem
2064 398 2183 425 contra
2203 392 2314 435 legem

1334 441 1461 474 mentis
1477 452 1592 483 meae,
1617 447 1650 474 et
1668 440 1864 484 rapientem
1884 452 1940 473 me
1958 441 2133 485 captivum
2151 441 2217 483 legi
2236 453 2316 485 pec-

1335 491 1420 531 cati,
1446 503 1533 536 quae
1550 498 1600 524 est
1618 491 1655 523 in
1678 490 1846 524 membris
1861 491 1958 524 meis.
2015 490 2196 525 vocabulo
2217 489 2317 534 Legis

1335 542 1541 585 generaliter
1562 539 1619 574 hic
1642 541 1861 584 intelligatur
1885 542 2115 584 gubernatio,
2145 541 2244 586 quasi
2261 541 2318 574 di-

1336 598 1403 624 cat:
1435 593 1543 625 Aliud
1575 598 1624 625 est
1654 593 1855 635 gubernans
1881 592 2088 625 interiorem
2119 590 2319 632 hominem,

1336 642 1466 676 scilicet
1506 643 1652 675 verbum
1684 648 1717 676 et
1747 642 1902 686 Spiritus
1938 649 2095 676 sanctus:
2140 642 2236 675 aliud
2268 647 2320 675 est

1337 693 1535 736 gubernans
1574 693 1748 725 carnalem
1790 701 1951 726 naturam
1967 718 1978 732 ,
2027 693 2158 726 scilicet
2198 703 2320 726 coccae

1337 743 1573 777 dubitationes
1604 750 1637 776 et
1671 743 1822 787 impetus
1853 743 1965 776 aversi
1991 754 2010 777 a
2029 742 2126 784 Deo,
2164 749 2321 776 errantes

1337 794 1497 826 flammae
1520 793 1775 837 cupiditatum,
1817 793 2034 837 impatientia
2064 794 2102 827 in
2128 805 2230 827 cruce
2255 799 2321 828 etc.

1338 843 1433 877 Haec
1450 845 1553 884 mala,
1581 844 1709 888 inquit,
1735 851 1816 878 sunt
1831 844 1867 876 in
1885 844 2051 878 membris
2068 844 2173 885 meis,
2199 851 2232 878 et
2247 855 2320 877 non

1339 902 1420 928 sunt
1437 895 1529 927 leves
1548 894 1686 934 morbi,
1712 896 1770 927 sed
1788 894 1934 927 adsidua
1959 895 2090 930 militia
2108 895 2322 939 impediunt,

1342 945 1604 988 languefaciunt
1631 951 1664 978 et
1687 951 1848 978 accusant
1871 956 1938 981 me,

1695 1068 1832 1122 Caput
1857 1069 1898 1109 V
1900 1070 1975 1111 111.

1339 1151 1463 1190 Nulla
1490 1151 1606 1199 igitur·
1629 1163 1724 1186 nunc
1751 1149 2004 1186 condemnatio
2029 1156 2079 1186 es!
2101 1152 2167 1195 iis,
2197 1153 2262 1202 qui
2285 1153 2323 1188 1‘n

1544 1199 1698 1238 Christo
1723 1200 1809 1236 Iesu
1835 1201 2031 1236 ambulant
2055 1207 2116 1240 εἰσ.

1442 1302 1586 1337 Dictum
1611 1311 1661 1338 est
1686 1315 1809 1347 supra,
1850 1303 2046 1339 institutam
2068 1315 2140 1338 esse
2166 1305 2324 1338 collatio·

1340 1366 1420 1387 nem
1429 1353 1581 1394 Peccati,
1607 1353 1709 1397 Legis
1726 1361 1758 1388 et
1771 1354 1926 1390 Gratiae.
1975 1354 2078 1388 Nunc
2095 1355 2186 1388 redit
2203 1356 2244 1388 ad
2263 1357 2325 1389 de-

1341 1404 1565 1447 scriptionem
1584 1405 1732 1447 gratiae‚
1755 1412 1787 1438 et
1803 1412 1853 1438 est
1871 1405 2067 1438 consolatio
2086 1406 2203 1438 addita
2221 1417 2323 1449 snpe—

1343 1455 1429 1488 riori
1458 1454 1630 1499 querelae.
1689 1453 1777 1487 Cum
1803 1455 1895 1487 enim
1919 1462 2019 1487 antea
2051 1454 2176 1487 dixerit
2208 1453 2323 1488 adhuc

1342 1503 1487 1538 haerere
1507 1511 1685 1548 peccatum
1711 1505 1748 1536 in
1774 1505 1903 1538 sanctis
1924 1505 1960 1537 in
1987 1502 2050 1538 hac
2068 1505 2149 1540 vita.
2203 1505 2323 1547 Quae-

1344 1556 1409 1587 stio
1427 1561 1477 1588 est
1494 1554 1691 1587 communis
1711 1555 1870 1588 omnium
1893 1561 2111 1594 sanctorum,
2144 1556 2322 1598 quomodo

1344 1606 1414 1638 sint
1436 1605 1543 1638 iusti?
1595 1603 1634 1637 ld
1655 1610 1723 1644 est,
1749 1604 1827 1637 Deo
1850 1604 1981 1648 accepti
2001 1612 2034 1638 et
2051 1602 2216 1637 haeredes
2234 1605 2324 1638 vitae

1345 1662 1523 1695 externae,
1551 1665 1629 1687 cum
1658 1652 1773 1687 adhuc
1798 1654 1949 1688 sentiant
1967 1661 2121 1698 peccata,
2155 1666 2234 1688 suas
2257 1656 2324 1689 du-

316 1702 377 1728 mo
395 1704 509 1727 omms
525 1701 656 1724 ‘'wem'‘
710 1689 813 1723 ltem³
842 1687 940 1721 Beau
965 1699 1114 1733 quorum
1132 1697 1296 1720 rem¹⁵⁵³e
1321 1722 1323 1728 ·
1346 1705 1554 1744 hitationes,
1581 1711 1614 1737 et
1630 1704 1731 1737 fateri
1749 1716 1885 1738 necesse
1908 1705 1952 1739 sit
1969 1715 2091 1737 omnes
2112 1705 2223 1738 bonos
2249 1717 2325 1739 mo·-

316 1752 398 1778 sunt
421 1742 623 1788 iniquitates
641 1748 704 1776 etc.

316 1795 431 1829 omnis
455 1800 593 1827 sanctus
618 1792 655 1824 in
678 1799 834 1836 tempore
856 1796 1052 1834 oportuno.

417 1860 483 1894 His
513 1859 791 1893 confessionibus
817 1854 1075 1901 Prophetarum
1093 1855 1219 1889 similis
1246 1860 1297 1888 est

317 1921 349 1947 et
366 1911 449 1946 haec
468 1910 571 1944 Pauli
587 1911 744 1954 querela:
773 1915 806 1942 et
822 1914 1085 1952 repraesentant
1101 1903 1300 1950 Prophetae

318 1972 351 1998 et
374 1961 535 2006 Apostoli
560 1968 667 1994 totam
695 1959 886 1993 Ecclesiam
914 1958 951 1991 in
979 1956 1043 1990 hac
1069 1956 1300 1991 confessione.

318 2013 540 2055 Intelligatur
575 2022 655 2053 ergo
689 2008 774 2044 haec
809 2009 965 2042 narratio
993 2009 1036 2041 de
1061 2006 1231 2047 Renatis,
1266 2013 1299 2039 et

318 2066 467 2098 sciamus
490 2059 742 2095 monachorum
766 2059 1090 2103 interpretationem
1118 2058 1240 2090 falsam
1266 2063 1299 2090 et

319 2114 546 2149 reiiciendam
565 2124 653 2151 esse,
681 2111 740 2156 qui
758 2111 943 2152 dixerunt,
971 2107 1037 2142 hoc
1053 2109 1129 2141 loco
1148 2107 1298 2141 Paulum

320 2167 362 2199 de
390 2162 534 2197 homine
566 2163 726 2195 nondum
754 2172 921 2194 converso
950 2159 1066 2204 loqui,
1111 2159 1145 2191 id
1175 2158 1299 2191 falsum

320 2227 392 2249 esse
410 2214 607 2248 ostenditur
625 2225 664 2245 ex
681 2212 756 2256 ipso
776 2218 889 2251 textu,
921 2210 979 2256 qui
999 2210 1100 2242 dicit:
1135 2207 1300 2242 Delector

320 2267 394 2309 lege
429 2264 495 2298 Dei
530 2264 721 2297 secundum
762 2261 966 2295 interiorem
1009 2258 1200 2293 hominem.
1253 2258 1300 2294 At

321 2315 427 2349 homo
454 2317 613 2347 nondum
640 2320 780 2346 renatus
811 2323 883 2344 non
908 2311 1099 2344 delectatur
1123 2310 1196 2353 lege
1222 2307 1300 2346 Dei.

321 2364 396 2399 Etsi
423 2365 516 2398 enim
536 2372 585 2398 est
612 2364 647 2396 in
672 2362 814 2398 homine
841 2363 999 2395 nondum
1025 2367 1145 2393 renato
1170 2360 1298 2393 noticia

322 2415 426 2458 legis,
456 2422 571 2448 tamen
590 2415 752 2447 voluntas
770 2420 802 2446 et
821 2425 881 2446 cor
900 2424 971 2445 non
988 2411 1206 2444 delectantur
1227 2411 1299 2454 lege

321 2465 406 2505 Dei,
440 2466 498 2497 sed
524 2474 604 2497 sunt
628 2472 686 2498 aut
712 2475 855 2508 prorsus
878 2464 952 2496 sine
978 2462 1102 2494 timore
1124 2459 1208 2500 Dei,
1242 2468 1301 2494 aut

320 2517 477 2549 fremunt
494 2516 658 2547 adversus
676 2527 764 2548 eum.
817 2513 862 2547 Et
880 2514 1042 2546 nominat
1063 2511 1193 2544 Paulus
1210 2511 1300 2544 inte-

321 2567 451 2601 riorem
478 2563 676 2604 hominem,
711 2571 882 2608 quatenus
910 2561 1016 2597 homo
1049 2561 1208 2596 Renatus
1239 2568 1301 2605 est,

321 2617 503 2651 videlicet,
532 2621 702 2659 quatenus
721 2615 833 2647 luceat
853 2615 890 2647 in
908 2620 1043 2654 mente,
1071 2612 1249 2645 voluntate
1269 2619 1301 2645 et

321 2668 424 2700 corde
447 2665 546 2698 initia
565 2664 655 2706 fidei,
672 2671 703 2697 et
723 2676 785 2708 per
803 2664 975 2708 Spiritum
993 2671 1150 2697 sanctum
1169 2663 1301 2696 accensi
1326 2688 1331 2699 .

758 1739 863 1772 Item:
889 1738 959 1772 Pro
986 1737 1051 1771 boc
1073 1737 1188 1771 orabit
1202 1738 1244 1770 ad
1264 1743 1296 1770 te
1321 1729 1324 1767 l

1346 1763 1402 1790 tus
1428 1755 1529 1789 valde
1554 1755 1741 1798 languidos
1761 1767 1854 1794 esse,
1877 1754 2038 1788 timorem
2057 1754 2138 1796 Dei,
2165 1755 2328 1789 dilectio-

1347 1818 1448 1847 nem,
1481 1806 1603 1846 fidem,
1643 1816 1757 1849 spem,
1798 1813 1831 1839 et
1858 1805 1988 1839 interea
2015 1806 2142 1839 multas
2171 1813 2326 1840 errantes

1347 1857 1506 1890 flammas
1530 1855 1760 1900 cupiditatum
1784 1856 1887 1889 simul
1913 1867 1985 1888 esse
2007 1855 2044 1888 in
2068 1857 2246 1890 cordibus.

1450 1906 1544 1940 Huic
1574 1906 1752 1940 communi
1781 1906 1976 1951 quaestioni
2002 1906 2161 1939 omnium
2185 1913 2324 1940 sancto-

1349 1970 1427 1992 rum
1463 1957 1652 2001 respondet
1693 1957 1874 2000 perspicua
1909 1957 2181 1991 asseveratione:
2219 1957 2326 1991 Nulla

1348 2021 1444 2042 nunc
1468 2007 1712 2041 condemnatio
1736 2014 1786 2041 est
1809 2005 1884 2048 his,
1923 2007 1984 2052 qui
2018 2006 2056 2039 in
2080 2005 2222 2041 Christo
2248 2007 2324 2041 lesu

1349 2071 1423 2093 non
1447 2059 1640 2091 secundum
1665 2069 1821 2097 carnem,
1863 2058 1921 2090 sed
1947 2058 2139 2091 secundum
2165 2058 2327 2102 spiritum

1350 2109 1545 2144 ambulant.
1599 2106 1696 2140 Idem
1712 2120 1817 2151 supra
1833 2108 1938 2141 dixit:
1967 2106 2143 2141 Iustificati
2171 2109 2238 2141 fide
2261 2120 2326 2156 pa-

1349 2172 1422 2194 cem
1438 2157 1606 2192 habemus
1623 2165 1686 2192 etc.
1742 2158 1846 2192 Item:
1870 2157 1951 2192 Non
1970 2158 2051 2192 estis
2065 2159 2130 2192 sub
2146 2159 2237 2202 lege,
2264 2159 2323 2190 sed

1349 2210 1414 2244 sub
1433 2209 1553 2253 gratia.
1608 2207 1863 2252 Interpretatur
1879 2215 1994 2242 autem
2013 2209 2221 2241 vocabulum
2232 2207 2327 2241 Gra-

1349 2263 1435 2301 tiae,
1468 2259 1663 2294 remotione
1686 2259 1870 2293 contrarii:
1908 2257 2012 2292 Nulla
2037 2269 2133 2291 nunc
2157 2259 2324 2291 condem·

1349 2311 1444 2345 natio
1469 2318 1535 2344 est:
1578 2310 1660 2354 quia
1689 2309 1898 2344 vocabulum
1933 2307 2076 2342 Gratiae
2109 2316 2158 2342 est
2193 2320 2321 2341 nomen

1349 2361 1555 2399 relativum,
1599 2359 1636 2393 id
1666 2367 1742 2400 est,
1791 2358 1941 2402 gratuita
1971 2359 2180 2401 acceptatio,
2229 2361 2323 2403 quod

1350 2412 1491 2456 planius
1514 2410 1663 2449 dicitur,
1706 2410 1811 2444 Nulla
1838 2409 2100 2442 condemnatio:
2141 2421 2204 2442 nec
2228 2409 2326 2449 dicit,

1350 2462 1496 2496 Nullum
1515 2472 1609 2494 nunc
1624 2467 1802 2504 peccatum
1819 2465 1881 2492 est.
1908 2456 1954 2492 Et
1972 2456 2054 2492 haec
2072 2467 2120 2492 est
2139 2460 2325 2494 sententia:

1352 2511 1529 2546 Iustificati
1555 2512 1622 2544 fide
1646 2511 1782 2555 placent
1799 2508 1874 2542 Deo
1901 2517 2040 2552 propter
2059 2510 2169 2543 filium
2192 2511 2323 2542 media—

1352 2569 1483 2601 torem,
1518 2568 1551 2595 et
1571 2569 1652 2595 sunt
1681 2559 1846 2593 haeredes
1870 2559 1960 2592 vitae
1983 2568 2160 2598 aeternae,
2187 2560 2324 2594 etiamsi

1352 2613 1390 2645 in
1414 2613 1462 2646 eis
1487 2610 1629 2645 haerent
1651 2617 1805 2655 peccata,
1839 2609 2022 2650 videlicet,
2053 2611 2175 2644 vitiosa
2199 2622 2326 2644 concu-

1354 2662 1522 2709 piscentia
1538 2668 1569 2695 et
1587 2661 1685 2706 pravi
1705 2661 1863 2700 effectus,
1891 2660 1920 2693 si
1940 2667 2055 2695 tamen
2076 2661 2145 2696 sint
2168 2661 2204 2694 in
2222 2659 2318 2695 Chri-
