2415 2942
91 118 136 152 61
502 116 582 151 Xll.

91 203 153 243 sit,
180 209 212 235 et
231 202 351 235 vicerit
363 228 372 242 ,
399 208 438 235 ut
454 204 614 236 ostendat
631 213 667 234 se
684 201 773 234 affici
791 200 920 234 nostris
937 199 1077 243 pericu-

90 255 135 286 lis
146 281 155 294 ,
183 260 216 286 et
231 253 306 285 fore
321 253 499 287 victorem.

192 302 244 336 Ac
269 304 477 337 tentationes
494 303 588 347 ipsae
605 301 759 348 pericula
776 298 954 334 Ecclesiae
975 311 1077 344 prae-

90 354 193 397 cipua
217 354 412 388 continent.
466 354 624 387 Primum
645 358 694 385 est
709 353 751 384 de
767 351 942 395 corporali
960 362 1076 395 perse-

91 405 252 445 cutione,
278 405 417 449 inopia,
448 405 555 443 fame,
587 403 719 443 exiliis,
753 414 847 437 nece.
900 401 978 434 Hoc
1003 401 1076 445 pri-

90 467 188 489 mum
211 456 307 498 angit
330 455 488 489 omnium
507 454 653 486 animos.
714 453 752 486 Si
773 453 869 485 voles
894 451 968 485 Deo
992 453 1077 485 obe-

89 506 185 546 dire,
212 506 376 550 amplecti
394 504 644 548 Ewngelium,
669 504 736 537 erit
758 504 902 536 serenda
926 515 1076 547 pauper-

92 564 161 597 tas,
189 557 351 600 patienda
377 555 458 588 odia
482 561 684 599 potentum,
719 556 901 588 subeunda
933 554 1075 587 saevitia

91 607 309 650 principum,
343 607 507 639 miserere
532 607 664 639 errabis
687 606 761 638 sine
785 607 910 646 domo,
936 612 996 638 aut
1019 606 1077 637 in-

89 657 280 691 terficieris.
337 655 432 690 Haec
455 655 608 690 humana
630 664 754 690 natura
781 668 841 700 per
863 667 936 689 sese
952 656 1076 688 formi-

87 708 165 747 dat,
190 714 223 740 et
238 707 401 740 diabolus
419 708 541 741 obiicit
555 708 774 745 occasiones,
801 714 840 741 ut
863 704 919 739 his
944 707 1076 749 cogita-

86 758 246 791 tionibus
262 755 503 791 vehementius
523 759 658 792 animos
675 758 863 791 concutiat.
916 756 1011 790 Haec
1027 764 1077 791 est

88 820 222 842 summa
238 809 444 843 verborum:
473 809 512 843 Si
529 809 621 842 filius
636 809 702 842 Dei
721 820 774 849 es,
797 809 874 848 dic,
901 815 939 841 ut
963 806 999 840 hi
1024 809 1076 841 la-

87 859 186 902 pides
203 860 286 892 fiant
313 872 439 903 paneS,
467 861 501 893 id
526 867 594 900 est,
628 861 657 893 si
674 871 708 892 es
727 860 805 893 Deo
833 871 954 897 curae,
981 860 1075 892 unde

86 910 287 944 victitabis'?
314 923 399 943 num
423 923 462 944 ex
480 911 684 954 lapidibus?
725 909 857 955 Estque
881 921 1075 944 sarcasmus

86 961 222 994 diaboli
244 961 426 995 irridentis
449 959 652 1000 Christum,
693 962 825 994 scilicet
847 961 983 1004 egregie
1013 974 1075 993 vo-

84 1012 221 1045 biscum
247 1013 382 1055 agitur,
425 1012 453 1045 si
479 1013 609 1057 putatis
632 1024 693 1045 vos
724 1012 854 1045 servire
879 1012 971 1052 Deo,
1014 1023 1075 1044 vos

85 1074 157 1095 esse
173 1062 264 1096 filios
282 1062 366 1104 Dei,
394 1064 474 1108 qni,
503 1064 530 1096 si
550 1075 610 1095 vos
627 1070 782 1102 curaret,
810 1074 882 1096 non
903 1063 1074 1095 concede-

85 1121 138 1146 ret
156 1114 315 1158 tyrannis
331 1114 367 1146 in
392 1127 453 1146 vos
480 1126 638 1147 exercere
662 1114 860 1153 saevitiam,
889 1126 961 1146 non
981 1114 1075 1146 sine-

85 1172 137 1197 ret
156 1176 237 1203 vos,
264 1172 397 1197 vestros
414 1165 543 1197 liberos
560 1165 649 1197 fame
668 1165 805 1207 necari,
834 1164 1073 1197 crudelissime

85 1215 246 1249 interfici.
301 1214 350 1248 Ita
368 1215 531 1248 diabolus
558 1223 736 1259 oppugnat
754 1222 785 1248 et
803 1215 958 1247 concutit
975 1226 1074 1246 men-

85 1272 155 1305 tes,
183 1265 354 1298 obiiciens
379 1266 606 1308 cogitationes
625 1268 668 1298 de
695 1265 934 1307 providentia,
961 1272 993 1298 et
1011 1265 1073 1297 ad-

85 1317 216 1349 ducens
235 1316 272 1348 in
293 1316 568 1357 dubitationem,
596 1329 641 1349 an
659 1315 752 1349 Deus
770 1316 859 1349 adsit
877 1316 991 1354 nobis,
1019 1317 1073 1348 iu—

86 1373 159 1406 vet,
187 1373 283 1399 curet
303 1378 376 1401 nos„

185 1415 280 1449 Haec
304 1418 439 1450 diaboli
466 1418 531 1451 tela
558 1415 720 1451 Christus
753 1417 880 1462 excipit
911 1418 1072 1462 opposito

83 1468 224 1513 clypeo,
252 1480 290 1500 ac
307 1469 426 1508 docet,
454 1469 556 1513 quale
574 1466 700 1502 sithoc
723 1479 833 1511 genus
859 1480 1013 1512 pugnae,
1041 1476 1072 1502 et

84 1519 262 1564 quomodo
285 1519 481 1552 vincendus
505 1520 547 1552 sit
575 1517 631 1552 hic
656 1517 784 1560 hostis,
827 1522 1006 1564 quomodo
1031 1521 1074 1552 de

83 1570 264 1603 voluntate
280 1570 344 1604 Dei
362 1571 591 1604 iudicandum
613 1572 667 1606 sit.
721 1570 801 1603 Non
820 1571 896 1603 solo
913 1583 1001 1614 pane
1021 1571 1073 1603 vi·-

82 1621 132 1654 vit
156 1618 284 1662 homo,
310 1622 369 1654 sed
392 1622 490 1655 omni
515 1622 621 1655 verbo
648 1621 742 1666 quod
769 1621 926 1665 procedit
948 1634 987 1654 ex
1013 1634 1072 1655 ore

82 1670 160 1705 Dei.
222 1669 277 1704 Ex
313 1670 376 1704 hac
413 1673 643 1715 responsione
683 1672 918 1706 animadverti
950 1680 1072 1717 potest,

83 1721 270 1764 praecipue
293 1719 384 1754 hanc
408 1723 515 1756 fuisse
539 1723 821 1760 dimicationem,
857 1736 961 1767 quam
988 1724 1072 1762 dixi,

84 1773 127 1804 de
157 1772 372 1805 defensione.
438 1771 644 1816 Respondet
679 1773 786 1814 igitur
817 1771 995 1814 Christus,
1037 1786 1071 1807 se

84 1822 248 1855 muniens
263 1829 295 1855 et
313 1822 525 1855 confirmans
545 1824 652 1856 verbo
677 1821 754 1856 Dei.
809 1821 903 1856 Hinc
927 1831 1073 1858 testatur

83 1884 118 1905 se
141 1873 272 1906 discere
296 1873 513 1907 voluntatem
537 1872 623 1912 Dei,
668 1874 728 1917 qui
756 1873 935 1918 pollicitus
959 1882 1008 1907 est
1036 1887 1072 1908 se

81 1923 285 1956 adfuturum
317 1935 388 1956 esse
408 1922 593 1957 Ecclesiae.

82 1981 115 2007 et
133 1971 275 2007 habebit
293 1974 444 2015 victum,
470 1975 729 2012 defensionem,
758 1976 891 2008 etiamsi
916 1973 1070 2009 humana

82 2037 148 2069 ope
175 2025 411 2059 destituimur.
472 2023 583 2067 Mihi,
617 2026 753 2071 inquit,
789 2026 872 2058 satis
897 2033 947 2060 est
971 2028 1070 2072 sequi

81 2077 229 2109 verbum
245 2074 329 2116 Dei,
353 2077 589 2117 vocationem,
617 2078 842 2118 mandatum,
870 2084 903 2111 et
918 2079 1069 2121 promis-

81 2127 235 2165 sionem,
263 2139 381 2160 curam
399 2127 531 2168 victus,
557 2129 784 2169 defensionis,
811 2136 975 2162 eventum
994 2128 1068 2162 Deo

81 2179 311 2218 commendo,
346 2184 380 2211 et
401 2175 486 2211 haec
510 2179 539 2211 si
562 2179 695 2217 fecero,
725 2180 853 2214 vivam.
907 2179 1069 2214 Vivimus

78 2228 172 2261 enim
201 2228 428 2270 mirabiliter,
468 2229 542 2263 Deo
577 2242 641 2263 nos
674 2237 902 2265 sustentante.
970 2231 1066 2265 Sicut

78 2279 195 2324 inquit
211 2279 342 2314 Psalm.
358 2280 410 2314 4.;
439 2280 572 2315 Scitote
588 2284 682 2326 qnod
699 2281 793 2315 Deus
810 2282 971 2315 mirificat
987 2294 1067 2315 san-

78 2337 173 2364 ctum
198 2342 320 2372 suum,
346 2331 382 2365 id
407 2338 475 2371 est,
511 2332 734 2366 mirabilibus
759 2333 872 2365 modis
896 2334 1001 2375 regit,
1030 2345 1068 2367 ac

79 2381 217 2416 liberat.

181 2431 347 2466 Caeterae
362 2435 573 2467 tentationes
598 2442 679 2468 sunt
706 2435 815 2477 magis
840 2446 1005 2476 arcanae,
1034 2442 1067 2468 et

81 2493 144 2515 nos
161 2484 283 2517 crassis
301 2485 553 2528 cupiditatibus
569 2486 726 2529 occupati
744 2498 816 2519 non
836 2486 1066 2528 intelligimus

80 2532 139 2565 illa
164 2545 287 2567 arcana
312 2536 502 2569 certamina
537 2537 728 2584 sapientiae
751 2544 783 2570 et
808 2537 949 2580 gloriae.
1003 2536 1065 2571 Se-

78 2585 192 2616 cunda
207 2586 353 2620 tentatio
371 2596 420 2621 est
441 2588 484 2620 de
501 2588 671 2631 sapientia
697 2595 728 2620 et
755 2589 797 2620 de
823 2588 943 2631 gloria.
997 2586 1066 2622 Of-

77 2634 197 2668 fundit
227 2636 388 2671 diabolus
413 2635 555 2672 Christo
589 2639 850 2682 cogitationem,
887 2641 1063 2684 quomodo

76 2684 153 2719 Deo
178 2698 281 2720 curae
303 2687 368 2729 sit,
396 2701 481 2722 num
510 2690 558 2723 sic
584 2690 688 2724 etiam
704 2717 713 2731 ‚
750 2697 788 2724 ut
811 2691 995 2724 adfuturus
1019 2691 1064 2725 sit

657 1923 760 1957 Vivet
785 1924 892 1966 igitur
915 1924 1091 1959 Ecclesia-

636 113 935 151 ENARRATIO
964 114 1012 149 IN
1040 113 1222 150 EVANG.
1251 112 1467 149 IOANNIS.
1521 113 1624 150 CAP.
1654 113 1699 150 11.
2067 116 2114 150 62

1130 199 1272 234 facienti
1295 200 1428 245 aliquid
1455 200 1529 233 sine
1553 199 1754 240 vocatione,
1788 206 1849 233 aut
1871 200 2037 233 servienti
2064 207 2116 234 te·-

1131 252 1301 283 merariae
1328 251 1532 294 cupiditati,
1568 263 1641 284 non
1664 250 1809 284 utilitati
1830 249 2026 290 Ecclesiae,
2054 262 2115 284 seu

1129 301 1294 346 proximi.
1348 301 1498 334 Deiicias
1516 309 1570 342 te,
1597 301 1732 347 inquit,
1759 301 1841 346 quia
1860 302 2028 346 scriptum
2046 309 2114 336 est:

1129 350 1209 383 Non
1234 352 1389 384 offendes
1413 353 1456 384 ad
1480 353 1632 396 lapidem
1657 353 1783 397 pedem
1805 360 1917 388 tuum.
1968 351 2044 385 Hac
2063 365 2116 385 sa-

1130 402 1282 444 pientiae
1314 402 1507 435 tentatione
1528 404 1663 437 duriter
1690 410 1848 447 quassata
1875 410 1924 437 est
1949 401 2115 443 Ecclesia,

1129 453 1250 486 sedent
1268 454 1428 486 doctores
1447 453 1483 485 in
1501 453 1653 486 culmine.
1672 454 1804 496 templi,
1830 462 1862 488 et
1880 454 1959 498 qnia
1975 466 2117 498 persua-

1129 503 1265 536 sionem
1288 503 1499 547 sapientiae,
1526 505 1568 536 de
1593 515 1628 536 se
1644 504 1863 546 magnificam
1882 502 2029 546 habent,
2057 506 2117 538 de-

1130 554 1254 588 iiciunt
1284 566 1336 593 se,
1362 555 1407 599 iid
1440 561 1506 592 est,
1542 561 1717 588 ostentant
1750 555 1881 601 populo
1905 567 1983 588 suas
2010 556 2118 588 bellas

1129 605 1417 647 imaginationes,
1446 606 1521 638 sine
1545 605 1652 638 verbo
1678 612 1711 638 et
1735 605 1810 636 sine
1834 606 2016 638 vocatione
2033 618 2117 639 con-

1129 656 1243 696 fictas,
1281 662 1320 689 ut
1350 656 1431 700 quia
1465 655 1694 689 Samosateno
1726 656 1837 698 placet
1865 656 2040 689 cavillatio
2075 659 2118 689 de

1130 707 1257 747 verbo,
1292 719 1352 740 seu
1385 703 1503 754 λόγῳ,
1540 719 1645 752 quam
1669 706 1787 743 finxit,
1822 707 1954 752 spargit
1981 719 2055 739 eam
2081 708 2118 739 in

1130 758 1319 801 populum,
1355 758 1538 791 discedens
1565 770 1583 790 a
1610 764 1774 801 perpetua
1798 758 1968 790 sententia
1996 764 2118 797 textus,

1131 807 1228 842 loan.
1259 810 1291 843 1.
1348 808 1406 842 Sic
1429 810 1654 842 commodum
1683 809 1795 840 visum
1815 815 1863 841 est
1891 808 2116 851 pontificibus

1130 861 1280 892 condere
1303 860 1393 903 leges
1410 861 1454 892 de
1472 860 1623 893 cultibus
1643 865 1675 892 et
1693 859 1878 892 coelibatu.
1932 858 2020 891 Nam
2042 871 2119 903 spe—

1130 911 1222 943 ciosa
1247 922 1301 943 res
1325 917 1374 943 est
1392 910 1451 943 ille
1468 910 1746 943 ceremoniarum
1765 911 1852 942 ordo
1866 937 1874 949 ‚
1903 917 1933 943 et
1952 921 2117 953 persona-

1130 973 1207 994 rum
1234 962 1373 1003 gradus.
1429 960 1512 994 Ideo
1539 959 1622 994 haec
1651 961 1726 993 sine
1752 961 1957 1003 vocatione,
1986 968 2016 993 et
2044 961 2118 994 sine

1129 1013 1236 1045 verbo
1262 1013 1420 1045 instituta
1448 1019 1543 1045 sunt.
1594 1011 1715 1044 Placet
1738 1011 1955 1055 sapientibus
1981 1012 2064 1044 viris
2082 1012 2118 1044 in

1130 1061 1239 1096 lsrae'l
1265 1075 1383 1096 creare
1405 1074 1539 1106 regem,
1573 1059 1726 1095 habeant
1750 1069 1882 1095 certum
1908 1063 2050 1102 ducem,
2085 1070 2117 1096 et

1128 1114 1366 1151 defensorem,
1408 1125 1505 1145 more
1537 1113 1686 1145 aliarum
1716 1112 1885 1154 gentium.
1955 1111 2006 1144 lta
2039 1125 2117 1145 cum

1129 1162 1290 1197 homines
1313 1164 1522 1196 naturaliter
1546 1163 1768 1195 delectentur
1785 1174 1846 1195 sna
1867 1162 2036 1206 sapientia
2050 1190 2058 1203 ‚
2086 1171 2119 1196 et

1129 1220 1300 1259 quaerant
1329 1213 1583 1246 concinnitates
1616 1213 1654 1245 in
1681 1213 1788 1246 verbo
1812 1212 1879 1245 Dei
1904 1213 2118 1256 plausibiles.

1129 1264 1217 1298 ltern
1235 1277 1313 1297 cum
1335 1276 1456 1297 omnes
1473 1264 1582 1297 simus
1600 1264 1809 1297 naturaliter
1825 1262 2055 1309 φιλαρχικοὶ,
2084 1272 2117 1298 et

1128 1316 1238 1349 multa
1262 1315 1447 1356 ordinare,
1485 1322 1519 1348 et
1543 1315 1755 1348 constituere
1781 1315 1980 1358 cupiamus,
2007 1316 2117 1349 multa

1128 1374 1222 1401 extra
1244 1366 1485 1404 vocationem,
1514 1373 1546 1399 et
1570 1366 1645 1399 sine
1664 1366 1771 1399 verbo
1789 1366 1954 1399 audacter
1971 1367 2117 1411 suscipi-

1128 1429 1224 1459 mus,
1251 1415 1319 1450 hoc
1339 1424 1406 1456 est,
1436 1429 1470 1450 se
1489 1417 1637 1450 deiicere
1654 1418 1697 1449 de
1717 1417 1872 1450 culmine
1889 1417 2024 1461 templi.

1229 1467 1298 1501 Hic
1321 1480 1443 1502 rursus
1460 1468 1608 1512 opponit
1626 1465 1787 1502 Christus
1804 1468 1934 1501 dictum
1951 1468 2116 1511 gravissi-

1127 1532 1242 1552 mum:
1270 1518 1351 1552 Non
1378 1519 1529 1553 tentabis
1556 1519 1740 1553 dominum
1756 1517 1871 1552 Deum
1889 1526 1998 1553 tuum.
2052 1517 2116 1553 Est

1127 1571 1221 1603 enim
1248 1577 1382 1604 tentare
1399 1570 1514 1603 Deum
1541 1570 1684 1614 proprie
1703 1576 1835 1603 certare
1852 1582 1931 1603 cum
1949 1568 2046 1612 Deo,
2075 1570 2114 1603 fi-

1127 1622 1229 1655 ducia
1256 1621 1417 1664 propriae
1441 1621 1650 1664 sapientiae,
1685 1620 1862 1659 iusticiae,
1889 1627 1948 1654 aut
1973 1621 2115 1660 virium,

1127 1679 1159 1706 et
1176 1670 1239 1705 hac
1256 1672 1383 1705 fiducia
1401 1673 1578 1705 discedere
1596 1684 1613 1704 a
1633 1672 1740 1704 verbo
1753 1671 1841 1709 Dei,
1879 1679 1912 1705 et
1930 1672 2115 1704 vocatione

1127 1735 1187 1756 seu
1213 1723 1436 1756 ordinatione
1457 1723 1539 1756 Dei.
1593 1722 1652 1756 Sic
1676 1729 1817 1765 peccant
1844 1733 1967 1755 omnes
1990 1719 2113 1756 haere-

1126 1774 1204 1812 tici,
1239 1773 1287 1806 sic
1313 1781 1456 1818 peccant
1482 1780 1619 1806 autores
1643 1785 1818 1805 novorum
1843 1773 2022 1817 cultuum,
2051 1774 2112 1818 qui

1126 1825 1344 1858 discedentes
1367 1837 1384 1857 a
1403 1825 1510 1857 verbo
1525 1823 1608 1863 Dei,
1636 1823 1817 1866 imaginati
1836 1831 1917 1857 sunt
1936 1823 2112 1858 Monasti-

1127 1887 1190 1907 cen
1209 1886 1282 1907 esse
1298 1888 1370 1908 rem
1388 1875 1559 1918 insignem
1572 1901 1581 1917 ,
1609 1887 1698 1919 qnae
1715 1875 1793 1918 plus
1809 1876 1901 1918 apud
1919 1873 2032 1907 Deum
2053 1888 2112 1908 va-

1125 1925 1231 1959 litura
1265 1933 1368 1966 esset,
1401 1938 1506 1970 quam
1536 1938 1640 1969 opera
1671 1925 1868 1958 communis
1900 1926 2001 1960 vitae.
2054 1926 2113 1959 Sic

1126 1976 1280 2019 peccavit
1301 1977 1452 2020 populus
1470 1976 1579 2009 Israe'l
1603 1988 1662 2009 sua
1687 1976 1878 2020 sapientia,
1905 1988 2020 2019 regem
2045 1977 2111 2009 fla·-

1124 2028 1256 2070 gitans,
1285 2039 1364 2060 cum
1382 2028 1469 2060 scire
1488 2028 1630 2060 deberet
1649 2027 1686 2059 in
1705 2027 1836 2071 populo
1857 2027 1926 2060 Dei
1945 2039 2018 2060 non
2039 2039 2111 2060 esse

1124 2078 1406 2111 constituendam
1431 2079 1580 2111 formam
1604 2079 1766 2122 politiae,
1799 2078 1873 2110 sine
1896 2078 1989 2111 claro
2009 2091 2110 2111 man-

1124 2129 1204 2162 dato
1223 2127 1309 2169 Dei,
1335 2136 1367 2162 et
1385 2129 1499 2163 Deum
1524 2129 1614 2162 velle
1627 2156 1636 2170 ,
1658 2136 1697 2162 ut
1721 2130 1765 2162 ab
1784 2141 1823 2161 eo
1841 2129 1915 2172 ipso
1932 2129 2110 2162 defensio—

1122 2192 1203 2214 nem
1222 2186 1427 2224 expectaret.

1225 2230 1345 2264 Tertia
1377 2231 1523 2264 tentatio
1549 2238 1599 2265 est
1621 2230 1730 2273 magis
1753 2227 1930 2263 horrenda
1955 2230 2108 2271 caeteris,

1122 2280 1286 2316 diabolus
1310 2281 1540 2326 impudenter
1567 2282 1718 2325 postulat
1743 2292 1777 2313 se
1801 2281 1958 2320 adorari,
1987 2288 2018 2314 et
2043 2293 2106 2325 pro

1121 2329 1188 2366 hoc
1211 2332 1327 2366 officio
1351 2334 1524 2377 promittit
1547 2332 1692 2375 imperia
1718 2332 1854 2364 mundi.
1914 2331 1985 2364 Nec
2011 2333 2105 2374 cogi-

1122 2384 1269 2417 tandum
1305 2391 1355 2417 est
1384 2385 1490 2417 fuisse
1521 2381 1586 2416 hoc
1609 2383 1686 2415 leve
1708 2388 1892 2416 certamen.
1962 2380 2105 2416 Offudit

1121 2435 1174 2468 illi
1197 2435 1385 2478 praestanti
1403 2436 1498 2473 viro,
1528 2440 1697 2479 quantum
1716 2434 1821 2467 decus
1840 2433 1883 2466 sit
1903 2433 2102 2477 imperium,

1121 2493 1292 2531 quantum
1317 2486 1390 2529 ipse
1415 2483 1574 2519 Christus
1599 2485 1740 2527 ingenio
1758 2491 1791 2518 et
1808 2484 1937 2517 virtute
1952 2485 2102 2517 antecel-

1120 2537 1169 2570 lat
1193 2537 1359 2570 omnibus
1382 2538 1532 2579 regibus.
1586 2535 1709 2568 Talem
1728 2535 1844 2568 virum
1864 2535 2009 2578 dignum
2031 2547 2102 2568 esse

1119 2585 1346 2629 monarchia,
1409 2587 1512 2620 talem
1558 2586 1753 2631 principem
1795 2586 1870 2619 fore
1914 2586 2101 2618 salutarem

1117 2640 1262 2673 mundo.
1318 2637 1433 2680 Quid,
1462 2639 1556 2683 quod
1573 2637 1724 2671 Messiae
1747 2637 1917 2681 promissa
1935 2636 1979 2669 sit
1996 2648 2097 2668 mnn-

1117 2690 1154 2723 di
1186 2687 1408 2724 haereditas?
1459 2689 1559 2723 Haec
1587 2696 1619 2723 et
1643 2689 1711 2722 alia
1734 2688 1842 2721 multa
1868 2687 1996 2721 obiecit
2022 2686 2098 2720 dia-
