2415 2942
248 100 320 134 559

252 184 520 226 imputationem
541 179 697 212 iusticiae
722 183 862 222 propter
881 175 1080 211 Christum:
1116 184 1234 222 postea

253 238 367 269 incoat
402 243 529 265 novam
564 229 828 269 obedientiam,
869 236 901 261 et
937 228 1110 272 approbat
1151 241 1240 269 eam,

253 294 452 331 quanquam
470 282 514 314 sit
533 280 729 324 imperfecta
745 306 752 319 ‚
776 286 808 312 et
826 291 897 312 non
918 280 962 312 sit
980 279 1130 323 pretium
1149 279 1241 314 vitae

253 343 422 369 aeternae.
481 331 539 366 Sic
563 343 685 364 verum
712 336 763 364 est
785 337 947 374 oportere
976 331 1107 364 servari
1140 343 1241 363 man-

254 389 351 424 data,
387 390 418 416 et
445 393 582 415 necesse
606 388 656 414 est
683 381 792 424 legem
817 382 986 426 proponi,
1022 387 1062 415 ut
1085 388 1242 415 crescant
1268 401 1271 436 ι

256 434 470 481 poenitentia
497 440 530 467 et
553 432 636 465 fides
662 432 698 464 in
731 432 851 465 uobis:
894 434 952 466 sed
985 444 1058 465 non
1091 433 1163 465 sola
1189 433 1243 465 lex

256 486 413 519 docenda
446 490 523 524 est,
573 484 631 516 sed
665 484 826 516 addenda
861 483 1047 527 promissio
1079 481 1272 538 Evange->

257 538 324 577 lii,
365 536 441 569 sine
470 546 538 579 qua
575 534 628 566 lex
660 540 795 566 tantum
827 541 877 567 est
908 534 1144 567 ministerium
1174 534 1245 566 irae
1270 566 1273 587 ι

257 595 289 621 et
326 586 448 620 mortis
484 592 654 618 aeternae.

257 640 360 671 finem
380 637 479 680 legis.
534 634 652 678 Quare
669 647 741 668 non
761 642 811 669 est
835 636 1070 668 resistendum
1097 635 1135 668 in
1161 636 1245 678 lege,

257 690 316 722 sed
336 700 414 721 cum
433 688 542 730 legem
561 686 744 726 audimus,
771 693 804 719 et
827 686 1124 730 expavescismus,
1150 686 1247 728 cogi-

259 748 371 773 temus
404 749 468 771 uos
498 737 669 776 accusari,
708 748 780 769 non
812 744 848 769 ut
882 747 1089 780 pereamus,
1127 738 1184 769 sed
1210 742 1249 769 ut

259 800 467 835 quaeramus
486 789 712 820 mediatorem
731 787 840 819 filium
862 785 945 829 Dei,
978 784 1074 819 hunc
1098 787 1250 820 sciamus

260 841 362 873 nobis
380 840 547 872 donatum
566 849 654 878 esse,
682 844 719 870 ut
745 849 807 880 per
824 849 902 870 eum
925 850 941 869 a
965 844 1122 881 peccato,
1151 849 1169 870 a
1195 844 1249 882 ty·

260 891 410 924 rannide
434 888 588 927 diaboli,
621 894 654 921 et
677 899 694 920 a
721 895 834 921 morte
858 888 1063 921 liberemur.
1130 887 1250 933 ltaque

260 954 338 974 cum
365 941 525 972 incoatur
548 938 583 970 in
610 938 713 971 nobis
738 939 808 971 vita
833 944 994 982 aeterna,
1029 939 1097 981 legi
1127 939 1251 972 obedi-

261 1003 356 1031 mus,
382 998 414 1025 et
432 990 520 1023 fiunt
539 990 723 1028 mandata,
751 996 788 1022 ut
805 989 937 1022 dictum
960 996 1026 1022 est:
1054 988 1251 1022 Effundam
1275 1003 1277 1009 ⁸

261 1054 365 1086 super
382 1043 528 1074 domum
547 1038 662 1073 David
681 1039 844 1084 spiritum
864 1039 994 1083 gratiae
1012 1047 1044 1074 et
1060 1052 1218 1085 precum.

697 1115 820 1151 Aliud.

368 1169 398 1201 1.
427 1164 589 1201 Corinth.
619 1166 675 1200 13.
718 1166 754 1199 Si
787 1179 925 1199 omnem
960 1168 1063 1200 fidem
1091 1165 1251 1208 habeam,

261 1220 487 1253 dilectionem
507 1225 621 1250 autem
642 1230 714 1250 non
736 1215 900 1258 habeam,
928 1217 1019 1251 nihil
1039 1230 1127 1253 sum.
1180 1216 1252 1251 Ea-

262 1274 340 1303 dem
355 1269 535 1313 responsio
555 1275 620 1301 est:
650 1267 777 1301 Fateor
795 1268 1019 1301 dilectionem
1039 1281 1111 1301 esse
1130 1281 1251 1302 neces·

262 1322 410 1361 sariam,
437 1320 495 1352 sed
523 1331 585 1351 nec
609 1319 756 1351 existere
779 1319 922 1352 dilectio
942 1318 1007 1352 Dei
1034 1326 1163 1362 potest,
1188 1331 1252 1352 nec

264 1373 420 1416 placere,
450 1370 517 1402 nisi
545 1370 642 1413 prius
668 1370 734 1401 fide
757 1371 990 1412 acceperimus
1011 1371 1250 1403 remissionem

263 1429 503 1466 peccatorum,
538 1427 570 1452 et
604 1420 872 1464 imputationem
906 1421 1075 1455 iusticiae.
1136 1420 1277 1454 Facilei

264 1481 313 1506 est
343 1473 465 1505 otiosis
499 1472 628 1513 fingere
663 1471 888 1503 dilectionem
912 1471 997 1511 Dei,
1033 1473 1091 1504 sed
1129 1472 1277 1504 referri*¹

265 1523 348 1557 haec
363 1523 492 1555 debent
509 1524 551 1554 ad
571 1533 686 1554 veram
710 1521 837 1553 luctam
858 1521 893 1554 in
914 1523 1112 1559 mentibus,
1141 1529 1175 1556 et
1193 1535 1252 1554 ve-

264 1586 321 1607 ros
348 1580 463 1606 motus
488 1572 522 1604 in
549 1571 792 1614 invocatione,
820 1572 856 1604 in
878 1573 1052 1615 periculis.
1107 1571 1175 1605 Hic
1192 1573 1251 1605 alii
1275 1570 1278 1627 l

264 1625 448 1663 dubitant,
483 1635 527 1655 an
553 1622 648 1656 Deus
673 1629 770 1655 curet
794 1633 846 1655 res
872 1620 1062 1664 humanas,
1099 1635 1143 1656 an
1168 1636 1251 1656 vero
1276 1629 1278 1656 ζ

265 1686 345 1708 casu
361 1675 520 1707 accidant
537 1674 710 1706 secundae
727 1685 780 1706 res
798 1680 831 1706 et
851 1674 1029 1708 adversae.
1082 1672 1155 1707 Alii
1174 1685 1253 1706 sen-

264 1727 389 1759 tientes
408 1725 496 1757 iram
511 1723 588 1764 Dei,
612 1730 651 1757 ut
667 1723 763 1763 Saul,
786 1725 1020 1758 succumbunt
1035 1724 1070 1758 in
1090 1725 1252 1757 afflietio-

265 1777 390 1813 nibus,
428 1788 465 1809 ac
493 1775 647 1808 fremunt
671 1775 839 1807 adversus
861 1775 1031 1809 iudicium
1060 1774 1138 1809 Dei.
1201 1774 1253 1808 De

266 1825 321 1860 his
350 1826 553 1871 ingentibus
589 1825 697 1858 animi
733 1826 895 1867 procellis
926 1827 1157 1860 concionatur
1188 1832 1278 1861 rox1

267 1877 442 1917 coelestis,
470 1884 503 1910 et
526 1877 619 1909 inter
644 1873 707 1908 lios
730 1876 857 1909 fluctus
884 1877 985 1919 erigit
1012 1885 1145 1911 mentes
1172 1890 1254 1921 pro-
1276 1891 1279 1903 ⁴

268 1928 437 1961 missione
461 1927 671 1969 evangelica.
725 1925 814 1959 Cum
839 1927 905 1960 fide
927 1935 1096 1962 sustentat
1120 1941 1154 1961 se
1176 1929 1253 1961 ani-

267 1991 361 2019 mus,
389 1986 422 2012 et
445 1978 599 2019 agnoscit
624 1977 916 2019 misericordiam,
945 1979 992 2011 ibi
1017 1980 1177 2024 sequitur
1199 1979 1252 2011 di·
1277 2005 1279 2017 ,

269 2030 383 2062 lectio.
433 2028 579 2061 Necesse
596 2035 644 2060 est
664 2029 770 2069 igitur
789 2031 991 2072 praecedere
1009 2030 1132 2073 fidem,
1165 2040 1254 2074 quae
1278 2037 1279 2059 l

268 2080 392 2123 accipit
419 2079 661 2111 remissionem
688 2086 919 2121 peccatorum.
990 2078 1037 2112 Et
1063 2078 1147 2112 haec
1171 2080 1255 2112 fides

269 2143 339 2162 non
361 2138 469 2173 potest
489 2130 553 2162 niti
571 2129 740 2171 dignitate
759 2136 874 2162 nostra
888 2157 897 2170 ,
923 2130 1001 2162 ideo
1019 2130 1179 2174 quamvis
1202 2141 1255 2163 se-

269 2181 389 2225 qnitur
415 2180 580 2222 dilectio,
623 2187 739 2213 tamen
774 2180 895 2213 statuit
919 2192 983 2212 nos
1007 2193 1078 2213 non
1114 2188 1256 2225 propter

849 91 974 129 Pllth.
1002 92 1115 127 MEL.
1151 91 1359 126 SCRIPTA
1396 90 1692 128 EXEGE'rtCA.

1261 1317 1265 1318 ⁷
1300 1307 1379 1328 ΓῑΠῐΙ
1404 1302 1557 1329 ῘΠΟΙΊΠΠ.

1276 1657 1277 1666 ’
1302 1648 1528 1682 dilectionem
1554 1648 1635 1680 iusti
1662 1655 1876 1691 reputamur.

1276 1721 1277 1724 =
1301 1701 1383 1734 tiam
1398 1726 1406 1740 ,

1277 2020 1279 2030 ⁴
1304 2011 1403 2038 tutes,

269 2232 513 2271 dilectionem,
555 2231 613 2264 sed
648 2236 791 2273 propter
820 2228 1001 2264 Christum
1033 2232 1142 2265 iustos
1173 2243 1257 2265 esse.

271 2281 384 2323 Vulgo
415 2282 641 2314 dilectionem
680 2281 958 2325 interpretantur
990 2283 1033 2314 de
1068 2283 1257 2316 dilectione

269 2331 332 2364 Dei
359 2340 388 2363 et
410 2332 576 2374 proximi,
613 2331 692 2364 ideo
711 2332 876 2375 respondi
898 2333 941 2365 de
964 2333 1153 2366 dilectione
1176 2332 1255 2368 Dei.

271 2382 338 2414 Sed
358 2381 486 2414 Paulus
512 2380 568 2415 hic
594 2383 735 2426 proprie
758 2384 801 2415 de
823 2383 1011 2416 dilectione
1029 2384 1177 2427 proximi
1204 2385 1256 2417 lo-

1280 2416 1281 2426 1

271 2432 410 2475 quitur,
451 2444 552 2476 quam
579 2433 687 2476 magis
719 2441 854 2468 constat
886 2446 957 2467 non
983 2435 1106 2468 mereri
1134 2435 1282 2480 remis-l

270 2494 403 2515 sionem
422 2489 650 2527 peccatorum.

702 2561 822 2595 Aliud.

372 2607 572 2647 Remiuite,
608 2616 639 2641 et
660 2611 856 2645 remittetur
874 2613 991 2653 vobis,
1023 2612 1117 2656 Ergo
1136 2620 1254 2646 nostra

272 2659 528 2693 mndonationc
555 2671 731 2693 meremur
764 2668 793 2694 et
831 2664 931 2696 nobis
956 2662 1251 2698 iustificationem.
1279 2651 1281 2687 l

1138 2766 1147 2779 ξ

2200 93 2275 131 540

1290 177 1488 223 Responsio
1516 179 1618 223 plana
1639 184 1704 211 est:
1748 177 1842 211 Haec
1867 187 1915 213 est
1939 180 2061 213 concio
2089 179 2275 223 poeniten-

1291 231 1369 269 tiae,
1393 229 1513 274 quales
1529 229 1659 262 multae
1677 235 1760 262 sunt
1776 230 1812 261 in
1825 227 2018 273 Prophetis,
2035 238 2073 265 ut
2087 229 2209 264 Esaiae
2225 232 2271 265 1.:

1291 280 1449 314 Desinite
1469 280 1690 318 malefacere,
1718 286 1750 313 et
1773 280 1896 313 discite
1923 281 2139 315 benefacere:
2171 279 2276 314 Tunc

1292 333 1535 374 abstergentur
1551 338 1685 375 peccata
1707 337 1819 364 vestra
1837 337 1900 365 etc.
1961 330 2063 365 Prior
2081 344 2160 376 pars
2178 343 2279 376 prae-

1293 383 1376 427 cipit
1400 384 1442 415 de
1468 390 1585 415 nostra
1609 382 1824 425 poenitentia
1841 408 1850 421 ‚
1885 382 1991 415 altera
2015 383 2172 416 continet
2196 394 2279 426 pro·

1293 434 1508 467 missionem.
1561 432 1631 466 Nec
1658 433 1743 466 dicit
1766 430 1942 466 Christus:
1978 431 2193 466 Remittetur
2215 445 2279 466 vo-

1295 485 1349 518 bis
1376 491 1519 528 propter
1544 491 1692 517 vestram
1716 484 2032 523 condonationem,
2059 484 2117 516 sed
2142 489 2279 516 tantum

1295 535 1484 579 praecipit,
1510 541 1549 568 ut
1571 535 1806 572 remittamus,
1834 535 1962 567 deinde
1978 535 2144 567 admonet
2159 534 2202 567 de
2219 545 2280 566 re-

721 583 767 618 Et
799 591 934 618 constat
963 583 1145 618 Christum
1175 596 1246 617 esse
1271 594 1273 638 Ι
1297 586 1479 626 missione,
1506 597 1595 630 quae
1612 587 1740 630 pendet
1762 586 1926 625 aliunde,
1954 597 2026 618 non
2052 596 2091 618 ex
2112 584 2283 628 dignitate

1298 637 1406 670 nostri
1438 637 1564 679 operis.
1640 635 1766 679 Qualis
1789 643 1876 669 esset
1901 636 2019 669 sutura
2045 635 2282 669 consternatio

1296 687 1618 726 conscientiarum,
1658 688 1687 720 si
1720 687 1943 721 sentiendum
1978 694 2085 727 esset,
2130 687 2282 730 pendere

1297 739 1455 772 divinam
1478 739 1776 772 condonationem
1809 751 1848 771 ex
1881 738 2032 782 puritate
2058 743 2090 770 et
2114 736 2284 780 dignitate

1299 796 1438 822 nostrae
1455 789 1738 830 condonationis,
1765 801 1843 832 erga
1862 801 1919 821 eos
1936 801 2015 822 cum
2035 789 2163 833 quibus
2179 787 2282 820 nobis

1298 840 1364 873 fuit
1381 839 1562 873 simultas?
1590 847 1732 874 manent
1755 840 1849 872 enim
1867 840 1969 872 etiam
1992 840 2027 871 in
2046 838 2189 884 placatis
2206 837 2284 871 ani-

1299 891 1364 923 mis
1380 890 1573 931 cicatrices,
1612 898 1651 924 ut
1676 891 1736 924 ille
1761 891 1889 935 inquit.
1965 889 2046 923 ldeo
2070 900 2208 924 necesse
2233 894 2285 922 est

1299 941 1420 986 quaeri
1444 940 1547 973 aliam
1572 952 1710 974 causam
1737 941 1963 974 remissionis.
2037 940 2210 974 Tenenda
2234 945 2286 972 est

1300 992 1407 1034 igitur
1435 989 1620 1034 Evangelii
1650 993 1821 1025 sententia
1850 992 1892 1024 de
1924 991 2074 1034 gratuita
2105 991 2287 1024 condona-

1299 1043 1408 1075 tione.
1477 1040 1565 1074 Tale
1587 1049 1636 1075 est
1661 1043 1794 1075 dictum
1817 1043 1909 1085 apud
1936 1043 2135 1077 Danielem.
2203 1039 2288 1074 Pars

1299 1100 1349 1126 est
1365 1092 1488 1125 concio
1506 1093 1548 1125 de
1569 1093 1803 1136 poenitentia:
1833 1091 1960 1126 Amato
1981 1093 2154 1126 iusticiam
2174 1098 2208 1126 et
2225 1091 2287 1124 be-

1300 1143 1450 1176 nefacito
1470 1143 1608 1175 miseris
1628 1143 1756 1176 iniuste
1773 1143 1956 1186 oppressis.
2011 1142 2202 1176 Ecclesiam
2225 1142 2287 1174 de-

1275 1207 1277 1217 *
1299 1194 1434 1226 fendito
1453 1201 1572 1226 contra
1591 1201 1777 1239 tyrannos:
1815 1194 1850 1226 id
1870 1194 1962 1225 enim
1993 1194 2130 1226 volebat
2147 1191 2287 1226 Daniel.

1300 1242 1420 1278 Altera
1440 1256 1521 1287 pars
1537 1252 1587 1278 est
1605 1244 1806 1288 promissio:
1843 1243 1889 1277 Et
1904 1244 1970 1277 erit
1987 1244 2122 1277 sanatio
2138 1243 2287 1277 delicto-

1611 1295 1871 1328 Poenitentiam
1898 1295 2043 1328 existere
2066 1305 2205 1327 necesse
2226 1300 2288 1333 est,

1300 1352 1331 1379 et
1357 1352 1473 1378 tamen
1505 1346 1718 1390 condonatio
1753 1352 1802 1378 est
1832 1345 2000 1387 gratuita,
2042 1352 2075 1378 et
2105 1345 2172 1377 fide
2197 1344 2288 1376 acci·

1300 1397 1442 1440 pienda.
1484 1395 1572 1429 'Nam
1593 1397 1619 1428 si
1639 1396 1823 1440 promissio
1843 1397 2009 1439 penderet
2026 1408 2065 1428 ex
2083 1394 2288 1428 conditione

1299 1454 1439 1480 nostrae
1458 1447 1650 1489 dignitatis,
1665 1447 1760 1480 fieret
1780 1447 1891 1488 irrita,
1918 1454 1957 1481 ut
1971 1446 2076 1482 Rom.
2092 1445 2126 1479 4.
2143 1445 2286 1479 dicitur.

1734 1529 1857 1566 Aliud.

1403 1597 1557 1631 Dilectio
1572 1603 1621 1629 est
1639 1598 1790 1631 maxima
1807 1598 1976 1632 virtutum
1991 1625 2000 1639 ‚
2034 1597 2130 1641 Ergo
2147 1605 2289 1643 propter

1951 1647 2047 1692 Nego
2071 1661 2289 1695 consequen-

1301 1757 1485 1796 qneretur:
1530 1749 1684 1782 Dilectio
1720 1757 1770 1783 est
1804 1751 1974 1791 maxima,
2014 1748 2109 1793 Ergo
2143 1763 2221 1785 cum
2251 1763 2290 1786 ea

1301 1802 1447 1835 minime
1473 1807 1703 1844 praestemus,
1745 1801 1892 1834 minime
1921 1808 2066 1845 propter
2098 1799 2189 1836 hanc
2219 1804 2291 1836 vir-

1302 1860 1411 1887 tutem
1440 1851 1521 1884 iusti
1547 1862 1678 1885 sumuS.
1732 1850 1771 1885 Si
1796 1850 2005 1884 haberemus
2030 1852 2176 1886 virtutes
2202 1866 2288 1898 quas

1303 1905 1356 1936 lex
1374 1902 1440 1936 Dei
1459 1903 1609 1944 flagitat,
1637 1908 1669 1934 et
1685 1902 1759 1934 sine
1777 1909 1914 1944 peccato
1932 1913 2095 1943 essemuS,
2123 1911 2214 1938 recte
2232 1904 2288 1936 di-

1303 1965 1463 1987 ceremur
1479 1953 1559 1985 iusti
1580 1958 1722 1995 propter
1746 1953 1974 1985 dilectionem
1991 1960 2022 1986 et
2040 1960 2192 1987 caeteras
2218 1955 2288 1988 vir·

1456 2002 1522 2036 Sed
1556 2003 1636 2047 quia
1666 2010 1790 2036 natura
1818 2001 1972 2036 humana
2003 2005 2127 2048 procul
2154 2005 2248 2039 abest
2270 2018 2289 2038 a

1304 2054 1519 2099 perfectione
1534 2053 1631 2096 legis,
1653 2065 1724 2086 non
1744 2056 1840 2087 ardet
1855 2054 2053 2096 dilectione,
2078 2055 2156 2089 ideo
2171 2053 2290 2089 Evan—

1305 2106 1433 2149 gelium
1462 2104 1629 2148 proponit
1653 2105 1757 2138 aliam
1783 2105 1977 2147 iusticiam,
2006 2108 2108 2140 docet
2130 2118 2193 2139 nos
2217 2119 2289 2140 non

1279 2185 1280 2190 ,
1305 2162 1450 2201 propter
1472 2161 1609 2188 nostras
1632 2155 1794 2197 virtutes,
1829 2157 1887 2189 sed
1912 2163 2053 2200 propter
2073 2157 2168 2190 aliud
2195 2164 2288 2190 extra

1306 2219 1381 2246 nos,
1397 2206 1529 2239 scilicet
1548 2206 1776 2239 mediatorem
1795 2207 1904 2239 filium
1917 2205 1982 2240 Dei
2002 2207 2152 2251 reputari
2170 2207 2291 2248 iustos,

1305 2259 1364 2291 sed
1383 2257 1450 2296 ita,
1478 2257 1506 2289 si
1525 2257 1591 2289 fide
1615 2264 1806 2291 statuamus
1824 2269 1887 2290 nos
1905 2265 2046 2302 propter
2064 2269 2142 2290 eum
2162 2255 2290 2292 habere

1304 2307 1420 2343 Deum
1456 2307 1663 2352 propicium.
1739 2308 1868 2342 Sumus
1911 2308 2019 2351 igitur
2058 2308 2290 2352 imputatione

1306 2359 1407 2398 iusti,
1436 2371 1508 2392 non
1528 2366 1671 2403 propter
1687 2365 1821 2392 nostras
1839 2358 2006 2400 virtutes,
2041 2359 2102 2392 etsi
2122 2357 2184 2393 has
2201 2372 2290 2405 quo-

1306 2423 1373 2456 que
1399 2410 1532 2443 incoari
1560 2409 1597 2441 in
1624 2410 1727 2443 nobis
1752 2416 1901 2453 oportet.
1952 2408 2136 2444 Caeterum
2161 2411 2188 2444 si
2211 2411 2290 2456 quis

1308 2462 1478 2495 virtutum
1508 2460 1696 2493 discrimen
1729 2460 1888 2504 requirit.
1972 2460 2074 2494 Fides
2101 2462 2226 2505 accipit
2252 2462 2289 2494 in

1307 2512 1499 2557 praesentia
1518 2510 1759 2545 remissionem
1778 2517 2007 2554 peccatorum.
2061 2511 2148 2555 Spes
2165 2520 2215 2546 est
2232 2524 2291 2545 ex-

1308 2563 1455 2605 pectatio
1471 2561 1579 2596 futuri
1598 2568 1761 2601 eventus,
1788 2573 1848 2594 seu
1869 2570 2034 2596 venturae
2059 2563 2288 2598 liberationis.

1280 2630 1281 2646 2
1307 2613 1411 2647 Fides
1435 2621 1484 2647 est
1521 2623 1679 2646 assensus
1703 2624 1773 2657 quo
1805 2612 1967 2646 voluntas
2001 2613 2075 2647 vult
2103 2620 2135 2647 et
2164 2613 2289 2657 accipit

1306 2665 1516 2709 promissum
1559 2669 1591 2696 et
1633 2663 1820 2708 acquiescit
1872 2671 2015 2709 propter
2060 2665 2287 2698 mediatorem

1449 1705 1481 1731 et
1512 1699 1696 1731 manifesta
1729 1700 1818 1733 ratio
1852 1706 1922 1740 est,
1963 1699 2091 1733 rectius
2118 1701 2213 1733 enim
2237 1694 2302 1734 se·¹
