2415 2942
286 97 364 132 725

285 181 413 214 cilima.
467 176 697 219 Respondeo,
732 174 886 219 primum
922 177 1149 210 crassissime:
1184 176 1263 210 Non

285 232 455 264 retinetur
477 228 679 269 decalogus,
719 227 799 270 qnia
830 226 865 259 111
898 227 971 269 lege
998 227 1091 260 Mosi
1117 228 1265 272 scriptus

284 288 352 321 est,
386 280 443 312 scd
463 278 617 311 carnales
641 277 826 310 co‘e'rcendi
843 286 921 311 sunt
942 279 1013 321 lege
1030 279 1167 319 morali,
1184 279 1264 324 qnia

285 338 331 364 est
365 331 417 362 lex
447 329 644 362 connnnnis
678 328 838 360 omnium
872 326 1068 362 bominum.
1136 328 1265 363 chati

284 394 366 414 xero
387 380 559 422 incipiunt
577 379 719 411 obedire
739 379 790 410 illi
811 379 894 421 legi,
922 392 993 412 non
1020 380 1101 424 quia
1118 387 1166 413 est
1185 379 1265 413 Mo-

285 432 414 464 saicum
437 427 657 473 ῖιολίτειχιια.
693 430 751 461 sed
772 430 851 472 qnia
880 428 1109 473 Evangelium
1129 431 1265 474 praedi-

284 489 335 515 cat
356 481 624 525 poenitentiam,
641 486 673 512 et
692 480 789 512 affert
808 481 978 524 Spiritum
998 488 1167 521 sanctum,
1184 481 1264 525 qnia

285 532 482 576 spirituales
501 532 614 563 cultus
637 531 671 562 in
693 530 794 563 nobis
813 531 939 566 incoat.
976 531 1164 565 lietinctnr
1184 543 1263 573 crgo

285 583 489 625 decalogus,
525 580 590 614 boc
614 589 682 618 est,
712 581 764 613 lex
797 581 855 615 illa
886 583 1082 615 communis
1107 583 1265 615 oninium

285 631 490 672 homiuum,
519 633 600 677 qnia
623 639 655 665 et
671 632 783 674 arguit
802 641 957 676 peccata,
986 640 1018 666 et
1044 634 1145 667 docet
1162 633 1266 677 spiri-

286 684 396 717 tuales
414 683 538 716 cultus.

390 733 483 767 Ilaec
523 740 570 765 est
604 732 813 766 crassissima
846 733 1044 775 responsio,
1090 744 1178 778 qnae
1205 733 1293 778 0151ἶ

286 797 366 818 vera
394 792 462 821 est,
498 790 614 816 tamen
639 785 797 815 nondum
824 780 887 815 bac
914 785 955 815 de
974 796 1009 815 re
1036 784 1116 816 satis
1134 783 1267 816 dictum

285 843 346 868 est.
401 834 546 867 Necesse
561 840 607 865 est
627 833 732 873 igitur
749 833 853 864 adiici
879 833 1106 878 principalem
1130 845 1267 866 cansam

286 894 317 919 ct
342 885 537 918 doctrinam
563 886 605 915 dc
632 883 858 925 abrogatione
884 884 987 926 legis,
1023 885 1075 917 vel
1101 884 1268 917 deliber-
1292 885 1293 906 ³

286 943 370 969 tate:
409 935 567 967 xidelicet
594 934 764 977 primum,
794 935 888 978 quod
917 936 958 967 ad
986 935 1267 968 iustificationem

286 987 430 1027 attinet,
462 983 691 1027 Evangelinm
716 996 794 1016 were
818 985 944 1018 liberat
968 997 1031 1018 nos
1055 998 1071 1018 a
1093 992 1161 1018 tota
1182 986 1267 1028 lege,

288 1038 406 1075 idest,
424 1037 523 1068 docet
542 1047 603 1067 nos
623 1035 851 1078 pronunciari
871 1036 979 1069 iustos
998 1044 1139 1080 propter
1160 1037 1269 1076 alind,

289 1139 406 1178 Quare
427 1139 604 1169 credvntes
625 1136 658 1167 in
678 1134 856 1169 (jin-istum
877 1134 1007 1170 liabent
1025 1138 1266 1170 remissionem

287 1195 527 1231 peccatorum,
563 1195 595 1220 et
619 1194 700 1219 sunt
726 1187 825 1227 insti,
854 1188 986 1220 etiamsi
1012 1186 1126 1221 adbuc
1150 1186 1268 1221 haeret

290 1239 325 1270 in
358 1239 441 1282 ipsis
471 1238 671 1276 infirmitas,
712 1249 800 1281 quae
834 1238 935 1281 facit,
979 1251 1023 1270 ne
1057 1239 1269 1272 satisfaciant

291 1288 367 1330 legi.
421 1288 471 1320 Ac
498 1287 700 1331 principalis
734 1300 853 1328 cansa,
896 1296 1037 1332 propter
1067 1301 1170 1333 qnam
1199 1296 1269 1322 tra-

291 1340 403 1370 denda
422 1346 468 1371 est
487 1339 568 1381 legis
586 1338 776 1379 abrogatio,
793 1336 874 1371 baec
887 1339 956 1381 ipsa
976 1347 1035 1379 est,
1053 1341 1144 1383 quod
1164 1351 1269 1382 opor-

289 1396 335 1422 tet
355 1389 582 1421 conscientias
602 1390 642 1420 de
660 1388 901 1422 iustificatione
920 1397 1011 1422 recte
1028 1390 1157 1423 doceri.
1187 1390 1268 1422 111οο

289 1437 378 1472 hanc
398 1440 659 1482 responsionem
688 1439 792 1471 adiici
819 1452 955 1472 necesse
973 1448 1021 1474 est
1041 1442 1082 1473 ad
1105 1441 1268 1483 priorem.

391 1489 573 1529 Secundo,
609 1489 670 1521 etsi
695 1501 815 1522 sumus
841 1491 997 1530 liberati,
1024 1492 1117 1535 quod
1145 1492 1186 1523 ad
1214 1491 1268 1523 iu-

290 1539 532 1572 stificationem
557 1539 700 1579 attinet,
735 1547 851 1573 tamen
879 1542 931 1573 1011
955 1554 1024 1573 11011
1051 1548 1098 1574 est
1122 1541 1268 1582 sublata,

289 1595 382 1633 qnod
410 1592 450 1622 ad
486 1591 722 1622 obedientiam
755 1591 896 1634 attinet,
932 1592 1012 1635 quia
1039 1590 1267 1633 Evangelinm

290 1641 466 1682 praedicat
492 1641 761 1684 poenitentiarii,
797 1649 829 1675 et
852 1643 993 1675 subiicit
1017 1654 1080 1674 nos
1102 1640 1201 1682 ])eo‚
1236 1649 1269 1676 et

290 1692 408 1724 incoat
439 1692 472 1723 in
501 1693 603 1724 nobis
623 1692 838 1734 spiritualem
858 1693 1106 1728 obedientiam.
1150 1694 1268 1736 Quare

290 1754 427 1774 necesse
451 1750 500 1776 est
525 1743 656 1775 incoari
686 1743 763 1774 illos
795 1744 928 1783 cultus,
957 1745 1015 1788 qui
1043 1745 1269 1777 continentur

290 1792 324 1823 in
344 1792 416 1835 lege
435 1794 569 1827 morali.

288 1843 373 1884 legi,
402 1844 530 1877 interea
551 1846 646 1876 docet
666 1856 728 1876 nos
746 1844 853 1877 iustos
871 1857 942 1878 esse
964 1846 1029 1878 alia
1054 1859 1107 1886 re,
1134 1846 1264 1880 scilicet

291 1903 433 1936 propter
457 1893 636 1927 (jin-isium
661 1895 738 1928 side.
802 1894 853 1927 lta
880 1896 1003 1929 liberat
1037 1897 1267 1930 conscientias

287 1944 410 1977 abillo
437 1942 599 1977 horribili
625 1957 747 1981 oni-re,
776 1946 905 1980 scilicet
930 1947 1125 1980 terroribus
1149 1954 1180 1981 et
1205 1950 1267 1981 da-

290 1996 490 2035 1111111110110,
521 2008 622 2039 quain
643 1997 695 2028 lex
715 1996 870 2035 afferret,
898 2010 975 2030 cnm
997 1998 1026 2030 ei
1046 2010 1114 2030 non
1132 1999 1267 2031 satisfa-

287 2044 438 2083 ciamus,
481 2046 548 2078 nisi
577 2046 715 2079 liberati
748 2059 916 2087 essemus,
949 2061 987 2081 ac
1016 2049 1095 2080 insti
1126 2055 1268 2092 propter

287 2095 393 2127 aliud.
456 2095 531 2129 lloc
561 2098 660 2130 docet
687 2096 835 2137 Paulus,
879 2111 956 2131 cnm
984 2099 1113 2143 inquit:
1149 2099 1220 2132 Nos
1246 2112 1264 2132 a

286 2147 532 2179 maledictione
559 2148 642 2189 legis
668 2148 832 2181 liberatos
850 2160 931 2183 esse.
984 2148 1079 2181 Dicit
1096 2150 1189 2181 enim
1210 2150 1264 2182 di-

290 2204 378 2229 serte
409 2210 426 2229 a
453 2198 716 2236 maledictione,
752 2207 787 2231 111
821 2199 988 2241 significet
1021 2200 1263 2233 liberationem

289 2256 307 2278 a
338 2247 427 2288 lego,
455 2260 526 2281 esse
551 2250 794 2282 liberationem
821 2262 838 2281 a
865 2251 1076 2289 terroribus,
1108 2257 1138 2282 ct
1161 2263 1178 2282 a
1203 2251 1264 2284 da-

287 2300 485 2342 mnatione,
514 2312 616 2344 quam
641 2300 695 2333 lex
712 2300 809 2333 ass'crt
824 2327 832 2340 ‚
856 2301 923 2332 nisi
941 2301 1006 2333 fide
1023 2299 1264 2344 apprehenda-

287 2358 362 2379 mus
380 2350 653 2383 inisericordiam
679 2359 820 2394 propter
837 2349 1017 2385 Christum
1044 2352 1261 2393 promissam.

283 2393 336 2428 Ex
355 2396 407 2430 bis
423 2408 597 2444 utcunque
623 2401 770 2445 intelligi
793 2409 923 2445 potest,
952 2403 1043 2447 qnod
1064 2415 1079 2434 a
1100 2409 1167 2435 tota
1190 2404 1262 2445 lege

283 2446 420 2481 llberati
453 2461 590 2491 sninns,
622 2455 713 2495 qnod
745 2455 785 2485 ad
815 2453 1094 2486 iustificationem
1126 2454 1261 2495 attinet,

282 2504 314 2531 et
335 2505 447 2532 tamen
467 2502 699 2535 obedientiam
721 2505 850 2536 incoari
873 2515 1009 2536 necesse
1027 2504 1080 2536 sit.

383 2552 538 2591 Quartus
576 2554 702 2594 gradus
738 2552 958 2588 Christianae
998 2554 1168 2587 libertatis
1199 2561 1256 2595 est,

277 2601 371 2643 qnod
396 2600 647 2644 livangelinm,
682 2605 744 2636 etsi
769 2606 928 2638 concedit
950 2606 1083 2650 aliquas
1111 2605 1254 2638 ordina-

271 2651 384 2685 tiones
408 2659 624 2697 temporum,
663 2663 720 2688 aut
754 2656 999 2690 exercitiorum
1031 2657 1066 2690 in
1096 2656 1250 2691 Ecclesia

873 91 999 129 PHlL.
1028 91 1142 127 MEL.
1169 92 1376 128 SCRIPTA
1403 92 1706 131 EXEGETICA.

1293 1084 1295 1091 A
1318 1054 1390 1086 lant
1416 1055 1539 1087 cultus.

287 1087 416 1119 scilicet
451 1093 593 1129 propter
622 1082 824 1125 (Ihrisnim,
867 1099 937 1118 11011
972 1094 1114 1130 propter
1147 1087 1266 1129 legem.
1293 1130 1296 1140 ›
1320 1104 1413 1142 neri,
1442 1111 1479 1137 ut
1497 1105 1789 1148 vereimeffigam
1813 1106 2008 1138 doctrinam
2035 1107 2077 1138 de
2104 1107 2170 1139 fide
2198 1113 2231 1139 et
2254 1107 2298 1138 de

1294 1167 1295 1171 ¹
1321 1167 1399 1187 vera
1425 1156 1667 1195 invocatione,
1695 1163 1727 1189 et
1751 1156 1883 1189 cultum
1910 1156 2009 1194 fidei,
2037 1162 2068 1189 et
2094 1156 2205 1190 sciant
2222 1155 2296 1190 Deo

2221 97 2294 135 724

1315 179 1358 211 ab
1383 175 1588 211 hominibus
1610 184 1752 222 propter
1775 176 1945 218 εὐταξίαν
1967 180 2058 222 fieri,
2085 187 2201 215 tamen
2220 183 2296 217 vult

1316 241 1380 262 nos
1403 230 1533 262 sentire
1561 229 1824 262 observationes
1847 230 1925 263 illas
1960 243 2032 264 non
2065 244 2136 265 esse
2167 233 2295 274 cultus,

1317 292 1386 313 11011
1415 280 1540 312 mereri
1574 279 1814 313 remissionem
1848 287 2085 324 peccatorum,
2119 295 2192 317 non
2220 295 2293 317 esse

1316 331 1485 364 iusticiam
1517 338 1575 364 ant
1606 330 1866 374 perfectionem.
1936 331 2021 364 ltem
2054 340 2147 367 extra
2176 346 2293 368 casum

1316 381 1469 414 scandali
1498 392 1596 424 posse
1619 392 1675 413 eas
1702 380 1815 414 omitti
1840 381 1915 414 51110
1942 389 2092 425 peccato.
2152 383 2204 418 De
2230 382 2294 418 1100

1316 432 1425 474 gradu
1443 433 1542 465 docet
1560 431 1690 464 Paulus
1713 432 1755 463 ad
1774 430 1907 465 Coloss.
1927 443 1999 475 cap.
2018 434 2072 466 2.:
2100 431 2210 467 Nemo
2234 446 2295 469 vos

1317 482 1448 515 iudicet
1472 482 1507 514 in
1536 483 1634 522 cibo,
1660 489 1744 526 potu
1769 489 1832 516 etc.
1884 481 1954 515 Nee
1978 482 2137 528 loquitur
2159 490 2294 518 tautum

1316 534 1358 565 de
1382 532 1546 566 Mosaicis
1571 533 1716 576 ritibus,
1757 533 1816 566 sed
1848 532 1884 565 in
1910 543 2033 576 genere
2067 534 2110 566 de
2133 533 2298 567 Mosaicis

1317 590 1348 616 et
1367 583 1408 616 de
1424 584 1589 616 omnibus
1606 584 1683 616 aliis
1704 583 1929 621 ceremoniis,
1958 595 2046 628 qnae
2064 581 2216 617 humana
2234 596 2297 619 au—

1316 633 1456 667 toritate
1474 634 1707 668 instituuntur
1724 634 1759 667 in
1778 633 1944 668 Ecclesia.
1999 633 2082 667 Ideo
2101 641 2217 678 postea
2237 647 2298 668 ex-

1316 695 1429 728 presse
1458 685 1619 718 nominat
1653 683 1824 718 humanas
1856 684 2081 726 traditiones,
2120 685 2296 731 inquiens,

1316 735 1410 768 iuxta
1428 742 1606 780 praecepta
1629 742 1662 769 et
1686 736 1864 770 doctrinas
1884 733 2079 770 hominum.

1416 800 1547 846 Estque
1573 800 1678 835 huius
1702 803 1829 846 gradus
1853 803 2006 846 cognitio
2024 803 2215 836 admodum
2232 814 2296 837 ne-

1316 852 1460 885 cessaria
1491 851 1675 896 Ecclesiis‚
1716 856 1758 886 ad
1794 854 1924 887 multos
1948 865 2083 887 errores
2112 854 2298 890 cavendos.

1317 902 1408 944 Quia
1427 903 1519 935 enim
1539 900 1698 936 homiues
1714 905 1920 937 naturaliter
1940 904 2040 947 proni
2061 910 2142 937 sunt
2163 905 2205 937 ad
2231 904 2298 938 fal-

1317 965 1371 985 sos
1398 954 1527 991 cultus,
1571 961 1603 987 et
1636 955 1670 986 in
1706 955 1868 998 periculis
1899 955 2106 997 confugiunt
2131 956 2171 987 ad
2198 966 2296 988 suam

1318 1003 1490 1036 iusticiam
1515 1010 1572 1037 aut
1590 1006 1729 1044 merita,
1757 1017 1874 1038 errore
1896 1006 2092 1047 excogitant
2118 1012 2150 1038 et
2173 1017 2297 1038 cumu-

1600 1053 1683 1086 ldeo
1709 1067 1846 1088 necesse
1867 1062 1914 1088 est
1940 1053 2111 1088 Ecclesias
2135 1067 2297 1098 praemo-

1320 1206 1504 1250 displicere
1519 1206 1632 1239 cultus
1649 1206 1825 1240 institutos
1849 1206 1923 1239 51110
1945 1207 2110 1239 mandato
2128 1207 2259 1240 divino.

1421 1271 1535 1306 David
1554 1273 1595 1305 110
1612 1271 1776 1306 Leviticis
1793 1272 1894 1306 dicit:
1924 1271 2102 1315 Quoniam
2121 1273 2149 1306 si
2166 1273 2300 1307 voluis-

1294 1330 1296 1338 ·
1321 1334 1372 1355 505
1389 1323 1613 1366 sacrificium,
1641 1324 1830 1364 dedissem,
1857 1324 1978 1367 utique
1998 1321 2210 1357 holocaustis
2227 1336 2299 1358 non

1320 1374 1558 1407 delectaberis,
1626 1371 1664 1405 111
1698 1371 1763 1406 hoc
1795 1384 1896 1406 versu
1927 1374 2093 1416 significat
2126 1371 2298 1407 humanas

1321 1431 1452 1456 mentes
1478 1424 1513 1455 in
1541 1424 1732 1456 terroribus
1758 1435 1924 1468 quaerere
1949 1424 2132 1463 sacrificia,
2161 1425 2219 1456 sed
2239 1436 2296 1457 re-

1293 1480 1296 1491 ·
1321 1481 1419 1507 vocat
1446 1486 1500 1506 eas
1526 1474 1569 1506 ab
1603 1474 1768 1518 operibus
1797 1475 1838 1506 ad
1875 1474 1976 1506 sidem
2013 1481 2045 1507 et
2079 1474 2297 1517 agnitionem

1321 1525 1590 1558 misericordiae.
1650 1523 1726 1557 Hoc
1757 1537 1835 1557 cum
1865 1525 1908 1556 (10
1931 1524 2106 1556 sacrificiis
2131 1523 2297 1557 Leviticis

1320 1575 1474 1614 dicatur,
1509 1581 1640 1618 quanto
1669 1575 1777 1616 magis
1809 1572 2022 1607 detrahenda
2049 1581 2099 1607 est
2130 1571 2297 1608 humanis

1320 1625 1569 1658 traditionibus
1598 1624 1719 1668 opinio
1742 1625 1855 1658 cultus
1889 1631 1948 1657 aut
1971 1624 2097 1660 meriti.
2157 1624 2195 1658 Si
2219 1625 2298 1670 quis

1320 1688 1415 1709 nunc
1451 1676 1647 1709 restitueret
1690 1675 2012 1716 circumcisionem,
2051 1681 2110 1708 aut
2140 1674 2296 1709 Levitica

1320 1723 1540 1766 holocausta,
1582 1737 1703 1758 omnes
1734 1738 1812 1758 eum
1844 1726 1970 1759 merito
1996 1726 2295 1762 abominaremur.

623 1792 667 1826 Et
695 1800 808 1826 tamen
837 1795 916 1838 quia
941 1807 1010 1827 non
1037 1795 1268 1828 satisfacimus
1293 1790 1296 1824 3
1319 1776 1377 1810 Sic
1403 1777 1601 1809 abominari
1619 1777 1786 1809 debemus
1810 1777 2058 1818 monasticam,
2087 1783 2121 1810 et
2142 1788 2295 1810 ceremo-

1319 1828 1395 1860 nias
1416 1828 1626 1871 impiorum,
1666 1839 1752 1872 quae
1776 1827 1860 1860 finnt
1885 1839 1963 1860 011111
1990 1827 2157 1870 opinione
2185 1828 2297 1861 cultus

1316 1886 1375 1911 aut
1396 1879 1521 1912 meriti.
1574 1877 1668 1910 Haec
1683 1878 1877 1910 similitudo
1895 1878 1961 1920 piis
1977 1879 2205 1920 proponenda
2233 1885 2293 1918 est,

1315 1936 1353 1961 ut
1380 1929 1514 1961 firmius
1539 1935 1691 1962 statuant
1721 1928 1800 1960 illos
1831 1928 1946 1960 cultus
1978 1928 2230 1971 improbandos
2256 1935 2290 1962 et

1314 1979 1497 2022 fugiendos
1513 1991 1595 2014 esse.

1416 2048 1483 2081 Sed
1510 2047 1667 2081 recensui
1693 2057 1797 2089 snpra
1828 2046 1945 2090 plures
1976 2057 2113 2084 causas,
2149 2052 2293 2091 propter

1290 2122 1292 2124 -
1315 2110 1400 2142 quas
1426 2111 1513 2142 opus
1538 2106 1585 2131 est
1611 2097 1805 2136 Ecclesiae,
1834 2097 2033 2139 cognitione
2056 2097 2227 2130 libertatis
2249 2099 2292 2130 de

1314 2147 1379 2181 1100
1397 2156 1520 2193 quarto
1537 2150 1658 2192 gradu.
1712 2147 1798 2180 Nam
1825 2154 1856 2180 et
1881 2148 2001 2191 opinio
2024 2147 2236 2180 necessitatis
2253 2148 2291 2182 fit

1315 2200 1508 2243 periculosa
1546 2199 1745 2232 carnificina
1788 2198 2093 2233 conscientiarum.
2171 2197 2290 2240 Quare

1314 2255 1453 2294 prodest
1479 2258 1593 2283 extare
1620 2248 1709 2282 banc
1731 2249 1906 2291 regulam,
1933 2250 2026 2293 qnod
2052 2255 2144 2281 extra
2169 2260 2288 2281 casum

1312 2301 1467 2333 scandali
1497 2300 1702 2334 traditiones
1733 2300 1770 2331 in
1805 2299 1957 2332 Ecclesia
1990 2299 2099 2332 sactae
2133 2296 2288 2333 humana

1313 2352 1518 2391 autoritate,
1553 2352 1627 2383 sine
1658 2357 1796 2393 peccato
1827 2350 1940 2383 omitti
1966 2350 2117 2392 possint,
2152 2350 2288 2384 etiamsi

1312 2414 1382 2434 non
1401 2402 1617 2445 praecipiunt
1635 2402 1775 2445 aliquod
1795 2401 1940 2442 impium
1959 2411 2057 2443 opus.
2110 2397 2155 2433 Et
2171 2407 2287 2434 tamen

1311 2453 1449 2485 interim
1476 2454 1523 2496 pii
1548 2452 1696 2486 docendi
1722 2458 1802 2484 sunt
1828 2451 1863 2483 in
1882 2450 2045 2483 Ecclesiis
2069 2457 2158 2484 recte
2184 2451 2287 2486 insti-

1308 2504 1413 2544 tutis,
1440 2504 1604 2537 utlibero
1621 2503 1756 2541 animo,
1785 2508 1926 2544 propter
1949 2501 2144 2546 exemplum
2171 2508 2202 2534 et
2219 2503 2284 2535 bo-

1308 2567 1390 2587 num
1419 2555 1598 2594 ordinem,
1635 2559 1772 2586 servent
1804 2553 1906 2585 utiles
1942 2552 2048 2593 ritus,
2089 2552 2170 2597 quia
2197 2550 2282 2586 haec

1306 2606 1374 2638 vita
1401 2604 1553 2638 humana
1590 2616 1661 2636 non
1689 2609 1800 2648 potest
1825 2614 1940 2636 carere
1964 2604 2064 2636 certis
2089 2603 2281 2637 ordinatio-

1304 2657 1426 2701 nibus,
1453 2663 1491 2690 ut
1509 2661 1653 2691 constat.
