2415 2942
96 113 170 152 925
364 112 465 148 XIII.

101 200 314 245 corporalis,
343 206 460 233 tamen
479 211 552 232 non
571 206 740 243 regnant,
759 200 839 244 quia
859 199 995 233 etiamsi
1013 212 1089 233 cor-

100 264 165 296 pus
199 251 417 291 destruitur,
466 258 583 284 tamen
610 263 683 284 non
713 251 914 284 sentiuntur
950 251 1089 284 dolores

98 304 317 342 inferorum,
360 303 419 334 sed
452 302 597 346 spiritns
623 302 711 335 vivit
736 308 879 345 propter
904 302 1090 341 iusticiam,

96 360 135 387 ut
161 353 250 386 infra
278 353 395 398 inquit
418 353 530 397 capite
556 353 607 385 8.:
653 351 701 385 Et
724 359 841 396 postea
874 352 1088 385 resusciatur

97 402 204 437 homo
227 405 269 437 ad
291 412 468 437 aeternam
497 404 631 444 lucem,
657 403 884 446 sapientiam,
910 403 1087 435 iusticiam

96 462 128 489 et
152 455 330 488 laetitiam.
383 455 435 488 Ita
459 453 516 488 hic
548 453 680 499 inquit:
720 452 844 487 Gratia
880 461 1002 497 regnat
1027 466 1087 497 per

99 506 293 546 iusticiam,
321 506 356 538 id
386 513 454 546 est,
481 504 721 538 misericordia
740 505 891 548 gratuita
916 512 1037 547 regnat
1055 512 1088 538 et

98 557 226 599 vincit,
255 569 323 601 qua
346 564 379 589 et
398 557 479 591 iusti
497 563 724 599 reputamur,
751 563 782 589 et
802 557 978 588 donamur
998 568 1087 588 nova

99 608 194 647 luce,
233 608 403 650 sapientia
428 615 459 640 et
485 607 620 639 iusticia
650 618 710 648 per
742 607 857 639 Iesum
891 604 1087 639 Christum.

98 657 286 703 Utrunque
310 658 404 690 enim
429 656 485 690 hic
518 657 764 701 complectitur
790 657 922 691 Paulus
950 666 982 690 et
1016 658 1086 689 im-

98 709 314 752 putationem
338 716 371 742 et
395 708 688 746 vivificationem,
728 721 796 754 qua
822 709 895 753 ipse
914 708 1007 742 filius
1022 707 1088 741 Dei

97 760 134 792 in
161 760 264 793 nobis
288 767 337 794 est
360 759 492 795 efficax.

360 966 466 1016 Quid
492 969 609 1015 igilur
637 968 819 1003 dicemus?

199 1070 408 1116 Priusquam
421 1070 551 1105 Paulus
568 1072 741 1105 incoatam
761 1070 985 1104 collationem
1005 1082 1085 1114 pec-

99 1123 184 1164 cati,
211 1123 296 1165 legis
321 1129 353 1155 et
381 1120 524 1156 Gratiae
547 1123 714 1166 pertexit,
743 1122 865 1155 inserit
883 1122 1084 1166 occupatio-

98 1186 179 1214 nes,
207 1173 290 1218 quia
314 1184 460 1216 magnus
478 1174 651 1206 tumultus
673 1174 918 1218 quaestionum
938 1170 994 1205 hic
1013 1173 1084 1205 ori—

97 1233 169 1258 tur:
196 1223 236 1258 Si
259 1236 330 1257 non
357 1235 477 1257 sumus
501 1224 584 1257 iusti
601 1225 674 1267 lege
700 1231 732 1257 et
757 1224 924 1266 operibus
946 1224 1085 1263 nostris,
1110 1246 1112 1270 ξ

96 1276 156 1308 sed
177 1287 237 1318 per
254 1274 529 1308 misericordiam
550 1283 692 1319 propter
710 1275 957 1315 mediatorem,
975 1286 1081 1319 qnor-

98 1338 173 1359 sum
196 1336 284 1368 opus
308 1332 357 1359 est
379 1327 467 1358 bene
490 1326 653 1369 operari?

197 1375 291 1409 Haec
314 1376 464 1409 obiectio
492 1377 530 1410 fit
556 1377 664 1419 magis
691 1377 888 1419 perspicua,
916 1376 944 1407 si
971 1376 1080 1409 nostri

96 1428 262 1471 temporis
281 1427 538 1459 controversiae
554 1428 832 1462 considerentur.
875 1426 962 1459 Nam
982 1439 1081 1469 pror·
1107 1447 1109 1469 t

97 1489 154 1512 sus
171 1479 292 1511 eadem
311 1478 462 1511 absurda
479 1478 581 1510 nobis
597 1478 788 1511 adversarii
816 1478 1008 1511 obiiciunt:
1044 1477 1081 1511 Si
1107 1471 1110 1506 Ι

96 1536 240 1573 propter
263 1540 369 1572 opera
396 1540 468 1560 non
494 1540 615 1562 sumus
641 1529 740 1569 iusti,
768 1541 935 1573 quorsum
958 1529 1083 1561 attinet
1108 1521 1109 1525 ¹

97 1582 188 1613 bene
214 1579 363 1622 operari.
421 1579 494 1611 lmo
527 1587 622 1613 tanta
646 1587 694 1612 est
718 1580 903 1612 infirmitas
935 1587 1081 1612 naturae

96 1637 246 1667 nostrae,
263 1636 302 1662 ut
319 1630 447 1672 singuli
466 1630 645 1663 remittant
664 1631 896 1663 intentionem
916 1636 947 1662 et
963 1642 1081 1661 curam

98 1682 187 1713 hene
211 1681 399 1724 operandi,
439 1681 557 1713 andita
584 1681 743 1713 doctrina
772 1683 813 1712 de
838 1681 1081 1723 imputatione.

98 1731 145 1764 At
161 1731 315 1773 cognitio
335 1731 592 1763 misericordiae
616 1732 723 1772 magis
743 1734 930 1763 accendere
952 1744 1014 1762 nos
1039 1734 1080 1762 ad

100 1784 186 1815 bene
208 1783 426 1825 operandum
451 1783 611 1815 deberet:
648 1794 728 1814 naxn
753 1782 927 1814 dubitatio
956 1790 1000 1813 est
1025 1794 1081 1813 ar·

99 1844 206 1865 canus
243 1840 277 1866 et
311 1833 509 1876 profundus
544 1833 726 1872 fremitus,
768 1834 827 1876 qni
865 1831 1083 1865 horribiliter

101 1883 313 1926 languefacit
343 1884 481 1915 animos
515 1884 549 1916 in
590 1884 814 1916 invocatione
854 1891 886 1916 et
917 1884 1083 1916 omnibns

99 1935 308 1968 actionibus.
357 1933 490 1968 Usitata
509 1942 625 1968 autem
647 1947 830 1979 responsto
846 1941 896 1967 est
915 1937 955 1966 ad
977 1946 1082 1979 quae-

97 1986 263 2019 stionem:

196 2036 235 2070 Si
262 2048 335 2069 non
358 2047 477 2070 sumus
495 2036 577 2071 iusti
606 2044 750 2080 propter
775 2048 897 2081 opera,
924 2048 996 2069 non
1019 2036 1082 2080 igi-

199 2094 257 2121 tur
279 2098 367 2130 opus
384 2094 433 2120 est
452 2089 542 2120 hene
559 2088 723 2132 operari?

504 2138 701 2182 Responsio
717 2153 723 2171 :
1109 2146 1112 2162 1

197 2187 293 2231 Nego
316 2190 622 2233 consequentiam,
657 2197 690 2222 et
717 2190 804 2222 ratio
832 2197 899 2227 est,
938 2190 1017 2234 quia
1047 2190 1082 2222 in
1109 2172 1112 2222 i

98 2237 164 2273 hoc
185 2246 391 2282 argumento
408 2240 544 2273 fallacia
562 2247 613 2273 est
629 2242 820 2274 secundum
840 2253 914 2274 non
933 2253 1085 2281 causam,
1110 2234 1111 2237 ¹

98 2298 136 2323 ut
164 2302 316 2324 causam.

199 2339 291 2375 Sunt
307 2341 401 2374 enim
419 2341 505 2374 aliae
522 2353 666 2385 magnae
682 2349 714 2375 et
731 2343 943 2375 necessariae
961 2355 1083 2375 causae

100 2391 188 2423 bene
219 2393 414 2435 operandi,
467 2393 604 2425 esiamsi
636 2405 740 2436 opera
775 2405 845 2425 non
882 2393 1083 2427 iustificam.

98 2441 260 2475 Donatur
275 2443 472 2477 iustificatio
492 2451 634 2487 propter
650 2444 878 2476 mediatorem
893 2456 953 2487 per
970 2445 1085 2485 fidem,

101 2493 134 2523 id
156 2499 223 2533 est,
252 2502 395 2536 propter
417 2495 529 2528 filium
547 2494 612 2528 Dei
631 2495 821 2538 accipimus
840 2495 1082 2528 remissionem

101 2550 342 2585 peccatorum,
369 2552 402 2578 et
427 2553 632 2589 reputamur
656 2546 758 2585 iusti,
786 2546 821 2578 id
852 2553 918 2586 est,
953 2546 1083 2589 accepti

100 2593 174 2626 Deo
199 2595 315 2636 gratis.
372 2593 524 2639 Oportet
556 2598 650 2630 enim
682 2597 794 2630 tribui
825 2595 898 2630 filio
923 2597 1081 2629 debiturn

99 2642 294 2686 honorem,
333 2653 365 2680 et
390 2655 526 2691 oportet
548 2648 825 2682 consolationem
855 2659 926 2681 esse
948 2647 1082 2680 firmam
1107 2630 1110 2696 ff

96 2703 129 2729 ct
155 2703 295 2731 certam.

477 885 579 939 Cap.
625 887 699 927 Vl.
1110 811 1116 1137 Ι

1110 1162 1113 1185 ι

520 113 556 149 3.
584 111 881 148 ΕΝΑΡιΡιΑΤΙΟ
909 112 1066 150 EPIST.
1094 114 1243 150 PAULI
1270 114 1336 150 AD
1365 113 1625 150 ROMANOS.

1116 218 1120 263 1

1109 1278 1111 1284 ’
1138 1270 1324 1313 Efficiens‚
1354 1270 1505 1305 FinaleS.

1110 2163 1111 2166 η
1139 2140 1242 2171 corda
1261 2149 1394 2170 eorum.

1690 115 1793 151 CAP.
1822 116 1883 153 VI.
2067 120 2141 156 926

1239 200 1295 234 Fit
1312 209 1426 235 autem
1446 199 1552 235 huius
1565 202 1724 235 beneficii
1740 203 1927 247 applicatio
1945 216 2007 248 per
2022 205 2137 248 fidem,

1145 265 1215 296 qna
1246 253 1351 284 simul
1378 254 1481 285 corda
1512 262 1780 296 regenerantur,
1829 255 1910 299 quia
1937 263 2020 290 tunc
2042 257 2136 291 filins

1147 303 1216 335 Dei
1240 314 1301 345 per
1323 302 1557 346 Evangelium
1587 304 1738 338 vivificat
1762 308 1887 345 corda,
1927 314 1959 340 et
1976 309 2033 342 dat
2052 307 2134 351 Spi-

1145 354 1253 385 ritum
1280 361 1454 387 sanctum.
1506 353 1556 387 Ita
1581 355 1617 387 in
1644 362 1761 388 mente
1784 363 1816 389 et
1840 359 1944 390 corde
1971 359 2133 392 incoatnr

1143 403 1380 447 Pregeneratio
1405 412 1545 448 accepto
1567 406 1694 443 verbo,
1721 406 1755 439 id
1773 414 1840 445 est,
1869 407 2131 448 Consolatione,

1144 467 1250 501 quam
1276 455 1362 488 dicit
1383 455 1475 488 filius
1503 456 1540 488 in
1562 457 1667 489 corde
1685 463 1718 489 et
1736 466 1873 501 accepto
1896 458 2031 503 Spiritu
2050 473 2131 494 san-

1144 514 1215 546 cto,
1244 506 1304 550 qui
1323 517 1434 539 novos
1452 514 1568 540 motus
1591 507 1749 541 accendit
1773 508 1809 540 in
1833 511 1948 544 corde.
2003 511 2060 544 Sic
2082 513 2131 546 ait

1142 556 1284 590 Petrus:
1319 556 1449 590 Renati
1475 558 1575 598 estis,
1620 570 1691 591 non
1728 559 1860 592 semine
1893 563 2130 605 corruptibili,

1143 610 1202 641 sed
1221 620 1282 651 per
1303 619 1501 641 sermonem
1519 608 1693 642 viventem
1712 608 1793 650 Dei,
1822 618 1852 643 et
1870 620 2070 644 manentem
2091 614 2126 645 in

1144 660 1270 694 secula.
1323 658 1369 692 Et
1397 660 1439 691 ad
1466 658 1588 692 Titum
1611 660 1664 694 3.:
1699 659 1903 693 Secundum
1928 663 2125 696 misericor-

1143 711 1237 745 diam
1254 709 1402 742 salvavit
1420 721 1483 743 nos
1502 722 1563 754 per
1580 710 1757 743 lavacrum
1774 713 2068 754 regenerationis,
2096 722 2127 748 et

1143 762 1410 794 renovationem
1432 760 1586 805 Spiritus
1601 761 1730 801 sancti,
1759 774 1862 806 quem
1882 763 2006 797 effudit
2024 776 2128 809 super

1142 825 1207 846 nos
1229 813 1414 855 opulenter
1439 824 1501 856 per
1525 809 1677 845 Iesum
1700 810 1880 846 Christum
1916 815 2127 848 salvatorem

1142 871 1314 898 nostrum.
1384 861 1430 896 Et
1462 861 1653 896 Zachariae
1683 865 1758 898 11.:
1801 862 1993 898 Effundam
2024 878 2128 910 super

1141 916 1287 948 domum
1309 914 1421 948 David
1448 914 1609 957 spiritum
1634 915 1764 957 gratiae
1782 924 1814 948 ct
1833 928 1987 959 precum.

1241 964 1528 999 Considerandae
1553 973 1634 999 sunt
1659 966 1767 1009 igitur
1783 979 1909 999 causae
1931 968 2020 1000 bene
2038 979 2123 1012 ope-

1141 1017 1243 1050 randi
1262 1017 1491 1049 necessariae:
1525 1024 1556 1050 et
1574 1024 1706 1059 agreste
1724 1024 1775 1050 est
1791 1017 1987 1061 intelIIgere
2005 1031 2126 1052 neces-

1141 1070 1276 1102 sitatem
1303 1068 1531 1102 coactionem.
1591 1068 1808 1110 Angelorum
1844 1069 2045 1103 obedientia
2075 1077 2126 1103 est

1140 1119 1352 1159 necessaria,
1387 1119 1422 1151 id
1447 1126 1516 1159 est,
1549 1119 1597 1152 sic
1620 1119 1781 1152 ordinata
1797 1131 1814 1151 a
1833 1119 1926 1160 Deo,
1957 1128 2125 1162 ettamen

1139 1178 1190 1204 est
1206 1177 1410 1213 spontanea,
1427 1182 1499 1202 non
1518 1177 1652 1203 extorta
1670 1169 1847 1203 coactione
1864 1171 1919 1203 vel
1938 1172 2126 1205 teroribus.

1241 1221 1332 1253 Sunt
1351 1220 1456 1261 igitur
1477 1232 1597 1253 causae
1614 1222 1701 1253 bene
1721 1222 1911 1264 operandi,
1932 1221 2125 1266 Impulsiva

1562 1271 1751 1314 impulsiva
1765 1299 1773 1311 ‚
1801 1273 1882 1316 quia
1901 1280 2017 1306 manet
2037 1275 2124 1305 ordo

1136 1322 1203 1355 Dei
1232 1323 1420 1362 immotus,
1455 1329 1493 1355 ut
1519 1330 1675 1354 creatura
1700 1323 1843 1356 obediat
1864 1322 1959 1358 Deo:
1996 1325 2038 1356 de
2061 1321 2124 1356 hac

1138 1385 1239 1406 causa
1260 1373 1420 1417 loquitur
1443 1371 1575 1406 Paulus
1599 1373 1688 1406 infra
1714 1385 1792 1406 cum
1816 1373 1948 1419 inquit:
1979 1374 2126 1408 Debito-

1136 1436 1191 1457 res
1208 1436 1340 1458 sumus·

1239 1473 1423 1513 Efficiens‚
1459 1475 1502 1507 de
1520 1486 1586 1519 qua
1613 1472 1670 1506 hic
1698 1474 1874 1519 quuitur,
1903 1483 1952 1509 est
1972 1475 2125 1520 Spiritus

1137 1533 1295 1565 sanctus,
1324 1526 1381 1569 qui
1402 1526 1487 1558 tals-s
1505 1533 1618 1558 motus
1638 1528 1813 1566 accendit,
1843 1528 1956 1571 qualis
1974 1528 2046 1570 ipse
2064 1535 2122 1560 est.

1237 1576 1331 1609 Hinc
1357 1577 1426 1608 duo
1455 1583 1659 1617 argumenta
1687 1578 1814 1610 extruit
1839 1577 1984 1611 Paulus.

1240 1627 1370 1659 Natum
1401 1635 1537 1659 mortua
1565 1639 1634 1659 non
1663 1627 1704 1659 sit
1731 1628 1867 1660 efficax:

1240 1676 1350 1710 Vetus
1368 1684 1492 1710 natura
1509 1678 1623 1720 coepit
1641 1679 1728 1710 mori
1743 1706 1750 1717 ,
1774 1679 1854 1724 qnia
1883 1691 1960 1712 cum
1982 1680 2018 1712 in
2038 1693 2122 1713 con-

1137 1729 1298 1761 versione
1324 1729 1437 1770 arguit
1464 1737 1659 1772 peccatum,
1700 1729 1747 1762 ibi
1772 1730 1807 1763 in
1834 1742 1936 1764 sensu
1963 1731 2033 1763 irae
2058 1730 2123 1763 Dei

1136 1792 1255 1813 rwera
1281 1780 1316 1812 fit
1341 1780 1563 1813 mortificatio
1583 1780 1707 1812 veteris
1728 1788 1892 1822 naturae,
1920 1788 1957 1814 ut
1976 1782 2121 1815 dicitur:

1137 1831 1235 1864 Sicut
1252 1830 1321 1863 Leo
1343 1830 1506 1863 contrixit
1524 1831 1642 1862 omnia
1661 1843 1736 1864 ossa
1756 1844 1842 1865 mea.

1241 1882 1318 1914 Non
1346 1881 1452 1924 igitur
1478 1882 1522 1914 sit
1547 1882 1676 1916 efficax.

1244 1931 1354 1973 Item,
1395 1931 1483 1964 Viva
1512 1939 1543 1964 et
1576 1944 1727 1975 regnans
1760 1939 1885 1966 natura
1919 1934 1963 1967 sit
1993 1935 2123 1968 efficax.

1138 1984 1211 2017 lam
1238 1991 1358 2026 regnat
1385 1984 1420 2015 in
1447 1985 1552 2016 corde
1579 1983 1750 2027 Spiritus:
1795 1984 1837 2017 sit
1862 1984 1969 2027 igitur
1993 1986 2122 2019 efficax.

1137 2035 1225 2068 Nam
1243 2035 1394 2077 Spiritus
1411 2041 1550 2066 sanctus
1568 2035 1726 2068 accendit
1743 2035 1828 2068 tales
1847 2042 1980 2074 motus,
2010 2037 2123 2080 qualis

1138 2087 1210 2130 ipse
1242 2094 1308 2125 est,
1351 2086 1444 2118 iuxta
1472 2085 1623 2118 dictum:
1670 2085 1770 2119 Dabo
1801 2086 1911 2129 legem
1946 2098 2057 2119 meam
2083 2087 2121 2119 in

1438 2135 1533 2168 Haec
1549 2145 1753 2178 argumenta
1772 2138 1892 2170 recitat
1910 2135 1966 2170 hic
1979 2136 2123 2173 Paulus.

2064 2188 2123 2221 Fi-

1239 2186 1373 2221 Causae
1398 2187 1518 2219 finales
1538 2195 1619 2220 sunt
1645 2189 1772 2220 multae
1797 2195 1827 2220 et
1852 2199 2008 2230 magnae.

1110 2239 1111 2243 ¹
1138 2241 1205 2273 lius
1228 2238 1292 2272 Dei
1313 2250 1534 2283 nequaquam
1555 2239 1633 2271 ideo
1653 2251 1771 2282 passus
1789 2245 1856 2278 est,
1883 2251 1946 2271 nec
1966 2240 2043 2272 ideo
2061 2241 2123 2274 dat

1109 2288 1111 2310 ἕ
1138 2290 1380 2324 remissionem
1406 2296 1642 2332 peccatorum,
1671 2297 1707 2321 nt
1730 2289 1910 2322 confirmet
1931 2299 2124 2332 peccatum,

1109 2361 1111 2372 1
1137 2349 1170 2375 et
1190 2339 1382 2374 horribiles
1407 2341 1545 2373 furores
1572 2340 1606 2372 in
1634 2352 1759 2382 genere
1784 2338 1961 2381 humano,
1997 2342 2056 2374 sed
2083 2349 2122 2374 ut

1139 2394 1250 2425 deleat
1267 2400 1443 2436 peccatum
1462 2398 1494 2423 et
1514 2398 1679 2429 mortem,
1708 2398 1738 2423 et
1765 2391 1922 2423 restituat
1948 2392 2120 2425 iusticiam

1138 2451 1171 2477 et
1188 2444 1294 2476 vitam
1312 2450 1507 2475 aeternam:
1545 2442 1693 2484 ideoque
1714 2442 1786 2474 xult
1809 2454 1870 2473 nos
1889 2441 1960 2474 fieri
1981 2443 2122 2475 consor-

1138 2507 1211 2528 mes
1236 2506 1318 2526 suae
1343 2493 1467 2526 mortis
1491 2499 1522 2525 et
1549 2492 1827 2526 resurrectionis.
1888 2491 1933 2525 Et
1959 2495 2000 2525 ad
2029 2491 2123 2526 hunc

1137 2546 1251 2589 ipsum
1276 2545 1380 2577 finem
1405 2549 1521 2575 manet
1547 2555 1641 2576 mors
1666 2544 1822 2586 corporis
1851 2544 1954 2576 etiam
1994 2545 2123 2576 electo-

1138 2609 1215 2629 rum
1242 2603 1275 2629 et
1291 2596 1608 2631 sanctificatorum,
1632 2600 1670 2628 ut
1689 2605 1797 2626 massa
1827 2595 1954 2636 peccati
1982 2606 2124 2638 prorsus

1137 2649 1359 2687 destruatur,
1406 2652 1439 2678 et
1464 2651 1580 2677 tamen
1606 2643 1643 2676 in
1671 2657 1708 2676 ea
1737 2645 1812 2678 vult
1836 2646 1970 2678 incoari
1999 2646 2033 2677 iu
2060 2643 2124 2678 hac

1105 2698 1112 2742 l
1139 2699 1209 2732 vita
1233 2698 1365 2735 lucem,
1401 2695 1575 2729 iusticiam
1600 2702 1633 2730 et
1651 2695 1758 2729 vitam
1785 2702 1980 2735 aeternam,
2010 2703 2041 2729 et
2067 2697 2124 2728 dat
