2415 2942
209 85 282 120 519

219 172 269 205 rie
286 172 437 214 pollutos
453 167 630 207 exaudiat,
663 173 695 200 et
715 166 854 211 quidem
877 171 970 198 tanta
996 165 1109 207 bona,
1143 177 1202 199 re—

216 222 515 256 conciliationem,
544 218 713 258 Spiritum
732 224 888 249 sanctum
909 225 939 249 et
957 216 1063 249 vitam
1085 224 1196 250 aeter—

217 284 297 306 nam
319 271 496 312 largiatur.
551 267 664 300 Multa
693 268 802 301 tristia
830 266 1078 310 impedimenta
1103 275 1196 308 sunt,

216 334 304 367 quae
337 322 438 352 fidem
473 325 531 351 aut
569 319 796 359 extinguunt,
831 324 891 350 aut
924 318 1194 360 lauguefiiciunt‚

216 375 302 405 sicut
322 378 353 403 et
371 370 499 403 Paulus
518 371 557 401 ad
578 368 681 402 Rom.
700 368 733 401 7.
754 369 817 401 ait:
848 367 988 400 Peccata
1009 380 1069 412 per
1085 369 1193 411 legem

215 422 362 455 efficacia
381 433 452 453 esse
472 421 506 452 iu
527 419 694 452 membris
711 419 858 456 nostris,
887 418 919 450 id
949 425 1016 458 est,
1050 421 1193 452 terrori-
1218 428 1222 448 t

216 475 283 505 lius
310 473 391 513 legis
417 470 578 513 impediri
604 471 704 502 fidem
732 477 763 502 et
789 469 1063 509 invocationem,
1100 476 1130 502 et
1155 482 1193 502 ex
1218 449 1222 480 ⁵

215 523 409 556 diffidentia
428 522 512 554 oriri
532 521 638 553 multa
657 528 793 564 peccata
811 520 889 552 alia.
942 518 1036 552 llaec
1061 520 1192 552 intelli-

215 581 296 615 gant
315 573 381 620 pii,
405 580 436 605 et
456 578 650 615 repugnent
667 571 900 608 diffidentiae,
919 577 951 603 et
971 568 1093 602 harum
1113 583 1195 614 pro-

215 624 579 657 missionumcumulo
599 622 808 662 excitentur,
836 628 871 654 ut
889 622 1031 653 credant
1051 632 1105 652 eas
1123 633 1195 653 non

216 687 288 707 esse
310 675 430 706 ἰηιηῡε
456 675 641 705 verborum
670 684 790 711 sonos,
827 672 883 703 scd
907 682 1024 703 revera
1051 682 1115 702 nos
1138 683 1194 703 ex-

215 726 329 758 audiri
350 726 549 757 invocantes
569 730 710 766 propter
727 720 925 759 Christum,
944 727 974 753 et
993 733 1112 753 revera
1130 722 1196 753 im—

216 784 351 820 petrare
369 773 449 807 liner
474 775 546 817 ipsa
568 775 678 810 bona,
711 785 798 817 quae
819 772 1095 814 promittuntur,
1135 783 1196 803 nec

217 825 429 868 experientia
451 824 640 866 praecurrit
659 824 779 861 fidem,
807 822 864 854 sed
892 821 1066 865 sequitur:
1094 820 1196 854 Prius

214 878 281 911 sibi
303 877 374 909 vult
394 877 484 907 credi
506 874 617 911 Deus,
645 881 676 905 et
693 874 871 905 credentes
893 872 1053 911 exaudit,
1081 879 1113 904 et
1135 873 1197 904 ad—

215 930 322 960 iuvat.
380 925 459 957 [deo
485 926 613 957 dicitur
639 926 673 958 2.
702 923 813 955 I‘aral.
838 922 915 957 RQ:
953 921 1094 955 Credite
1110 921 1197 960 Deo,

215 986 247 1011 et
266 977 376 1010 securi
395 977 508 1015 eritis,
529 982 559 1007 et
580 974 689 1007 Marci
709 974 759 1008 9.:
787 972 901 1007 Credo
919 972 1088 1013 Domine,
1118 973 1195 1016 opi-
1220 971 1221 974 ’

214 1030 326 1063 tulare
343 1039 436 1059 meae
455 1025 703 1060 incredulitati,

316 1077 379 1111 Est
413 1085 443 1110 et
475 1075 541 1109 hoe
573 1076 757 1116 diligenter
788 1074 1067 1112 observandum,
1102 1074 1195 1118 quod

215 1137 308 1163 certo
334 1128 387 1161 illi
413 1128 522 1160 coetui
551 1127 765 1168 promittitur
788 1124 942 1168 Spiritus
965 1131 1124 1164 sanctus,
1160 1124 1196 1156 in

216 1193 285 1225 quo
304 1186 351 1212 est
369 1178 498 1219 agnitio
517 1175 666 1217 Christi,
696 1175 758 1209 hoc
775 1182 843 1215 est,
871 1176 906 1207 in
927 1187 995 1220 quo
1013 1181 1112 1207 sonat
1131 1187 1195 1206 vox

214 1229 418 1272 Evangelii,
447 1229 535 1261 sicut
553 1235 583 1260 et
601 1239 703 1271 supra
724 1226 856 1270 inquit:
885 1226 923 1259 Si
941 1226 1019 1269 quis
1045 1225 1198 1258 servabit

216 1292 393 1315 sermones
409 1291 521 1316 meos,
557 1279 598 1311 ad
627 1290 704 1309 eum
734 1277 913 1308 veniemus
934 1284 1014 1319 etc.‚
1050 1283 1080 1308 et
1107 1276 1198 1307 iufra

214 1344 289 1375 cap.
310 1330 387 1364 15.:
425 1330 460 1363 Si
483 1329 679 1361 manseritis
704 1328 739 1359 iu
765 1339 838 1364 me,
874 1334 905 1360 et
931 1327 1035 1359 verba
1062 1337 1136 1357 mea
1161 1326 1198 1357 iu

214 1383 314 1415 vobis
333 1381 540 1418 incluserint,
569 1380 662 1423 quod
689 1378 885 1416 volueritis,
913 1377 1055 1420 petetis,
1084 1384 1115 1409 et
1142 1376 1199 1409 fiet

214 1434 325 1467 vobis.
369 1431 463 1464 Haec
481 1439 528 1463 est
548 1442 670 1471 magna
689 1429 880 1461 consolatio
900 1428 984 1470 piis,
1001 1427 1087 1460 scire
1104 1433 1198 1458 certo

213 1483 481 1526 promissionem
505 1480 657 1524 Spiritus
692 1479 799 1511 sancti
837 1479 1011 1520 alligatam
1048 1488 1120 1509 esse
1155 1477 1197 1508 ad

213 1533 470 1574 Evangelinm,
510 1531 633 1562 donari
660 1529 830 1572 Spiritum
856 1535 1012 1561 sanctum
1040 1527 1102 1566 iis,
1137 1527 1198 1570 qui

215 1574 362 1617 credunt
387 1581 600 1624 Evangelis‘,
643 1588 675 1612 et
710 1578 772 1612 hac
803 1579 870 1611 fide
906 1584 1039 1622 petunt.
1101 1576 1199 1617 ltem,

215 1641 308 1667 certo
333 1634 502 1666 efficacem
529 1644 599 1664 esse
623 1631 794 1674 Spiritum
817 1636 975 1662 sanctum
1003 1639 1062 1671 per
1080 1626 1199 1660 Evan-

215 1687 361 1726 gelium,
390 1684 476 1716 sicut
494 1683 674 1715 ‹liciturad
694 1681 799 1715 Ronu
819 1683 864 1713 1.:
901 1678 1130 1721 Evangelium
1151 1686 1199 1711 est

214 1736 371 1779 potentia
396 1734 458 1767 Dei
494 1735 534 1765 ad
569 1733 714 1765 salutem
751 1731 847 1763 omni
885 1729 1052 1763 credenti.
1111 1728 1196 1761 Item

809 79 932 114 PntL.
960 79 1074 116 MEL.
1101 77 1311 114 SCRIPTA
1338 77 1637 117 EXEGETICA.

217 1790 252 1821 2.
283 1788 323 1818 ad
348 1782 509 1819 Corintli.
539 1784 588 1817 3.:
627 1781 859 1824 Evangelium
884 1787 934 1813 est
960 1779 1195 1811 ministerium

216 1838 378 1878 spiritus,
402 1836 435 1867 id
456 1842 524 1875 est,
552 1846 613 1878 per
629 1834 721 1878 quod
748 1834 850 1865 datur
867 1830 1019 1875 Spiritus
1046 1836 1195 1862 sanctus.

214 1887 290 1921 Hae
310 1887 556 1930 promissiones
575 1891 715 1928 propter
733 1883 925 1925 angustiam
948 1879 1093 1913 humani
1120 1892 1196 1913 cor-

215 1939 275 1972 dis,
288 1945 319 1971 et
336 1937 563 1979 multiplicem
583 1934 812 1966 diffidentiam
833 1944 904 1964 nou
922 1932 1004 1964 satis
1021 1931 1196 1974 aspiciun-

215 1996 292 2028 tur,
316 1989 373 2020 sed
392 1999 469 2020 cum
486 1998 540 2018 eas
559 1986 595 2017 in
620 1985 841 2017 invocatione
867 1984 1066 2023 intuemur,
1095 1993 1195 2025 expe-

214 2040 327 2073 rimur
346 2050 402 2071 eas
420 2048 535 2077 veras,
565 2043 596 2069 et
613 2048 683 2068 uon
702 2035 816 2068 irritas
832 2045 915 2067 esse.

468 2118 547 2154 Ille
568 2117 704 2152 docebit
724 2129 783 2150 cos
802 2116 939 2153 omnia,

316 2187 350 2223 Ο
370 2199 533 2229 magnum
551 2185 615 2219 Dei
639 2184 864 2223 beneficium,
892 2182 984 2226 quod
1012 2181 1192 2214 nobiscum

213 2248 283 2275 tam
299 2240 437 2284 proprie
457 2247 488 2273 et
504 2237 683 2281 perspicue
707 2237 748 2267 de
770 2234 930 2267 maximis
952 2233 1055 2265 rebus
1079 2232 1194 2275 loqui-

215 2299 290 2331 tur,
313 2298 343 2323 et
361 2291 452 2335 quod
476 2287 722 2333 promissiones
750 2285 894 2318 tradidit
919 2285 1003 2315 adeo
1029 2283 1193 2316 dilucidis

213 2341 350 2379 verbis,
375 2347 414 2373 ut
430 2342 469 2372 de
489 2339 658 2373 sententia
678 2336 831 2369 dubitari
861 2346 932 2367 uon
957 2334 1074 2376 possit.
1124 2332 1191 2366 Sed

214 2390 282 2425 hoc
300 2391 490 2423 dolendum
511 2397 576 2429 est,
611 2396 741 2421 tantam
769 2398 840 2419 esse
864 2385 1138 2417 imbecillitatem
1162 2390 1194 2416 et

215 2441 447 2475 diffidentiam
466 2441 500 2472 in
523 2440 650 2472 nostris
667 2438 860 2475 mentibus,
888 2443 927 2468 ut
948 2441 1061 2478 petere
1083 2441 1114 2466 et
1137 2446 1193 2466 ex-

213 2499 350 2537 pectare
377 2497 470 2523 tanta
496 2492 587 2522 bona
615 2502 686 2521 non
712 2488 883 2525 ausimus‚
919 2498 963 2518 ne
992 2486 1092 2518 toties
1117 2485 1194 2528 qui-

215 2545 294 2576 dem
322 2542 460 2574 invitati
486 2548 518 2573 et
545 2540 640 2574 iussi.
700 2538 789 2572 Cum
809 2545 922 2570 antem
949 2543 1047 2568 antea
1079 2542 1195 2579 aperte

215 2592 397 2626 affirmarit
422 2592 497 2623 dari
523 2589 694 2633 Spiritum
723 2596 878 2621 sanctum
902 2586 1095 2625 Ecclesiae,
1130 2584 1195 2617 hoc

214 2651 281 2684 est,
322 2641 610 2686 amplectentibus
634 2638 886 2682 Evangelium,
926 2644 964 2671 ut
986 2636 1194 2670 nominatim

2156 84 2229 117 320

1248 165 1378 211 iuquit:
1423 164 1537 208 Quem
1561 165 1674 198 mittet
1698 172 1796 209 pater
1827 167 1861 199 in
1885 167 2029 200 nomine
2055 179 2150 208 meo,
2182 167 2230 200 'id

1249 224 1316 257 est,
1344 224 1486 260 propter
1500 228 1570 257 me,
1606 223 1637 249 et
1654 217 1920 258 agnoscentibus
1937 229 2006 259 me,
2042 230 2136 251 nuuc
2158 217 2230 251 cla-

1248 268 1383 300 rissime
1416 267 1500 300 dicit
1527 267 1570 299 de
1595 267 1783 307 beneficio,
1818 279 1877 300 sen
1902 278 2046 302 munere
2074 268 2230 313 Spiritus

1246 318 1368 352 sancti.
1420 317 1568 350 Docebit
1586 329 1666 357 vos,
1693 323 1726 350 et
1751 317 1884 361 rediget
1908 319 2008 352 vohis
2035 319 2070 352 in
2095 331 2230 351 memo-

1246 369 1333 401 riam
1367 380 1423 406 ea,
1466 379 1554 412 quae
1586 367 1658 400 dixi
1685 368 1795 401 vobis.
1858 367 1975 402 Iudaei
2004 376 2184 412 expectant
2210 381 2229 403 a

1247 419 1374 452 Messia
1391 419 1572 459 victorias,
1598 418 1762 462 imperia,
1796 430 1898 463 opes,
1930 420 2132 463 pecuniam,
2166 432 2229 453 vo-

1246 469 1411 512 luptates:
1448 467 1532 502 haec
1551 470 1641 501 bona
1665 470 1818 502 mundus
1844 469 2028 511 intelligit,
2063 477 2096 503 et
2122 470 2230 502 mira-

1246 527 1313 552 tur.
1368 518 1414 552 At
1439 516 1600 553 Christus
1633 517 1690 552 hic
1722 519 1896 563 promittit
1927 520 2029 563 longe
2053 520 2138 552 alias
2165 531 2230 561 res,

1246 580 1331 614 quas
1349 570 1502 602 mundus
1527 582 1596 602 non
1620 571 1842 613 magnifacit,
1877 582 1994 603 veram
2021 571 2231 611 doctrinam,

1248 620 1358 652 lucem
1387 620 1423 652 iu
1458 621 1634 653 mentibus
1663 628 1906 663 agnoscentem
1943 628 1975 654 et
2007 622 2229 654 invocantem

1247 669 1381 710 Deum,
1409 672 1568 705 ardentes
1587 677 1701 704 motus
1718 672 1852 711 cordis,
1885 673 1946 716 qui
1968 671 2035 714 legi
2056 672 2119 705 Dei
2145 684 2230 705 con-

1247 727 1395 763 gruunt,
1423 728 1455 754 et
1472 722 1741 756 consolationes.
1795 721 1890 755 Haec
1908 723 2008 765 impii
2025 734 2096 755 non
2120 722 2231 766 pluris

1247 772 1399 812 faciunt,
1427 784 1530 816 quam
1547 773 1575 804 si
1592 772 1669 816 quis
1688 784 1801 805 novus
1827 771 1952 816 hospes
1978 773 2124 806 veniens
2150 784 2231 816 pro-

1248 822 1361 855 mittat
1375 834 1409 855 se
1428 824 1637 856 traditurum
1649 823 1845 856 doctrinam
1859 824 2118 866 geometricam,
2146 823 2230 856 Ideo

1248 884 1350 915 supra
1368 873 1484 917 iuquit
1500 871 1681 914 Christus,
1711 885 1745 906 se
1772 874 1936 906 daturum
1954 873 2125 916 Spiritum
2151 885 2233 906 san-

1247 930 1359 962 ctum,
1387 935 1489 967 quem
1509 925 1665 956 mundus
1683 936 1754 956 non
1774 925 1878 957 norit.
1931 924 1999 958 Sed
2023 936 2087 957 nos
2111 924 2147 957 in
2164 922 2232 957 Ec-

1247 973 1349 1005 clesia
1368 985 1509 1016 agamus
1526 973 1600 1007 Deo
1625 975 1752 1016 gratias
1774 986 1837 1017 pro
1862 973 1926 1008 hoc
1952 981 2048 1007 tanto
2074 985 2232 1012 munere,

1246 1031 1278 1057 et
1295 1034 1541 1065 agnoscamus,
1569 1036 1657 1068 quae
1674 1025 1742 1056 sint
1769 1026 1908 1068 proprie
1933 1025 2097 1058 beneficia
2116 1024 2228 1068 Spiri-

1248 1082 1301 1107 tus
1320 1074 1450 1112 sancti,
1480 1081 1608 1119 quanta
1628 1075 1717 1107 bona
1736 1075 1824 1115 sint,
1848 1082 1878 1108 et
1897 1077 2075 1119 quomodo
2094 1076 2232 1116 dentur,

1247 1137 1285 1156 ac
1300 1124 1529 1158 retineantur.
1581 1123 1677 1158 Haec
1702 1132 1753 1159 est
1778 1125 1960 1169 peculiaris
1979 1124 2154 1159 Ecclesiae
2176 1137 2232 1159 sa—

1248 1177 1392 1218 pientia.

1347 1223 1602 1266 coniungenda
1624 1230 1706 1258 sunt
1737 1231 1852 1257 autem
1883 1222 1969 1258 haec
2000 1226 2071 1259 duo
2108 1226 2231 1260 verba:
2271 1266 2274 1267 ⁷

1249 1275 1413 1316 Docebit,
1456 1282 1487 1308 et
1512 1275 1646 1316 rediget
1671 1275 1707 1307 in
1733 1275 1936 1308 memoriam
1964 1288 2019 1316 ea,
2053 1287 2141 1320 quae
2163 1276 2235 1309 dixi

1250 1326 1362 1359 vobis.
1416 1323 1550 1366 Alligat
1580 1326 1672 1357 enim
1704 1337 1767 1357 nos
1798 1327 1838 1357 ad
1862 1325 2094 1368 Evangelium
2124 1327 2235 1359 tradi-

1249 1383 1322 1410 tum
1346 1388 1362 1408 a
1382 1373 1542 1415 Christo,
1569 1376 1717 1408 affirmat
1734 1387 1804 1407 non
1822 1376 1937 1408 afferri
1958 1388 1974 1409 a
1993 1376 2129 1418 Spiritu
2154 1388 2235 1410 san-

1250 1435 1303 1460 cto
1337 1437 1446 1469 genus
1472 1426 1653 1458 doctrinae
1675 1426 1827 1458 alienum
1853 1428 1896 1458 ab
1920 1425 2132 1469 Evangelio,
2175 1434 2234 1460 aut

1249 1489 1327 1509 cum
1346 1476 1536 1518 Evangelio
1553 1487 1726 1519 pugnans,
1779 1476 1888 1520 Saepe
1911 1477 2102 1509 adversarii
2127 1478 2235 1511 citant

1250 1525 1315 1559 hoc
1332 1527 1480 1559 dictum:
1514 1525 1662 1559 Docebit
1680 1538 1741 1559 vos
1766 1527 1904 1569 omnia,
1940 1528 1981 1559 ad
2008 1528 2235 1561 stabiliendas

1249 1578 1434 1621 opiniones
1452 1583 1482 1609 et
1501 1576 1608 1616 ritus,
1636 1577 1695 1621 qui
1715 1589 1785 1609 nou
1808 1584 1888 1611 sunt
1912 1577 2033 1610 traditi
2054 1578 2096 1610 ab
2115 1577 2235 1610 Evan-

1248 1628 1360 1670 gelio,
1394 1634 1432 1660 ut
1451 1627 1641 1660 Missarum
1667 1628 1813 1667 abusus,
1853 1628 2094 1661 invocationes
2119 1625 2236 1660 homi-

1249 1691 1333 1711 num
1354 1684 1595 1716 mortuorum,
1628 1685 1708 1710 vota
1727 1678 1940 1718 monastica,
1975 1686 2007 1712 et
2030 1679 2115 1711 alias
2141 1690 2238 1712 cere-

1248 1729 1384 1761 monias
1417 1728 1683 1762 commentitias.
1745 1727 1840 1761 Haec
1869 1728 2054 1773 inquiunt,
2091 1737 2171 1762 sunt
2195 1741 2236 1762 ex

1248 1792 1287 1812 eo
1305 1790 1452 1812 numero
1469 1779 1511 1811 de
1529 1778 1656 1822 quibus
1672 1778 1817 1812 dicitur:
1846 1778 2000 1822 Spiritus
2015 1779 2236 1813 sanctus‘do-

1248 1830 1338 1863 cebit
1362 1841 1423 1862 vos
1445 1829 1575 1862 omnia.
1628 1828 1686 1862 Sic
1709 1836 1740 1862 et
1766 1826 1931 1861 haeretici
1957 1836 2089 1862 veteres
2111 1830 2236 1863 abute—

1248 1883 1377 1914 bantur
1408 1878 1475 1912 hoc
1503 1879 1608 1913 dicto.
1670 1878 1737 1912 Sed
1762 1885 1962 1921 opponatur
1987 1880 2156 1922 particula
2181 1891 2234 1913 se—

1248 1942 1373 1976 quens:
1400 1929 1552 1972 Rediget
1567 1928 1667 1961 vobis
1684 1929 1720 1961 in
1740 1928 1944 1961 memoriam
1963 1941 2022 1969 ea,
2051 1941 2139 1974 quae
2160 1929 2233 1963 dixi

1249 1981 1359 2014 vobis,
1417 1979 1512 2012 Haec
1542 1980 1642 2011 docet
1674 1986 1706 2013 et
1731 1979 1883 2012 illustrat
1909 1979 2061 2022 Spiritus
2085 1987 2235 2020 sanctus,

1249 2042 1337 2075 quae
1357 2030 1424 2062 iam
1444 2030 1481 2061 in
1498 2028 1692 2068 Evangelio
1710 2030 1835 2063 tradita
1860 2036 1941 2062 sunt
1966 2042 2026 2073 per
2041 2028 2234 2071 Christum,

1250 2083 1291 2114 de
1312 2081 1416 2114 rebus
1439 2080 1643 2113 necessariis
1668 2080 1712 2113 ad
1737 2080 1843 2113 vitam
1870 2087 2067 2121 aeternam,
2104 2081 2148 2113 de
2178 2078 2234 2114 his

1250 2144 1321 2165 non
1356 2137 1439 2165 sunt
1461 2124 1752 2163 'illuminationes
1778 2132 2014 2174 quaerandae,
2049 2137 2109 2164 aut
2133 2143 2236 2174 expe-

1249 2182 1413 2222 ctandae,
1440 2188 1534 2214 extra
1553 2182 1748 2214 doctrinam
1768 2179 1972 2223 Evangelii,
1998 2188 2036 2214 ut
2058 2193 2157 2224 saepe
2178 2181 2233 2213 di-

1249 2240 1341 2266 ctum
1375 2238 1446 2270 est,
1487 2238 1519 2265 et
1552 2232 1753 2265 meminisse
1775 2230 1877 2264 Pauli
1901 2231 2138 2264 testimonium
2165 2229 2233 2264 huc

1249 2283 1426 2327 pertinens
1441 2283 1527 2315 utile
1545 2288 1613 2316 est:
1641 2282 1678 2316 Si
1697 2282 1774 2328 quis
1799 2282 1894 2315 aliud
1912 2280 2144 2325 Evangelium
2160 2282 2232 2326 {do-

1247 2335 1358 2373 cebit,
1387 2331 1570 2366 anathema
1590 2333 1643 2366 sit.

1347 2383 1547 2417 Teneamus
1563 2394 1643 2426 ergo
1661 2380 1718 2415 hic
1735 2381 1887 2426 primum
1904 2378 1995 2415 hanc
2011 2381 2232 2425 sententiam,

1247 2435 1340 2480 quod
1370 2434 1522 2478 Spiritus
1544 2441 1683 2467 sanctus
1706 2434 1832 2466 (locens
1855 2439 1973 2465 utatur
2002 2444 2085 2465 voce
2103 2431 2231 2475 ¹Evan-

1247 2486 1347 2527 getii,
1375 2497 1437 2518 nec
1455 2485 1520 2518 alia
1537 2491 1672 2527 praeter
1686 2482 1919 2525 Evangelium
1937 2484 2074 2523 doceat,
2103 2484 2230 2517 deinde

1249 2535 1314 2569 hoc
1331 2537 1454 2569 docere
1470 2535 1686 2578 intelligatur
1709 2534 1911 2577 dupliciter,
1939 2534 2077 2576 publice
2102 2534 2137 2566 in
2163 2534 2230 2566 mi-

1249 2587 1406 2624 nisterio,
1425 2594 1457 2620 et
1474 2586 1636 2630 privatim
1654 2585 1688 2617 in
1706 2584 1884 2617 cordibus.
1912 2583 1962 2616 lta
1980 2596 2084 2627 supra
2103 2590 2229 2617 utrun-

1250 2650 1316 2683 que
1337 2637 1542 2671 beneficium
1568 2635 1740 2679 complexi
1765 2646 1900 2676 sumus,
1933 2635 2068 2679 quoties
2095 2635 2226 2668 dictum
