2415 2942
101 90 175 127 953
343 90 443 126 XIII.

102 178 246 222 incipit,
280 183 398 210 tamen
426 173 542 210 adhuc
568 174 687 211 haeret
713 185 894 221 peccatum
919 179 956 211 in
982 191 1092 213 massa

104 228 247 264 carnali.
283 227 407 262 Postea
423 227 520 262 Deus
539 228 575 261 in
592 229 859 262 resuscitatione
874 231 998 263 vestiet
1014 231 1094 264 illos

104 280 164 325 qui
190 280 437 320 crediderunt,
473 291 620 323 corpore
647 290 791 323 prorsus
826 280 1028 323 purificatO,
1061 288 1095 315 et

101 330 167 364 erit
185 331 304 363 omnia
323 331 360 363 in
389 331 576 371 omnibus,
604 330 639 363 id
661 337 731 371 est,
758 330 922 373 implebit
949 343 1008 365 eos
1032 343 1094 366 sua

100 381 177 415 luce
194 375 226 415 et
245 381 403 423 iusticia,
432 389 471 416 ut
486 393 558 415 non
578 381 623 415 sit
641 381 679 413 in
696 380 745 414 eis
760 387 955 425 peccatum.

341 463 497 500 Fratres
523 463 700 499 debitores
721 477 858 502 sumus.

195 534 374 568 Hactenus
391 533 537 568 tradidit
554 532 753 566 doctrinam
773 533 816 565 de
833 532 1092 574 iustificatione,

101 596 133 619 et
156 586 379 619 collationem
410 585 516 628 legis,
558 583 689 627 peccati
715 589 747 616 et
777 584 918 626 gratiae.
990 584 1090 617 Nunc

100 637 198 670 addit
214 637 410 670 doctrinam
428 637 471 668 de
490 647 579 668 nova
597 634 817 668 obedientia:
848 647 928 667 nam
947 642 980 668 et
999 633 1090 668 hanc

101 694 234 732 partem
251 687 411 721 doctrina
428 686 464 719 in
484 683 637 718 Ecclesia
655 691 771 717 extare
797 697 936 718 necesse
958 693 1025 726 est,
1051 694 1089 720 ut

101 739 250 779 sciatur,
292 738 405 783 qualis
436 736 479 770 sit
509 735 711 769 obedientia
736 736 773 768 in
800 737 930 770 renatis
958 737 994 769 in
1026 735 1090 770 hac

101 790 191 830 vita,
224 795 257 822 et
282 789 385 834 quale
407 788 452 821 sit
477 793 676 831 peccatum,
712 794 856 830 propter
881 789 974 832 quod
999 788 1090 821 exci-

105 841 195 873 dunt
217 852 235 873 a
258 839 387 882 gratia,
421 845 454 872 et
479 837 645 871 amittunt
672 837 844 881 Spiritum
872 846 1030 872 sanctum
1057 846 1089 872 et

100 891 224 930 fidem,
250 902 318 934 qua
337 889 561 922 vivificantur
578 889 702 926 corda,
731 888 825 922 iuxta
845 890 995 922 dictum:
1031 889 1087 923 Iu-

101 940 237 974 stificati
257 941 323 973 fide
342 952 460 984 pacem
481 937 662 972 habemus.
699 938 854 973 Instituit
873 941 979 984 igitur
996 940 1087 974 Pau-

99 993 152 1025 lus
170 991 465 1036 propositionem:
496 990 680 1024 Debitores
706 1002 847 1031 sumus,
875 1004 918 1024 ne
943 992 1087 1025 obedia-

99 1054 176 1076 mus
204 1042 312 1076 carni.
366 1040 419 1075 Ac
443 1041 596 1086 primum
621 1041 784 1074 observes
802 1043 1086 1086 appellationem,

97 1092 284 1127 Debitores
299 1104 433 1127 sumus,
489 1092 591 1125 Hanc
614 1104 732 1124 vocem
757 1094 904 1137 opponit
922 1094 1012 1126 male
1030 1094 1085 1126 in-

97 1203 150 1230 rat
176 1202 334 1236 renatos,
362 1207 406 1228 ne
430 1195 712 1228 condemnentur
737 1206 755 1226 a
780 1195 874 1238 lege,
903 1208 976 1228 non
994 1196 1084 1228 libe-

99 1253 153 1280 rat
169 1258 213 1279 ne
231 1246 411 1280 obediant.
465 1245 589 1278 Manet
613 1244 705 1277 enim
722 1252 884 1280 aeternus
904 1253 936 1280 et
953 1247 1083 1279 immu-

98 1297 216 1330 tabilis
236 1298 342 1338 ordo,
369 1304 409 1331 ut
427 1295 503 1329 Deo
522 1296 739 1329 obediamus.

196 1347 322 1391 Aliqui
348 1347 456 1390 inepti
488 1343 752 1390 reprehendunt
787 1343 847 1378 has
872 1348 1004 1380 formas
1029 1348 1081 1380 lo-

95 1398 243 1444 quendi:
271 1398 369 1431 Nova
386 1397 588 1431 obedientia
606 1404 656 1429 est
673 1397 801 1430 debita.
856 1397 962 1437 Item,
992 1411 1081 1431 nova

95 1449 293 1483 obedientia
313 1455 363 1482 est
380 1448 584 1482 necessaria.
637 1445 683 1480 Et
702 1448 823 1480 dicunt
848 1448 997 1491 intelligi
1024 1461 1082 1482 co-

92 1500 265 1533 actionem
289 1511 349 1533 seu
367 1498 604 1532 obedientiam
630 1505 724 1531 metu
746 1506 926 1532 extortam.

96 1601 276 1636 cessitatis.

95 1651 368 1691 immutabilem,
385 1663 458 1683 non
477 1650 671 1693 significant
691 1650 830 1693 proprie.
849 1652 1081 1692 coactionem,

96 1714 183 1747 quae
206 1702 244 1735 fit
271 1709 365 1735 metu
399 1713 604 1745 poenarum.
673 1699 772 1733 Nova
804 1702 1005 1735 obedientia
1040 1715 1079 1735 eo

97 1754 171 1798 ipso
198 1760 247 1786 est
273 1753 483 1792 necessaria,
526 1751 607 1796 quia
632 1747 688 1782 hic
717 1759 766 1784 est
797 1753 884 1784 ordo
908 1761 1081 1793 aeternus,

94 1812 131 1837 ut
156 1811 314 1837 creatura
339 1804 416 1837 Deo
443 1803 563 1835 volens
594 1801 746 1835 obediat.
820 1802 944 1836 Postea
980 1806 1080 1838 (locet

95 1855 206 1899 qualis
228 1855 273 1888 sit
294 1854 515 1888 obedientia:
545 1865 623 1887 cum
643 1853 737 1885 enim
759 1853 795 1885 in
814 1855 944 1887 renatis
962 1855 998 1887 in
1017 1853 1079 1888 hac

95 1906 164 1938 vita
188 1912 353 1938 maneant
376 1905 545 1949 reliquiae
571 1905 697 1948 peccati
725 1911 757 1937 et
781 1916 925 1947 magnae
949 1908 1079 1946 sordes,

94 1967 230 1990 necesse
247 1963 296 1990 est
311 1956 461 1989 discerni
480 1957 627 1999 gradus,
655 1955 771 1999 qualia
790 1964 927 1999 peccata
945 1957 1015 1990 sint
1042 1959 1077 1989 in

93 2007 238 2048 renatis,
266 2007 382 2052 qualia
409 2019 481 2040 non
511 2007 600 2047 sint,
627 2005 714 2039 sicut
733 2013 765 2039 et
788 2017 893 2049 supra
917 2008 1079 2041 distinxit

94 2065 272 2102 peccatum
295 2069 444 2101 regnans
461 2065 493 2091 et
512 2071 584 2091 non
612 2068 771 2099 regnans.
825 2057 914 2090 Nam
940 2066 1079 2092 renatos

94 2120 192 2152 posse
228 2120 350 2142 rursus
384 2110 543 2142 amittere
564 2108 711 2151 gratiam
738 2116 770 2141 et
797 2108 968 2151 Spiritum
996 2122 1076 2143 sanâ€”

94 2168 207 2199 ctum,
234 2160 458 2192 manifestum
477 2167 527 2192 est
546 2172 585 2193 ex
603 2159 704 2192 dictis
724 2157 849 2193 Matth.
873 2162 946 2195 12:
974 2159 1077 2194 Inve-

93 2211 192 2244 niens
217 2211 361 2243 domum
381 2211 606 2250 mundatam,
632 2221 782 2254 nequam
808 2212 950 2254 spiritus
977 2214 1077 2248 redit.

94 2260 135 2295 Et
147 2263 180 2297 2.
191 2261 285 2295 Petri
297 2262 346 2294 2:
376 2260 464 2295 Cum
483 2261 960 2306 effugissentinquinamenta
974 2276 1077 2296 mun-

93 2313 146 2353 di,
173 2313 319 2345 redeunt
338 2313 379 2345 ad
399 2313 570 2346 vomitum
592 2319 655 2346 etc.

193 2364 307 2396 Adam
326 2370 358 2397 et
375 2362 450 2397 Eva
469 2370 568 2397 erant
585 2363 701 2403 electi,
731 2370 763 2396 et
784 2370 900 2398 tamen
922 2365 957 2397 in
976 2365 1076 2408 lapsu

96 2415 183 2447 fiunt
206 2415 255 2447 rei
281 2421 443 2447 aeternae
472 2416 554 2448 irae.
606 2413 652 2448 Et
677 2414 712 2446 in
731 2413 1008 2449 Deuteronomio
1033 2418 1077 2449 de

97 2463 240 2497 Aharon
265 2465 417 2498 dicitur:
462 2466 641 2499 Adversus
666 2463 814 2498 Aharon
841 2467 940 2499 valde
967 2468 1075 2500 iratus

94 2523 141 2548 est
162 2515 271 2556 Deus,
298 2523 336 2549 ut
354 2518 483 2550 deleret
502 2529 594 2552 eum.
650 2516 795 2549 Necesse
812 2524 861 2551 est
880 2518 986 2560 igitur
1003 2519 1074 2551 (lis-

93 2566 209 2606 cerni,
235 2567 350 2610 qualia
372 2576 508 2611 peccata
529 2575 692 2601 maneant
719 2568 754 2600 in
781 2570 928 2607 renatis,
957 2570 1072 2614 qualia

93 2617 300 2652 contristent
323 2625 357 2652 et
380 2620 553 2662 expellant
580 2620 751 2664 Spiritum
778 2627 955 2661 sanctum,
991 2634 1071 2664 pro-

89 2676 164 2714 pter
182 2666 381 2713 quachomo
398 2683 518 2704 rursus
535 2672 572 2705 fit
587 2684 665 2706 reus
679 2677 839 2704 aeternae
856 2671 940 2713 irae,
957 2678 989 2706 et
1001 2673 1071 2707 ruit

498 90 533 124 3.
562 89 859 127 ENARRATIO
885 92 1039 130 EPIST.
1068 91 1216 128 PAULI
1245 91 1312 127 AD
1339 90 1601 130 ROMANOS.
1654 94 1760 130 CAP.
1791 97 1888 133 VIII.

988 1499 1082 1532 Haec
1111 1529 1113 1533 .

96 1551 342 1594 interpretatio
359 1562 431 1582 non
453 1556 501 1583 est
519 1548 635 1582 nativa
654 1549 690 1580 in
709 1550 823 1582 verbis
841 1550 950 1583 debiti
970 1558 1001 1583 et
1022 1563 1083 1583 neÎ‡
1111 1538 1113 1562 á¼±

329 1600 535 1643 Significant
560 1599 654 1631 enim
680 1597 763 1632 haec
790 1602 894 1633 verba
919 1601 1081 1634 ordinem
1111 1614 1112 1645 j

2069 103 2146 140 954

1124 187 1128 211 l
1152 179 1189 210 in
1212 185 1370 212 aeternas
1396 190 1545 223 poenas,
1586 180 1656 214 nisi
1688 193 1808 216 rursus
1841 192 2070 222 convertatur
2095 191 2139 223 ad

1150 230 1277 265 Deum.

1249 287 1341 321 Sunt
1358 295 1475 322 autem
1493 290 1641 325 usitatae
1657 292 1931 338 appellationes,
1963 305 2142 340 peccatum

1150 338 1298 371 mortale
1319 345 1352 372 et
1371 340 1518 373 veniale.

1251 395 1406 430 Mortale
1433 399 1642 434 nominatur
1674 413 1778 434 omne
1802 411 1980 446 peccatum
2004 406 2042 439 in
2067 419 2140 441 non

1145 454 1286 481 renato:
1316 448 1399 480 item
1430 450 1498 482 tale
1524 458 1724 494 peccatum,
1752 462 1895 497 propter
1918 458 2013 501 quod
2038 470 2138 492 rena-

1147 505 1200 531 tus
1225 498 1355 532 amittit
1380 500 1525 542 gratiam
1555 508 1588 535 et
1607 501 1782 546 Spiritum
1809 512 1988 549 sanctum,
2018 515 2050 543 et
2075 509 2140 542 ite-

1145 561 1223 581 rum
1239 549 1275 582 fit
1294 560 1374 582 reus
1391 557 1553 584 aeternae
1571 552 1654 587 irae.

1246 606 1416 641 Definitio
1445 611 1576 653 peccati
1613 611 1759 655 simplex
1792 620 1822 646 et
1848 615 1963 649 brevis
1987 626 2074 651 extat
2101 620 2137 652 in

1145 656 1304 702 Epistola
1333 656 1519 701 Iohannis,
1555 674 1633 695 cum
1662 662 1795 707 inquit:
1839 662 2004 712 á¼Î¼Î±ÏÏ„á½·Î±
2039 669 2138 703 á¼ÏƒÏ„á½¶Î½

1144 707 1301 754 á¼€Î½Î¿Î¼á½·Î±,
1344 710 1380 743 id
1414 717 1482 750 est,
1518 719 1698 756 peccatum
1731 721 1781 747 est
1815 717 1984 762 quicquid
2015 728 2136 754 contra

1119 772 1120 775 Â¹
1144 761 1253 804 legem
1282 767 1343 797 est.

1243 817 1338 851 Haec
1365 819 1554 863 descriptio
1588 821 1709 855 dextre
1740 821 1970 866 intelligenda
1998 833 2065 863 est.
2101 837 2133 863 et

1142 868 1292 902 sciamus
1315 882 1420 902 omne
1443 878 1623 914 peccatum
1649 872 1686 905 in
1716 885 1787 906 non
1821 876 1951 910 renatis
1986 880 2134 912 mortale

1142 931 1231 952 esse:
1259 921 1293 953 id
1320 927 1386 961 est,
1414 923 1507 966 quod
1530 921 1661 957 Paulus
1686 925 1848 959 nominat
1876 935 2054 970 peccatum
2078 942 2134 963 reâ€”

1141 982 1270 1013 gnans,
1304 971 1339 1005 id
1365 979 1433 1010 est,
1467 984 1539 1006 non
1563 974 1677 1008 renati
1701 982 1784 1009 sunt
1807 983 1887 1011 actu
1919 979 1969 1011 rei
1997 992 2131 1024 poenae

1140 1029 1301 1056 aeternae
1337 1030 1479 1067 propter
1511 1024 1631 1058 omnia
1668 1033 1833 1069 peccata,
1877 1029 2064 1073 originalia
2101 1039 2133 1066 et

1140 1074 1306 1114 actualia,
1341 1074 1510 1107 interiora
1540 1082 1573 1108 et
1599 1077 1790 1115 exteriora,
1826 1085 1858 1112 et
1889 1081 1957 1113 nisi
1983 1094 2131 1115 converâ€”

98 1145 336 1188 telligentibus
360 1145 558 1177 libertatem
583 1143 841 1186 evangelicam,
881 1156 968 1189 quae
994 1145 1083 1177 libeÎ‡
1114 1147 1115 1171 l
1139 1130 1259 1157 tamur
1276 1126 1317 1158 ad
1336 1124 1472 1166 Deumâ€™
1500 1134 1607 1160 mum
1625 1139 1661 1160 Â¹Â¹Â¹
1680 1135 1861 1161 â€œeternum
1880 1139 2036 1167 exstfflmÎ‡

1240 1182 1329 1217 Cum
1361 1183 1468 1226 igitur
1496 1185 1643 1224 dicitur,
1675 1185 1862 1222 Peccatum
1887 1197 1936 1223 est
1959 1193 2129 1237 quicquid

1141 1241 1190 1267 est
1223 1242 1345 1267 contra
1378 1235 1488 1277 legem
1523 1235 1618 1275 Dei,
1664 1237 1769 1271 simul
1806 1239 2130 1284 comprehendatur

1139 1291 1254 1317 reatus
1273 1312 1282 1325 ,
1316 1286 1410 1329 quod
1436 1286 1602 1321 videlicet
1634 1300 1704 1320 non
1740 1291 1854 1323 renati
1880 1292 1950 1325 sint
1977 1301 2055 1327 actu
2080 1296 2130 1328 rei

1138 1347 1271 1378 poenae
1286 1343 1458 1370 aeternae.
1511 1335 1579 1369 Hic
1599 1345 1715 1372 reatus
1733 1351 1917 1383 expressus
1935 1350 1984 1377 est
2010 1344 2047 1377 in
2075 1343 2128 1380 his

1112 1391 1113 1403 Â³
1138 1386 1270 1419 verbis:
1303 1386 1515 1420 Maledictus
1545 1388 1604 1432 qui
1638 1401 1710 1422 non
1742 1399 1861 1426 manet
1892 1393 1928 1426 iu
1953 1395 2130 1437 omnibus,

1112 1449 1113 1458 Â¹
1137 1449 1226 1480 quae
1253 1444 1334 1470 sunt
1361 1438 1489 1481 scripta
1516 1439 1551 1470 in
1580 1440 1654 1482 lege
1682 1439 1759 1476 Dei.

1822 1442 1925 1477 Item:
1959 1445 2030 1489 Qui
2057 1460 2126 1480 nou

1137 1488 1267 1529 credit,
1296 1496 1411 1522 manet
1432 1490 1481 1521 ira
1502 1490 1567 1522 Dei
1586 1503 1691 1534 super
1707 1504 1798 1529 eum.

1238 1547 1361 1580 Postea
1389 1549 1431 1580 de
1458 1549 1589 1581 renatis
1614 1550 1796 1583 sciendum
1830 1560 1899 1594 est,
1936 1556 2024 1588 duos
2055 1569 2127 1591 esse

1136 1599 1265 1641 gradus
1283 1605 1515 1641 peccatorum.
1567 1600 1676 1633 Aliud
1695 1609 1743 1635 est
1772 1612 1948 1646 peccatum
1975 1618 2046 1639 non
2072 1620 2128 1641 re-

1111 1660 1112 1663 *
1136 1661 1266 1691 gnans,
1293 1650 1386 1693 quod
1408 1650 1613 1683 nominatur
1631 1652 1786 1691 veniale,
1816 1656 1911 1698 quod
1927 1663 1975 1689 est
1993 1659 2124 1692 malum

1136 1700 1326 1742 originale,
1358 1700 1459 1734 multi
1489 1701 1645 1735 defectus
1667 1709 1699 1736 et
1724 1716 1851 1747 pravae
1878 1707 2129 1743 inclinationes

1136 1758 1168 1783 et
1194 1751 1455 1790 dubitationes,
1497 1759 1631 1795 peccata
1658 1753 1877 1796 ignorantiae
1902 1765 1935 1791 et
1965 1760 2126 1793 omissio-

1135 1802 1209 1842 nis,
1243 1802 1342 1845 pravi
1374 1802 1538 1843 affectus,
1574 1805 1634 1837 sed
1666 1805 1701 1836 in
1730 1803 1784 1839 his
1812 1808 1871 1852 qui
1896 1817 1977 1843 sunt
2000 1813 2125 1849 renati,

1135 1860 1169 1886 et
1190 1853 1341 1886 retinent
1358 1853 1460 1886 fidem
1488 1861 1520 1887 et
1547 1854 1708 1888 timorem
1729 1856 1794 1890 Dei
1820 1860 1951 1893 auxilio
1970 1860 2124 1905 Spiritus

1134 1904 1261 1944 sancti,
1288 1911 1321 1937 et
1344 1912 1541 1948 repugnant
1560 1907 1676 1949 pravis
1698 1907 1902 1951 affectibus,
1932 1923 1995 1944 nec
2013 1921 2123 1947 ruunt

1134 1962 1253 1988 contra
1275 1956 1535 1989 conscientiam.
1590 1956 1690 1990 Talia
1712 1967 1848 2002 peccata
1874 1962 1910 1994 in
1938 1963 2067 1997 renatis
2087 1965 2124 1997 in

1134 2004 1199 2039 hac
1222 2006 1293 2039 vita
1320 2004 1483 2046 haerent,
1511 2014 1543 2040 et
1568 2014 1649 2041 sunt
1675 2009 1786 2053 reipsa
1814 2020 1971 2055 peccata,
2006 2014 2040 2047 id
2063 2023 2123 2057 est,

1133 2058 1221 2090 mala
1242 2057 1433 2101 pugnantia
1454 2070 1531 2090 cum
1552 2059 1644 2101 lege,
1672 2066 1705 2092 et
1725 2069 1868 2104 propter
1889 2075 1926 2097 ea
1946 2061 2051 2098 homo
2070 2078 2123 2099 es-

1132 2115 1181 2141 set
1198 2119 1277 2141 reus
1295 2115 1456 2141 aeternae
1475 2121 1624 2151 poenae,
1651 2111 1715 2142 nisi
1735 2112 1800 2145 fide
1817 2121 1960 2158 propter
1984 2117 2120 2150 media-

1132 2166 1242 2192 torem
1270 2160 1396 2192 donata
1430 2167 1517 2192 esset
1551 2162 1801 2195 reconciliatio.
1868 2167 1918 2198 Ita
1941 2177 2013 2198 non
2037 2175 2119 2202 sunt

1132 2217 1211 2244 actu
1237 2211 1308 2249 rei,
1343 2211 1402 2255 qui
1430 2217 1511 2244 sunt
1546 2212 1670 2246 renati.
1748 2213 1833 2247 Ideo
1857 2227 1962 2259 supra
1988 2217 2120 2252 dictum

1133 2268 1198 2294 est:
1233 2260 1339 2294 Nulla
1356 2273 1451 2294 nunc
1468 2263 1717 2296 condemnatio
1733 2272 1782 2298 est
1801 2263 1874 2306 his,
1899 2267 1958 2312 qui
1976 2266 2118 2303 Christo

1135 2311 1210 2345 Iesu
1227 2313 1424 2347 ambulant.
1478 2312 1582 2346 Item:
1615 2313 1685 2346 Pro
1705 2311 1770 2347 hoc
1788 2317 1904 2350 orabit
1922 2319 1964 2351 ad
1984 2326 2018 2352 te
2043 2333 2120 2353 om-

1133 2363 1187 2396 nis
1207 2370 1347 2397 sanctus
1370 2364 1407 2396 in
1431 2371 1588 2407 tempore
1614 2372 1802 2407 oportuno.
1855 2367 1955 2402 Talia
1981 2378 2118 2413 peccata

1133 2426 1204 2447 non
1233 2415 1413 2449 excutiunt
1436 2415 1539 2447 fidem
1565 2421 1597 2448 et
1615 2415 1788 2458 Spiritum
1816 2426 1974 2452 sanctum
1995 2421 2032 2454 in
2053 2420 2120 2463 his,

1130 2466 1191 2510 qui
1213 2466 1336 2500 dolent
1352 2473 1495 2510 propter
1513 2463 1574 2498 has
1589 2468 1727 2505 sordes,
1753 2475 1786 2502 et
1804 2470 1952 2504 credunt
1970 2472 2035 2506 sibi
2062 2485 2118 2506 eas

1129 2517 1260 2550 remitti
1294 2524 1437 2561 propter
1464 2517 1692 2550 mediatorem
1712 2542 1722 2556 ,
1762 2531 1828 2553 nec
1851 2520 2038 2565 indulgent
2068 2526 2117 2557 eis

1129 2575 1248 2601 contra
1269 2568 1535 2601 conscientiam.

1230 2617 1331 2652 Alius
1350 2621 1477 2662 gradus
1496 2626 1546 2652 est
1563 2626 1784 2662 peccatorum
1803 2633 1902 2655 error
1926 2622 1963 2655 in
1987 2624 2116 2658 funda-

1126 2677 1263 2709 mento,
1290 2671 1374 2705 item
1398 2670 1518 2715 lapsus
1537 2678 1660 2705 contra
1680 2672 1953 2712 conscientiam,
1980 2682 2016 2708 ut
2034 2687 2114 2709 curn
