2415 2942
251 86 325 121 483

254 172 448 204 absterrent
465 177 528 199 nos
544 170 681 209 peccata
702 169 838 204 nostra,
864 170 901 196 ut
919 174 1032 207 neque
1055 168 1235 206 expectare

255 222 447 266 quidquam
471 229 490 249 a
508 216 583 248 Deo
607 215 807 249 audeamus.
860 212 959 246 Olim
986 214 1032 246 ita
1057 214 1236 256 legebatur

256 269 340 304 lutee
362 267 538 310 Epistola,
567 272 605 299 ut
621 265 680 297 illa
702 272 772 298 tam
792 265 894 307 longa
917 264 1107 308 disputatio
1134 276 1237 308 supe-

256 322 330 355 rior
348 318 437 351 nihil
456 319 498 350 ad
523 324 640 349 nostra
661 323 816 359 tempora
842 315 1016 359 pertinere
1035 322 1234 359 putaretur:

256 372 315 405 sed
342 370 524 402 dicebatur
556 379 628 400 esse
651 367 779 410 scripta
806 373 948 410 propter
976 367 1067 399 rixas
1094 366 1235 398 illorum

257 429 455 464 temporum
481 419 524 452 de
549 417 759 451 ludaeorum
787 416 1005 450 ceremoniis.
1058 416 1130 450 Nos
1156 428 1237 448 vero

259 473 426 511 sciamus,
457 476 496 503 ut
513 467 746 511 Evangelium
763 468 806 502 ad
835 479 956 501 omnes
978 475 1105 502 aetates
1131 467 1238 512 perti-

259 530 335 562 net,
364 522 408 554 ita
434 518 524 553 hanc
544 519 740 564 Epistulam
764 520 808 552 ad
835 530 956 551 omnes
981 526 1108 552 aetates
1131 517 1242 561 perti-

260 585 363 612 nere,
390 583 477 617 quae
497 570 723 615 praecipuum
742 569 925 612 Evangelii
946 570 1060 602 locum
1079 569 1238 612 explicat.

258 623 321 658 Est
346 631 460 656 autem
486 620 542 655 hic
567 632 642 653 mos
666 619 776 654 Paulo
793 645 803 659 ,
845 628 883 654 ut
910 621 1011 653 initio
1038 621 1150 652 tradat
1177 620 1241 651 do-

259 676 408 709 ctrinam
435 671 688 705 iustificationis
707 698 716 712 ‚
759 683 847 716 quae
873 671 1019 712 contigit
1042 682 1103 714 per
1124 670 1241 704 fidem.

259 726 383 759 Postea
408 723 571 756 subiiciat
595 728 775 765 praecepta
805 723 848 754 de
872 722 1040 753 moribus.
1119 720 1242 762 Quan-

261 789 364 821 quam
384 775 476 807 euim
495 786 566 806 uon
584 772 770 806 iustificant
788 783 909 815 opera,
938 778 1055 804 tamen
1074 770 1242 815 quoniam

262 829 299 860 iu
337 837 482 869 corpore
518 824 673 866 degimus
691 849 700 862 ‚
747 822 822 855 sine
860 822 1025 865 operibus
1058 819 1142 854 haec
1173 821 1243 853 vita

262 877 406 918 transigi
428 887 497 907 uon
517 880 648 918 potest,
674 879 707 906 et
729 873 813 906 fides
840 873 943 905 debet
968 884 1002 905 se
1028 884 1185 905 exercere
1208 877 1245 904 ut

262 928 444 961 ostendere
470 926 506 957 iu
532 935 632 957 cruce
659 931 692 956 et
716 924 818 956 bonis
842 923 1018 966 operibus,
1078 922 1246 967 Sequitur

262 980 368 1021 igitur
387 984 553 1020 tanquam
570 986 682 1007 novus
700 974 808 1013 liber,
835 975 1019 1007 continens
1037 974 1144 1016 legem
1171 985 1243 1005 ma-

263 1031 334 1074 gis,
369 1039 474 1072 quam
501 1024 745 1068 Evangelium.
796 1022 842 1057 Et
867 1024 947 1069 quia
974 1025 1058 1068 legis
1085 1024 1243 1058 doctrina

262 1092 335 1114 non
353 1079 470 1121 ignota
488 1084 537 1110 est
555 1074 728 1109 humanae
746 1075 890 1116 rationi,
916 1075 994 1107 ideo
1013 1076 1141 1108 multae
1164 1086 1243 1108 sen-

264 1130 393 1165 tentiae
410 1128 635 1172 reperiuntur
652 1126 688 1158 in
703 1125 872 1166 Hesiodo,
899 1123 1092 1171 Phocylide
1110 1132 1144 1159 et
1159 1126 1246 1166 aliis,

266 1181 397 1215 similes
414 1178 467 1212 his
486 1190 573 1223 quae
592 1183 673 1210 sunt
689 1178 781 1220 apud
801 1175 961 1209 Paulum.
1023 1176 1146 1221 Neque
1166 1177 1245 1209 ideo

265 1232 461 1277 putandum
479 1236 528 1262 est
546 1226 637 1260 nihil
657 1228 824 1262 interesse
849 1227 940 1260 inter
957 1225 1091 1261 Christi
1115 1227 1247 1260 doctri—

265 1295 346 1316 nam
376 1289 407 1315 et
435 1276 708 1324 philosophiam.
780 1277 904 1320 Legem
939 1279 1032 1310 euim
1062 1290 1121 1310 seu
1148 1290 1246 1321 prae-

267 1341 363 1376 cepta
381 1333 423 1364 de
439 1331 596 1363 moribus
614 1335 725 1372 potest
743 1326 1090 1373 philosophiaaliqua
1102 1341 1139 1360 ex
1153 1335 1247 1371 parte

265 1385 415 1419 tradere.
470 1381 515 1414 At
542 1379 772 1422 Evangelium
796 1390 937 1422 prorsus
963 1391 1034 1411 non
1060 1380 1157 1412 novit
1183 1377 1248 1411 hu-

265 1446 370 1469 mana
389 1432 498 1472 ratio,
525 1432 619 1476 quod
647 1430 752 1473 gratis
776 1441 891 1462 comm
910 1428 984 1462 Deo
1013 1430 1249 1469 iustificewur,

269 1498 348 1519 cum
366 1483 540 1517 credimus
558 1493 620 1514 nos
637 1481 829 1523 ingratiam
848 1492 864 1512 a
885 1487 979 1523 patre
994 1479 1252 1523 propterCliri-

267 1544 357 1570 stum
383 1533 501 1577 recipi.
554 1531 650 1574 Quid
677 1539 790 1563 autem
816 1531 941 1563 efficiat
966 1531 1037 1569 lex,
1064 1543 1168 1573 supra
1196 1531 1250 1562 ‹li-

267 1595 361 1620 ctum
380 1592 440 1619 est.
493 1581 537 1616 Et
557 1590 671 1616 tamen
690 1581 848 1625 Apostoli
875 1593 952 1613 cum
979 1582 1124 1614 tradunt.
1151 1594 1250 1625 przie—

269 1643 366 1679 cepta
393 1637 435 1668 de
460 1634 634 1673 moribus,
679 1633 781 1675 longe
816 1631 918 1664 aliter
944 1634 1107 1671 tradunt⁷
1147 1645 1248 1676 quun

269 1683 491 1732 Philosophi.
536 1683 668 1716 Multas
686 1684 778 1716 enim
797 1683 986 1715 sententias
1005 1690 1189 1726 aspergunt
1210 1684 1252 1715 ‹le

269 1739 448 1771 voluntate
472 1734 554 1773 Dei,
582 1741 614 1767 et
640 1736 682 1766 de
698 1732 827 1768 Christi
849 1733 1035 1766 beneficiis.
1089 1733 1143 1766 Ad
1172 1732 1252 1766 hiec

269 1791 399 1822 docent.
417 1788 453 1819 in
474 1784 527 1818 his
546 1785 685 1817 insidiis
699 1785 831 1817 diaboli
848 1810 856 1823 ‚
888 1797 957 1816 nou
980 1796 1077 1827 posse
1097 1796 1159 1816 nos
1178 1797 1253 1816 mo-

270 1852 324 1873 res
344 1850 477 1881 regere,
505 1836 571 1869 nisi
590 1835 717 1878 spiritu
736 1833 867 1870 Christi
885 1836 1123 1878 gubernemur
1140 1844 1172 1869 et
1188 1836 1255 1868 fide

271 1890 472 1924 resistamus
489 1886 642 1921 diabolo.

624 2003 760 2056 Caput
807 2003 904 2044 XII.

379 2088 604 2134 Superiorem
626 2085 807 2131 Epistulae
840 2091 973 2129 partem
1008 2084 1258 2118 collocavimus

278 2143 316 2176 in
342 2152 467 2185 genere
492 2137 668 2178 iudiciali,
711 2143 870 2170 versatur
906 2136 998 2167 enim
1025 2136 1060 2167 in
1087 2137 1257 2169 docendo.

275 2191 466 2237 Sequentia
483 2190 613 2234 capita,
640 2199 728 2233 quae
745 2194 825 2220 sunt
843 2186 936 2219 velut
960 2186 1135 2229 appendix
1162 2186 1258 2218 illius

276 2241 536 2286 disputationis,
562 2239 741 2283 pertinent
757 2238 798 2270 ad
816 2248 924 2280 genus
944 2237 1152 2277 suasorium,
1176 2237 1256 2281 quia

277 2294 459 2326 continent
481 2298 661 2335 praecepta
692 2290 736 2322 de
759 2288 928 2322 moribus,
1004 2287 1072 2320 Nec
1096 2299 1185 2331 opus
1207 2294 1257 2320 est

278 2341 335 2376 hic
366 2342 543 2376 subtiliter
581 2351 749 2386 quaerere
790 2338 963 2371 rationem
1005 2339 1256 2382 dispositionis.

277 2393 358 2427 Non
376 2394 468 2425 enim
493 2392 637 2436 perinde
654 2388 840 2424 cohaerent
859 2389 1033 2429 membra,
1060 2395 1100 2422 ut
1123 2389 1159 2421 in
1185 2389 1257 2422 dis-

280 2444 479 2487 putatione,
503 2443 562 2476 sed
582 2442 718 2484 singula
738 2446 938 2484 praecepta,
963 2451 1076 2472 novae
1098 2440 1257 2483 proposi-

277 2494 390 2528 tiones
411 2500 511 2532 sunt,
544 2500 603 2525 aut
626 2493 654 2524 si
679 2491 757 2537 quis
784 2488 849 2524 hoc
875 2490 1028 2530 mavult,
1055 2490 1140 2523 novi
1164 2490 1256 2524 libri.

276 2544 323 2578 Et
342 2552 457 2578 tamen
473 2544 499 2576 si
518 2543 597 2590 quis
616 2542 651 2574 in
669 2550 766 2576 tanto
790 2553 934 2581 acervo,
962 2538 1166 2575 methodum
1191 2541 1257 2574 ali-

277 2607 381 2640 quam
399 2601 458 2627 aut
478 2594 649 2627 rationem
672 2599 788 2625 tenere
805 2592 919 2634 cupit,
946 2598 983 2625 ut
1009 2591 1044 2624 in
1069 2603 1175 2635 pauca
1201 2603 1257 2625 ca-

277 2646 348 2689 pita
372 2646 549 2685 conferre,
591 2650 626 2677 et
650 2643 776 2676 ordine
801 2642 983 2686 complecti
1007 2641 1126 2676 omnia
1156 2654 1256 2687 prae-

837 77 963 112 PHlL.
990 75 1107 112 MEL.
1133 72 1341 111 SCRIPTA
1367 70 1667 110 EXEGETICA.

2195 78 2269 114 484

1287 165 1384 207 cepta
1406 158 1532 204 possit,
1558 158 1587 192 is
1605 157 1711 194 habet
1726 158 1829 194 Pauli
1853 163 2070 209 exemplum,
2097 162 2158 210 qui
2183 175 2269 197 con-

1289 208 1394 243 trabit
1410 210 1529 243 omnia
1547 209 1582 242 in
1599 211 1787 243 secundam
1805 213 1960 247 tabulam
1980 215 2146 259 decalogi.
2178 213 2268 249 Nam

1289 261 1447 294 doctriua
1464 261 1562 301 fidei,
1583 261 1619 293 iu
1637 273 1704 306 qua
1721 262 1880 305 superior
1896 263 2074 308 Epistulae
2091 277 2169 311 pars
2185 276 2269 298 con-

1288 312 1457 351 suit-itur,
1494 312 1643 355 pertinet
1665 313 1707 345 ad
1740 312 1887 355 primam
1917 316 2084 352 tabulam.
2150 316 2270 360 Neque

1290 375 1371 396 sane
1388 360 1575 396 methodus
1592 363 1635 395 de
1651 363 1809 396 moribus
1827 364 1898 397 ulla
1915 365 2025 409 magis
2046 373 2161 401 exacta
2186 377 2271 400 con-

1291 414 1357 458 cipi
1374 420 1507 458 potest,
1535 426 1640 458 quam
1658 414 1842 458 decalogus
1860 422 1921 449 est.

1391 488 1465 522 Nos
1482 496 1600 523 tamen
1618 489 1723 523 etiam
1741 489 1933 533 partiemur
1949 497 2150 534 praecepta,
2178 490 2271 525 iuxta

1292 539 1384 573 vitae
1401 551 1542 582 genera.
1596 539 1644 574 Ut
1659 540 1754 573 enim
1771 541 1838 573 alia
1858 547 1908 574 est
1932 541 2067 584 privata
2088 542 2177 583 vita,
2205 542 2273 575 alia

1295 591 1453 633 publica,
1480 603 1539 624 seu
1559 597 1596 624 ut
1614 589 1821 635 Philosophi
1842 592 2020 636 appellant
2037 592 2198 636 politica,
2225 593 2273 627 ita

1294 641 1446 684 duplicia
1472 639 1528 674 hic
1552 649 1732 686 praecepta
1754 649 1846 677 sunt.
1920 642 1962 675 In
1987 643 2195 676 duodecimo
2217 655 2273 677 ca-

1297 691 1365 734 pite
1390 692 1511 725 recitat
1537 700 1719 737 praecepta
1747 693 1857 736 magis
1885 693 1929 726 ad
1963 694 2135 737 privatam
2166 694 2274 728 vitam

1297 743 1519 785 pertinentia.
1585 743 1743 787 Sequi-ns
1775 751 1877 788 caput
1902 745 1944 776 ad
1969 743 2146 788 politicam
2168 744 2274 778 vitam

1296 794 1455 836 pertinet,
1480 795 1578 827 docet
1597 794 1690 826 enim
1708 806 1771 827 nos
1785 796 1827 827 de
1844 795 2058 837 magistratu.
2093 793 2208 839 Caput
2219 795 2276 828 14.

1297 845 1339 875 de
1361 844 1534 876 scandalis
1565 845 1750 885 admonet,
1792 857 1837 878 ne
1870 846 2091 879 offendamus
2115 846 2276 880 libertate

1297 901 1414 926 nostra
1431 894 1622 927 imbecilles
1639 895 1771 930 fratres.
1826 895 1868 929 ln
1885 896 2030 941 reliquis
2055 897 2193 930 duobus
2214 908 2276 929 ca-

1298 945 1429 987 pitibus
1452 945 1662 988 pollicetur,
1703 953 1742 979 ut
1770 945 1810 979 fit
1839 946 1875 978 in
1907 947 2084 990 epistolis,
2121 947 2275 980 officium

1296 1006 1397 1028 suuni
1413 994 1604 1036 Romanis,
1628 1003 1662 1029 et
1680 996 1847 1030 adscribit
1864 997 2103 1034 salutationes.

1398 1068 1598 1112 Propositio
1621 1070 1793 1112 generalis
1821 1077 1871 1104 est
1888 1071 2122 1116 complectens
2141 1083 2278 1105 crucem

1297 1126 1329 1153 et
1350 1120 1442 1153 bona
1462 1131 1578 1164 opera.
1630 1119 1798 1155 Praebete
1821 1133 1967 1165 corpora
1993 1129 2103 1155 vestra
2127 1120 2279 1155 hostiam

1298 1170 1392 1212 Deo,
1419 1177 1453 1204 et
1471 1171 1603 1204 cultum
1627 1171 1835 1204 rationalem
1853 1178 1917 1207 etc.
1969 1171 2037 1205 Hic
2059 1172 2157 1205 vides
2180 1173 2281 1206 aliter

1297 1223 1386 1254 tradi
1407 1228 1587 1266 praecepta
1608 1233 1627 1255 a
1642 1219 1887 1266 Philosophis‚
1913 1222 2016 1256 aliter
2032 1223 2075 1256 ab
2090 1223 2281 1266 Apostolis.

1298 1272 1386 1304 Nam
1404 1272 1535 1305 Paulus
1553 1273 1711 1306 inserens
1734 1273 2041 1317 amplificationem
2066 1274 2280 1319 propositio—

1299 1324 1356 1362 ni,
1386 1324 1487 1354 fidem
1514 1323 1617 1355 etiam
1642 1324 1800 1367 requirit.
1853 1324 2034 1366 Significat
2060 1325 2154 1356 enirn
2176 1335 2281 1368 opera

1300 1380 1331 1405 et
1354 1373 1560 1405 afflictiones
1578 1374 1704 1406 debere
1721 1371 1852 1407 hostias
1878 1386 1960 1407 esse.
2011 1373 2092 1408 Non
2115 1381 2197 1408 sunt
2220 1387 2282 1408 au-

1301 1431 1367 1456 tem
1385 1421 1517 1456 hostiae
1533 1425 1625 1466 apud
1643 1424 1782 1467 impios.
1834 1425 1903 1458 Sed
1929 1426 2020 1468 apud
2046 1423 2110 1457 hos
2128 1425 2188 1469 qui
2207 1437 2281 1458 cre-

1301 1476 1391 1507 dunt
1414 1473 1489 1507 Deo
1524 1474 1658 1518 placere
1695 1475 1902 1509 afflictiones
1932 1482 2067 1509 nostras
2102 1482 2284 1522 etsopera‚

1302 1526 1382 1570 quia
1398 1524 1528 1558 Clu-isti
1548 1526 1704 1559 membra
1721 1537 1862 1567 summ,
1891 1533 1922 1559 et
1949 1527 2138 1569 gubernari
2157 1538 2174 1559 a
2191 1525 2280 1567 Deo,

1302 1584 1375 1609 tum
1399 1576 1608 1609 afflictiones
1636 1583 1793 1617 nostras,
1820 1583 1894 1609 tum
1919 1589 2035 1621 opera.
2087 1575 2133 1610 Et
2156 1576 2282 1624 λογικὴ

1303 1624 1450 1670 λατρεία
1475 1626 1668 1670 opponitur
1697 1638 1770 1659 non
1803 1628 1908 1660 modo
1942 1627 2099 1671 pecuinis
2123 1628 2285 1669 victimis,

1303 1678 1360 1709 scd
1381 1678 1485 1710 etiam
1505 1678 1672 1710 omnibus
1689 1673 1853 1710 humanis
1870 1678 2042 1711 exercitiis
2060 1685 2088 1710 et
2108 1679 2286 1722 operibus,

1305 1741 1392 1772 quae
1416 1735 1496 1760 sunt
1521 1728 1596 1760 sine
1621 1728 1747 1761 timore
1761 1727 1826 1760 Dei
1852 1736 1885 1762 et
1909 1729 1984 1762 sine
2007 1729 2146 1763 fiducia.
2198 1728 2287 1763 Nam

1305 1776 1453 1826 λογικὸν
1481 1790 1554 1811 non
1586 1778 1757 1821 significat
1782 1776 1961 1811 hominem
1979 1806 1989 1820 ,
2030 1787 2069 1813 ut
2095 1779 2133 1812 in
2157 1778 2286 1814 scholis

1306 1827 1484 1862 bominem
1503 1830 1717 1870 describunt,
1742 1830 1873 1862 animal
1893 1830 2075 1871 rationale,
2100 1831 2159 1863 sed
2177 1831 2288 1874 sigui-

1307 1880 1384 1914 ficat
1407 1880 1637 1923 cogitantem,
1680 1887 1719 1913 ut
1741 1880 1784 1912 sit
1804 1878 1929 1926 Zoytm)
1952 1878 2118 1925 λατρεία,
2158 1881 2195 1914 in
2219 1893 2286 1926 qua

1308 1932 1498 1974 cogitatur,
1526 1942 1585 1963 seu
1606 1929 1777 1970 cernitur,
1813 1941 1872 1963 seu
1895 1928 2172 1975 apprehenditur
2194 1931 2288 1965 Deus

1312 1993 1371 2024 per
1398 1982 1543 2014 verbum
1569 1979 1701 2027 ἄλογος
1725 1981 1845 2023 latria,
1874 1993 1953 2014 cum
1978 1982 2084 2014 corda
2108 1994 2180 2015 uon
2206 1994 2288 2015 sen-

1310 2032 1403 2065 tiunt
1422 2032 1579 2064 timorem
1600 2030 1684 2074 Dei,
1712 2043 1784 2064 non
1802 2031 1987 2074 eriguntur
2010 2032 2098 2074 fide,
2124 2044 2197 2066 non
2222 2045 2290 2067 no-

1308 2090 1391 2116 runt
1412 2082 1545 2123 Deum,
1581 2082 1715 2115 etiamsi
1743 2083 1877 2125 egregia
1902 2094 2007 2125 opera
2033 2089 2208 2126 praestent
2230 2097 2290 2117 co-

1309 2141 1392 2167 natu
1414 2133 1579 2174 rationis,
1598 2145 1676 2166 cum
1698 2133 1837 2166 interim
1856 2134 2040 2173 dubitent,
2064 2145 2110 2168 an
2127 2134 2288 2179 respiciat

1310 2197 1372 2218 nos
1388 2183 1499 2225 Deus,
1525 2196 1570 2217 an
1590 2184 1752 2218 exaudiat
1767 2192 1831 2218 etc.

1410 2259 1547 2295 Deinde
1572 2266 1726 2294 recenset
1753 2266 1953 2304 praecepta,
1994 2259 2032 2292 in
2055 2259 2184 2305 quibus
2215 2273 2287 2295 non

1308 2312 1383 2344 sine
1400 2324 1523 2355 magna
1541 2323 1641 2344 causa
1659 2311 1772 2355 primo
1790 2311 1866 2343 loco
1886 2310 2017 2353 posuit,
2043 2317 2081 2344 ut
2094 2322 2176 2346 suae
2193 2313 2291 2357 quis-

1308 2375 1375 2407 que
1395 2362 1568 2396 vocationi
1589 2362 1735 2401 serviat,
1762 2367 1796 2394 et
1812 2358 1903 2393 nihil
1919 2360 1995 2394 sine
2011 2362 2118 2396 verbo
2133 2362 2199 2397 Dei
2224 2364 2289 2398 do-

1309 2420 1402 2455 ceat,
1431 2411 1522 2446 nihil
1539 2412 1705 2460 suscipiat
1721 2411 1795 2445 sine
1812 2411 1978 2447 mandato
1994 2410 2074 2447 Dei.

1409 2488 1533 2523 Postea
1559 2493 1877 2522 commemorantur
1896 2486 1999 2521 ‘varia
2024 2487 2137 2522 officia
2162 2488 2289 2523 carita-

1307 2540 1371 2582 tis,
1397 2546 1430 2574 et
1453 2541 1495 2572 ad
1525 2546 1716 2573 extremum
1752 2535 1915 2581 prohibet
1939 2538 2143 2575 vindictam.
2217 2539 2288 2574 Ubi

1308 2590 1506 2624 meminerit
1529 2590 1654 2629 lector,
1681 2588 1850 2632 privatam
1877 2588 2068 2622 vindictam
2096 2587 2287 2633 prohiberi.

1308 2641 1395 2675 Nam
1419 2639 1651 2685 Evangelium
1675 2651 1746 2673 non
1769 2636 1935 2685 prohibet
1958 2640 2149 2675 vindictam
2171 2640 2288 2684 legiti-
