2415 2942
285 95 382 134 1183

295 183 468 216 drentem
482 203 490 217 ,
516 174 582 209 hac
600 171 761 206 videlicet
778 169 866 210 vita,
891 180 979 214 quae
997 165 1100 200 habet
1118 165 1271 200 functio-

296 246 356 267 nes
378 229 536 264 onmium
561 223 795 270 potentiarum
817 220 972 256 animae,
1000 219 1103 251 ctiam
1130 216 1274 250 nutriti-

299 295 372 317 vae.
425 279 511 312 Tale
533 287 659 320 corpus
682 272 841 305 nominat
862 277 893 303 et
916 266 1067 314 χοϊκὸν,
1101 268 1198 312 quasi
1223 266 1278 299 di-

299 345 372 367 cas.
406 337 609 364 testaceam,
637 325 777 368 κχοῦς,
806 321 899 365 quod
925 320 1031 352 ollam
1048 318 1280 361 significabat,

301 384 382 428 quia
405 377 521 414 adhuc
544 381 740 412 terrestrem
761 379 792 405 et
809 370 1012 404 mutabilem
1038 376 1196 402 naturam
1217 365 1281 400 ha-

304 436 371 467 bet.

311 686 420 721 tivae,
450 693 512 715 nec
537 681 581 714 sit
611 675 790 711 mutabilis
818 681 851 707 et
871 672 1048 709 mortalis,
1074 671 1161 703 sicut
1187 675 1292 702 testa-

313 747 391 771 cea,
425 733 483 765 sed
507 730 550 764 sit
576 729 712 773 perfusa
737 726 881 769 spiritu,
918 730 949 756 et
974 722 1042 754 alio
1070 721 1175 753 modo
1201 720 1295 751 vivat

314 796 417 830 quam
447 789 566 821 antea,
602 779 644 812 sit
672 777 807 813 lucida,
851 785 952 817 pura,
994 785 1065 804 non
1096 769 1296 809 mutabilis,

316 847 388 869 non
412 831 589 867 mortalis,
620 827 753 861 habens
771 825 924 859 actiones
946 823 1082 856 animae
1105 820 1298 857 rationalis,

317 895 500 922 sensuum,
527 879 803 922 adpetitionum,
831 874 1078 912 locomotivae,
1107 883 1195 916 quae
1220 882 1300 903 om-

319 947 379 969 nes
413 935 534 966 ardent
570 929 706 973 Spiritu
733 932 870 965 sancto,
909 931 947 957 ut
981 935 1058 956 cum
1089 934 1128 955 ex
1157 920 1300 954 materia

320 983 439 1020 lvchni
460 983 494 1016 fit
515 982 674 1019 flamma,
715 987 855 1010 accensa
881 975 924 1007 ah
946 975 1029 1017 igni.
1087 972 1135 1006 lta
1162 980 1194 1005 et
1216 969 1301 1003 haec

322 1026 440 1070 nostra
469 1043 580 1067 massa
612 1039 752 1062 accensa
779 1039 797 1059 a
823 1025 948 1070 spiritu
983 1022 1114 1057 Christi
1140 1023 1177 1055 tit
1201 1021 1305 1065 spiri-

321 1087 435 1121 tualis.
490 1083 571 1116 Ideo
598 1081 684 1114 dicit
705 1077 799 1112 hunc
818 1075 997 1110 hominem
1020 1075 1204 1107 coelestem
1224 1084 1306 1109 esse,

323 1138 446 1174 idest,
473 1143 654 1167 accensum
683 1128 810 1174 spiritu
830 1124 983 1166 Christi,
1009 1132 1042 1158 et
1068 1124 1219 1157 similem
1238 1123 1308 1155 iam

323 1186 475 1222 Christo.

325 1270 401 1307 ’Ότι
430 1265 523 1311 σὰρξ
547 1262 609 1300 καὶ
640 1259 734 1307 αἷμα
760 1255 951 1306 βασιλείαν
968 1257 1062 1292 θεοῦ
1087 1257 1314 1303 κληρονομῆ-

329 1333 391 1356 σαι
415 1318 458 1354 οὑ
475 1316 668 1352 δύνανται.
722 1309 822 1357 Quia
841 1321 924 1343 caro
941 1313 970 1342 et
988 1308 1145 1353 sanguis
1163 1318 1314 1353 regnum
1340 1306 1342 1310 '

512 1365 590 1400 Dei
615 1360 846 1397 haereditare
870 1371 943 1392 non
967 1363 1134 1405 possunt.

434 1433 621 1470 Articulus
639 1438 689 1464 est
706 1430 741 1461 in
761 1427 936 1473 symbolo:
957 1424 1070 1459 Credo
1089 1424 1317 1458 resurrectio-

334 1501 416 1524 nem
440 1492 682 1520 mortuornm,
725 1491 794 1524 quo
824 1478 1048 1510 adfirmamus
1073 1475 1229 1517 singulos
1253 1473 1318 1507 ho-

336 1541 447 1574 mines
465 1540 720 1569 resurrecturos
746 1540 817 1561 esse
841 1540 881 1560 ex
901 1533 1030 1565 morte,
1057 1527 1184 1558 electos
1204 1528 1246 1557 ad
1265 1536 1320 1556 sa-

336 1592 445 1624 lutem
462 1593 658 1621 aeternam,
686 1579 814 1626 impios
834 1579 875 1610 ad
893 1577 1066 1610 cruciatus
1085 1584 1255 1614 aeternos,
1283 1580 1321 1606 ut

338 1649 495 1685 expresse
512 1635 595 1668 dicit
611 1633 703 1666 filius
722 1630 784 1664 Dei
803 1629 839 1661 in
857 1628 969 1671 capite
987 1624 1155 1660 Iohannis
1174 1626 1319 1670 quinto:
1348 1635 1349 1638 ’

339 1690 476 1726 Omnes
499 1686 559 1731 qui
584 1685 620 1717 in
645 1679 884 1716 monumentis
906 1685 1005 1717 sunt,
1037 1677 1181 1710 audient
1202 1687 1322 1708 vocem

341 1743 414 1776 eius
438 1746 470 1773 et
493 1735 701 1782 procedent,
737 1731 797 1776 qui
826 1731 918 1763 bona
943 1729 1118 1767 fecerunt,
1145 1727 1181 1759 in
1207 1738 1323 1759 resur-

343 1791 533 1827 rectionem
551 1786 659 1824 vitae,
686 1783 745 1828 qui
766 1793 848 1813 vero
863 1780 952 1812 mala
971 1785 1136 1821 egerunt,
1155 1778 1191 1810 in
1207 1788 1324 1811 resur—

344 1842 532 1878 rectionem
557 1835 690 1870 iudicii.
744 1830 790 1866 Et
813 1830 966 1865 Roman.
986 1830 1044 1864 14.
1063 1829 1208 1861 dicitur:
1235 1825 1326 1860 Om-

345 1904 406 1928 nes
425 1890 592 1925 stabimus
616 1892 695 1919 ante
714 1882 870 1917 tribunal
886 1878 1031 1914 Christi.
1073 1879 1178 1912 Item:
1208 1877 1328 1912 Unus-

347 1943 494 1990 quisque
529 1945 687 1972 nostrum
719 1946 781 1978 pro
813 1944 847 1966 se
881 1932 1054 1964 rationem
1089 1930 1211 1962 reddet
1241 1927 1328 1962 Deo.
1354 1935 1355 1938 ’

347 1997 381 2030 2,
408 1987 570 2026 Corinth,
598 1987 651 2022 5,:
694 1983 829 2018 Omnes
857 1994 920 2015 nos
948 1981 1164 2014 manifestari
1193 1985 1329 2023 oportet
1355 1984 1357 1993 ⁴

349 2055 466 2079 coram
484 2037 654 2075 tribunali
672 2034 823 2071 Christi,
849 2040 887 2066 ut
913 2037 1066 2076 reportet
1090 2030 1331 2075 unusquisque

351 2108 410 2137 ea,
437 2103 526 2138 quae
549 2089 652 2132 gessit
675 2088 712 2119 in
737 2095 892 2127 corpore.

453 2142 495 2176 In
525 2141 642 2186 priore
676 2135 834 2180 Epistola
867 2134 910 2166 ad
942 2130 1275 2165 Thessalonicenses
1296 2129 1333 2162 in

355 2195 464 2240 capite
481 2192 534 2226 4.:
563 2188 721 2228 Mortui,
741 2186 800 2231 qui
817 2186 853 2217 in
870 2182 1010 2217 Christo
1029 2190 1129 2223 sunt,
1153 2186 1336 2223 resurgent
1361 2188 1362 2194 ¹

356 2248 528 2290 primum,
562 2240 689 2274 deinde
721 2248 785 2270 nos
820 2235 881 2280 qui
917 2234 1088 2273 vivimus,
1121 2233 1180 2277 qui
1209 2230 1337 2276 reliqui

358 2306 492 2332 sumus,
528 2291 631 2326 simul
652 2301 729 2321 cum
753 2287 802 2320 eis
825 2286 1004 2329 rapiemur
1029 2285 1065 2316 in
1089 2283 1262 2322 nubibus,
1300 2281 1338 2313 in

358 2356 538 2379 occursum
554 2339 714 2375 Domini.
775 2335 821 2370 Et
845 2338 880 2370 2.
903 2335 997 2368 Petri
1021 2335 1069 2367 3.:
1111 2333 1240 2366 Veniet
1264 2332 1339 2364 dies

358 2396 523 2433 Domini,
552 2391 724 2437 sicutsur
741 2389 777 2420 in
795 2393 914 2427 nocte,
941 2387 976 2418 in
996 2397 1062 2429 qua
1081 2385 1166 2417 coeli
1185 2395 1263 2416 cum
1283 2394 1339 2415 so·-

360 2448 438 2480 nitu
466 2444 685 2480 transibunt,
713 2439 883 2472 elementa
909 2448 992 2469 vero
1016 2435 1179 2468 incendio
1202 2434 1341 2466 solven-
1367 2455 1371 2472 e

363 2505 440 2537 tur,
475 2502 507 2528 et
533 2501 644 2532 terra,
678 2497 710 2524 et
728 2500 815 2534 quae
834 2494 915 2521 sunt
938 2487 975 2519 in
999 2497 1056 2526 ea,
1082 2485 1343 2518 comburentur.

363 2547 460 2581 Haec
478 2544 596 2578 omnia
615 2553 692 2574 curn
709 2539 963 2577 dissolventur,
991 2536 1111 2581 quales
1128 2540 1266 2579 oportet
1283 2544 1343 2567 vos

367 2609 439 2631 esse
460 2597 497 2628 in
518 2599 634 2627 sancta
658 2588 922 2624 conversatione
941 2594 972 2621 et
990 2587 1135 2632 pietate,
1162 2591 1345 2627 expectan-
1370 2597 1373 2607 ·
1398 2581 1502 2623 talia,
1543 2580 1720 2661 donentur
1755 2574 1820 2609 hac
1860 2575 2091 2620 proprietate,
2132 2583 2172 2610 ut
2213 2578 2379 2623 deinceps

1370 2612 1375 2679 l
1400 2632 1470 2666 sint
1498 2631 1660 2663 immorta
1681 2629 1722 2661 ia.

369 2656 418 2682 tes
437 2654 470 2681 et
485 2645 705 2681 festinantes,
731 2646 770 2673 ut
787 2639 823 2671 in
842 2639 897 2671 die
913 2637 977 2672 Dei
996 2644 1132 2682 praesto
1150 2635 1238 2671 sitis.

863 82 988 118 PHlL.
1022 80 1138 117 MEL.
1178 78 1388 116 SCRIPTA
1424 78 1723 116 EXEGETICA.

424 429 532 463 Aliud
553 435 666 460 amem
690 434 834 467 COFPUS,
859 421 960 466 quale
987 420 1052 453 erit
1072 426 1149 463 {³081
1166 429 1283 451 rt‘Sur-
1310 434 1313 447 ν
1337 421 1431 465 quod
1458 420 1633 452 redemtor
1657 430 1753 450 meus
1775 417 1882 458 vivit,
1927 423 1959 449 et
1982 417 2019 449 in
2046 416 2236 449 novissimo
2262 417 2319 449 die

304 482 513 518 rectionem,
547 477 707 510 nominat
731 473 934 518 Spiritu-'³¹⁸³
972 483 1043 503 ‘¹⁰¹¹
1068 470 1160 514 quod
1188 468 1286 512 prior
1311 456 1314 491 l
1340 473 1382 504 de
1401 478 1490 504 terra
1510 476 1728 502 surrecturus
1745 479 1834 502 sum.
1877 466 1921 501 Et
1939 478 2058 500 rursus
2076 467 2320 499 circumdabor

305 532 450 567 materia
470 540 541 562 non
562 526 785 564 restituatur,
813 535 876 556 seu
901 522 994 567 quod
1019 521 1063 553 sit
1086 521 1224 552 redacta
1249 518 1287 549 in
1312 521 1316 535 ’
1341 521 1430 565 pone
1454 532 1547 560 mea,
1576 526 1609 552 et
1634 520 1669 551 in
1695 530 1797 551 came
1819 529 1893 550 me„
1916 518 2041 550 videbo
2058 515 2192 556 Deum,
2219 528 2322 561 quem

307 582 482 618 nihilum,
522 579 581 612 sed
606 577 701 622 quod
727 574 883 608 restituta
910 572 1004 605 vivat
1030 572 1097 603 iam
1124 570 1194 603 vita
1219 568 1290 612 spi·
1316 572 1317 576 ’
1343 572 1481 605 visurus
1504 582 1579 603 sum
1605 581 1665 612 ego
1691 570 1783 613 ipse,
1831 574 1864 602 et
1887 568 1981 602 oculi
2009 567 2077 600 mei
2104 566 2323 612 conspecturi

311 633 452 671 rituali,
479 631 514 663 id
534 636 602 669 est,
629 638 700 660 non
723 623 963 658 functionibus
982 621 1156 662 potentiae
1176 618 1292 651 nntri-
1345 629 1443 663 sunt,
1473 627 1507 654 et
1528 632 1602 653 nou
1626 620 1725 653 alius,

2213 77 2309 114 1184

1430 165 1520 200 Cum
1544 166 1651 209 igitur
1674 177 1831 210 expresse
1854 165 2038 200 adfirment
2058 165 2150 198 dicta
2165 164 2227 197 filii
2245 162 2311 197 Dei

1331 226 1364 252 et
1396 218 1668 260 Apostolorum,
1715 227 1835 249 omnes
1868 213 2027 249 homiues
2057 222 2313 249 resurrecturos

1332 281 1423 307 esse,
1462 266 1528 301 hoc
1548 278 1687 312 quoque
1704 267 1881 311 seqnitur,
1913 268 2051 298 eosdem
2069 266 2127 310 qui
2153 267 2313 299 vixerunt

1334 321 1371 352 in
1388 317 1452 351 hac
1469 319 1557 357 vita,
1582 318 1643 362 qui
1667 323 1747 350 sunt
1771 329 1850 350 caro
1866 323 1899 349 et
1916 317 2074 359 sanguis,
2100 323 2316 350 resurrectu-

1336 381 1392 404 ros
1417 381 1501 403 esse.
1552 366 1596 401 Et
1615 379 1771 411 expresse
1789 366 1903 411 inquit
1924 365 1986 399 lob
2001 366 2112 410 capite
2134 366 2208 400 19.:
2235 366 2315 400 Scio

1447 696 1542 730 Haec
1558 696 1707 729 illustria
1725 694 1924 729 testimonia
1941 695 2090 729 tenenda
2109 701 2191 728 sunt
2207 700 2327 728 contra

1349 760 1424 789 eos,
1451 747 1511 792 qui
1532 747 1665 789 fingunt
1686 745 1934 791 Pythagoricos
1952 745 2178 788 migrationes
2194 746 2328 777 anima-

1350 811 1448 839 rum,
1492 809 1550 830 seu
1573 794 1890 842 μετῌιψυχώσεις,
1918 802 1949 828 et
1975 804 2093 829 contra
2120 796 2226 835 alios,
2269 795 2331 840 qui

1325 864 1328 877 ·
1353 851 1510 892 fingunt,
1536 860 1617 892 *non
1641 860 1760 880 omnes
1784 853 2039 880 resurrecturos
2066 857 2157 886 esse,
2191 857 2254 878 nec
2276 857 2332 879 re-

1353 900 1449 934 stitui
1467 910 1610 941 corpora
1623 924 1631 937 ,
1657 910 1733 931 curn
1758 897 1821 930 lob
1837 909 1994 941 expresse
2012 897 2119 930 dicat:
2149 895 2262 938 Quem
2280 896 2334 929 vi-

1329 965 1332 1006 l
1355 961 1456 985 surus
1474 960 1549 982 sum
1569 960 1630 991 ego
1648 949 1736 992 ipse,
1764 955 1796 981 et
1811 947 1904 981 oculi
1920 947 1987 980 mei
2004 947 2222 991 conspecturi
2240 953 2336 990 sunt,

1332 1021 1333 1024 =
1359 1009 1391 1035 et
1417 1011 1489 1033 non
1513 999 1614 1032 alius.

1461 1074 1533 1108 Cur
1556 1074 1663 1117 igitur
1688 1072 1820 1106 Paulus
1847 1070 1914 1106 hoc
1944 1072 2021 1106 loco
2047 1071 2149 1105 dicit:
2191 1070 2282 1106 Caro
2306 1079 2340 1107 et

1334 1119 1338 1176 ἱ
1363 1126 1502 1169 sanguis
1520 1137 1665 1168 regn-im
1684 1123 1748 1156 Dei
1767 1124 1944 1167 possidere
1962 1135 2033 1155 non
2061 1129 2216 1166 possunt.
2269 1121 2342 1157 Re-

1335 1180 1340 1220 i
1365 1178 1538 1222 spondeo:
1570 1175 1698 1207 Paulus
1715 1175 1786 1218 ipse
1805 1172 1860 1206 hic
1879 1181 2057 1218 utrunque
2073 1173 2250 1214 adfirmat,
2267 1185 2342 1207 eos·

1337 1221 1342 1290 ἰ
1366 1231 1444 1262 dem
1464 1225 1624 1260 homines
1646 1232 1901 1258 resurrecturos
1925 1236 2014 1265 esse,
2048 1230 2080 1257 et
2103 1230 2220 1257 tamen
2248 1224 2344 1257 futu-

1366 1291 1444 1313 rum
1463 1289 1553 1318 esse,
1581 1283 1620 1309 ut
1637 1273 1721 1308 haec
1738 1275 1811 1319 ipsa
1826 1275 1970 1308 materia
1982 1302 1991 1315 ,
2008 1286 2097 1319 quae
2114 1280 2213 1306 antea
2230 1275 2345 1308 fuerat

1340 1315 1343 1357 l
1370 1329 1544 1367 mortalis,
1587 1334 1670 1360 tunc
1693 1326 1750 1359 fiat
1774 1326 1992 1358 immortalis,
2045 1323 2139 1357 Haec
2171 1326 2345 1358 enarratio

1343 1413 1345 1416 ,
1370 1391 1470 1422 saepe
1491 1377 1636 1421 repetita
1661 1383 1720 1410 est.
1775 1373 1926 1419 Oportet
1948 1375 2093 1408 mortale
2112 1375 2258 1409 induere
2282 1376 2349 1408 im-

1342 1433 1345 1467 i,
1370 1428 1629 1464 mortalitatem.
1684 1426 1804 1470 Itaque
1829 1433 1944 1459 manet
1967 1425 2158 1458 substantia
2182 1425 2296 1458 carnis
2318 1432 2350 1459 et

1372 1479 1570 1520 sanguinis,
1614 1478 1673 1509 sed
1703 1476 1895 1519 proprietas
1917 1476 1982 1507 alia
2011 1475 2041 1508 ei
2068 1487 2127 1517 prr
2151 1476 2260 1508 filium
2286 1474 2351 1508 Dei

1346 1551 1348 1564 ι
1373 1531 1538 1563 attributa
1557 1535 1616 1559 est.
1668 1526 1725 1560 Sic
1758 1527 1862 1567 igitur
1894 1526 2118 1568 intelligenda
2142 1532 2191 1557 est
2220 1527 2351 1559 oratio:

1375 1581 1462 1614 (jaro
1488 1585 1521 1611 et
1553 1577 1692 1619 sanguis
1724 1587 1870 1618 reguum
1904 1576 1970 1608 Dei
2003 1588 2075 1608 non
2107 1575 2354 1617 possidebunt,

1348 1666 1349 1670 ,
1375 1631 1522 1669 scilicet,
1551 1628 1625 1660 sine
1643 1627 1855 1664 mutatione,
1885 1626 1996 1670 qualis
2017 1633 2065 1659 est
2090 1623 2175 1658 haec
2200 1627 2355 1660 mortalis

1348 1712 1350 1719 ,
1376 1693 1466 1714 caro.
1516 1679 1600 1712 'Mox
1620 1688 1700 1719 ergo
1717 1677 1892 1721 sequitur:

1349 1731 1352 1785 l
1420 1744 1542 1782 Πάντες
1565 1743 1621 1784 μὲν
1644 1742 1682 1774 οὐ
1707 1740 1990 1782 κοιμηθησόμεθα,
2013 1740 2123 1778 πάντες
2163 1741 2196 1772 δὲ
2225 1739 2360 1782 ἀλλαγα-

1350 1787 1354 1828 l
1928 1784 2073 1822 σόμεθαι.

1351 1837 1356 1901 l
1483 1846 1617 1881 Omnes
1642 1845 1784 1890 quidem
1802 1856 1875 1877 non
1895 1844 2130 1884 dormiemus,
2159 1845 2215 1877 sed
2241 1856 2362 1879 omnes

1380 1900 1608 1933 mutabimur.
1663 1895 1794 1929 Textus
1810 1895 1960 1928 ostendit
1979 1893 2067 1927 hanc
2083 1903 2282 1939 sequentem
2301 1897 2362 1929 de-

1383 1949 1607 1983 clarationem
1628 1947 1782 1979 additam
1803 1957 1891 1985 esse,
1921 1958 1962 1978 ne
1982 1945 2190 1987 ambiguitas
2210 1946 2246 1978 in
2268 1946 2363 1989 prio-

1356 1998 1359 2048 ᾗ
1384 2002 1482 2034 ribus
1501 1998 1615 2032 verbis
1632 1996 1765 2041 aliquid
1785 1996 1997 2028 incommodi
2018 2003 2165 2039 pareret.
2205 1995 2366 2031 Fuerunt

1357 2051 1360 2098 ξ
1385 2058 1500 2085 autem
1520 2049 1687 2082 lectiones
1710 2047 1868 2079 diversae
1888 2047 1924 2079 in
1944 2044 2010 2078 hoc
2029 2053 2135 2079 textu.
2187 2046 2254 2080 Sed
2280 2048 2366 2081 reti-

1358 2100 1360 2111 '
1386 2112 1531 2135 neamus
1548 2099 1718 2133 Graecam
1737 2097 1897 2130 usitatam
1917 2104 1949 2130 et
1965 2097 2278 2140 simplicissimam,
2305 2110 2367 2132 cu-

1360 2151 1363 2179 ἓ
1388 2154 1441 2186 ius
1469 2149 1641 2184 sententia
1669 2147 1829 2191 congruit
1855 2160 1932 2180 cum
1960 2147 2053 2180 dicto
2079 2147 2114 2180 in
2141 2145 2300 2191 Epistola
2323 2150 2367 2183 ad

1362 2201 1363 2231 ἶ
1390 2201 1738 2239 Thessalonicenses,
1775 2198 1935 2230 adfirmat
1961 2197 2098 2241 aliquos
2124 2209 2196 2230 non
2220 2199 2370 2233 moritu-

1363 2262 1365 2286 ἶ
1391 2265 1448 2287 ros
1465 2264 1554 2291 esse,
1574 2250 1632 2295 qui
1653 2257 1736 2282 tunc
1754 2248 1893 2288 vivent,
1916 2260 1994 2281 cum
2013 2259 2048 2280 se
2063 2248 2155 2280 filius
2173 2247 2237 2281 Dei
2254 2257 2371 2283 osten-

1364 2292 1365 2310 ¹
1393 2306 1450 2337 det
1474 2302 1537 2337 toti
1564 2300 1682 2344 generi
1710 2297 1881 2331 hnmano:
1910 2296 1946 2331 hi
1969 2304 2072 2331 erunt
2095 2298 2192 2331 obvii
2216 2300 2373 2334 venienti

1366 2371 1367 2382 2
1392 2352 1546 2388 Christo,
1600 2351 1677 2384 Non
1702 2350 1809 2392 igitur
1833 2356 1883 2382 est
1906 2344 2206 2393 μετεμψύχωσις,
2243 2358 2276 2386 ει,
2299 2351 2374 2385 sin-

1367 2412 1370 2454 ἰ
1394 2405 1466 2448 guli
1485 2404 1521 2436 in
1541 2402 1611 2435 suis
1628 2400 1836 2444 corporibus
1852 2405 2035 2433 occurrent
2052 2398 2207 2433 Christo.

1497 2479 1566 2512 Sed
1605 2484 1723 2510 tamen
1765 2475 1823 2509 fiet
1864 2474 2013 2508 mutatio
2053 2475 2295 2519 proprietatis,
2336 2484 2376 2512 ut

1370 2556 1372 2559 .
1397 2530 1518 2567 subito
1543 2527 1628 2562 haec
1662 2537 1827 2570 corpora,
1870 2536 1959 2569 quae
1987 2525 2084 2569 prius
2110 2526 2254 2561 fuerunt
2279 2539 2377 2561 mor-

2370 2639 2381 2659 2
