2415 2942
290 118 337 155 39

291 215 369 236 tum
388 201 511 235 Mosen
531 202 664 237 excitat,
692 212 726 232 ac
747 209 872 231 noram
890 196 1045 240 politiam
1065 194 1167 228 lsrael
1185 206 1269 226 con-

291 253 414 286 stituit.
458 252 541 285 Item
555 264 632 284 cnm
647 257 761 293 postea
775 248 896 280 excitat
908 246 1119 283 Samuelem,
1143 243 1271 283 Eliani,

292 303 488 345 Elisaeum,
517 302 717 336 strenuam,
746 298 805 342 qui
831 308 952 330 omnes
978 303 1097 330 contra
1126 296 1271 329 ordina·
1295 304 1297 335 ᾖ

1135 347 1222 380 Nam
1240 353 1271 378 et
1296 346 1297 363 ³

293 355 378 387 riam
407 360 607 396 potestatem
631 349 797 382 maximas
815 360 868 381 res
885 355 1082 381 moverunt·

293 405 487 437 doctrinam
513 402 608 445 prius
625 400 790 433 traditam
808 405 1085 438 renovaverunt,
1112 405 1146 431 et
1163 404 1272 431 certas

293 467 346 487 res
373 454 456 485 :ilias
482 450 654 494 singulari
679 451 844 483 mandato
869 456 1030 492 egerunt,
1059 454 1272 481 vocaverunt

294 516 403 545 reges.
432 511 462 535 et
480 504 647 547 quosdam
665 508 898 535 excusserunt.
953 499 1162 533 Habuerunt
1178 500 1270 531 enim

293 554 503 595 singularem
538 553 776 589 vocationem,
820 551 1009 593 singularia
1043 552 1204 583 mandata
1240 555 1273 581 et

699 603 756 636 Sic
773 602 866 635 Deus
883 602 1031 635 subinde
1050 608 1192 633 renovat
1204 599 1271 632 tic-

294 656 451 693 clesiam,
480 663 510 688 et
535 655 687 687 ostendit
711 666 784 686 eain
811 666 882 686 non
905 654 974 695 regi
995 659 1130 685 tantum
1149 649 1269 684 huma-

295 707 348 739 nis
372 706 527 738 consiliis
552 713 608 738 aut
635 705 931 737 ordinationilms.
997 702 1080 735 Ideo
1104 702 1270 746 seriptum

295 764 360 790 est:
389 757 575 793 Ascendit,
604 757 700 788 dedit
727 757 818 787 dona
836 752 1063 792 hominibus,
1090 753 1176 786 alios
1195 752 1272 795 qui-

295 810 372 840 dem
401 805 613 851 Prophetas,
649 807 735 838 alios
758 805 968 848 Apostolos,
997 811 1058 838 etc.
1121 802 1172 836 Ac
1206 804 1272 835 sre-

296 865 391 891 mant
407 865 576 901 quantum
599 857 723 890 volunt
740 856 910 889 ordinarii
927 856 1177 897 gubernatores
1189 881 1196 891 ,
1223 860 1271 885 ta-

295 921 375 941 men
401 907 495 942 Deus
525 920 584 940 sua
617 908 748 949 ingenti
781 905 1020 938 misericordia
1052 906 1161 947 pluris
1194 904 1273 937 facit

296 959 505 999 Ecclesiam,
534 971 637 1002 quam
657 958 871 989 ordinariam
893 962 1107 998 potestatem.
1162 954 1273 988 'Mittit

297 1010 389 1041 enim
415 1009 577 1041 meliores
602 1008 853 1050 gubernatores
876 1015 908 1040 et
934 1008 1109 1046 doctores,
1137 1005 1274 1043 Mosen,

295 1059 424 1097 filiani,
460 1057 658 1097 Elisaeum,
694 1057 896 1098 Ierewimn,
927 1065 961 1089 ut
984 1056 1174 1090 Ecclesiam
1203 1057 1273 1088 rol-

297 1113 426 1153 lapsam
460 1110 586 1142 scelere
618 1109 819 1141 ordinariae
854 1108 1033 1151 potestatis
1069 1119 1188 1141 rursus
1221 1108 1274 1139 in-

295 1167 460 1195 staur-ent.

294 605 492 637 testimonia
512 605 642 636 dixina.

398 1236 496 1270 Talis
519 1236 585 1268 suit
610 1242 641 1268 et
661 1234 830 1275 loannes,
857 1232 913 1267 liic
936 1234 1147 1277 singularem
1175 1246 1278 1266 voca-

296 1289 445 1325 tionem,
472 1287 647 1328 singulare
671 1286 895 1325 mandatum,
923 1293 954 1319 et
973 1285 1163 1328 singularia
1182 1286 1277 1318 testi-

295 1339 412 1372 monia
433 1336 568 1372 habuit.
620 1335 712 1369 Huic
731 1336 905 1369 vocationi
923 1343 955 1370 et
973 1337 1139 1369 mandato
1159 1347 1278 1379 parere

295 1401 432 1423 necesse
456 1389 539 1429 suit,
566 1395 598 1421 et
621 1388 702 1432 quia
720 1387 909 1430 singularia
929 1387 1125 1420 testimonia
1144 1384 1278 1426 habuit,

295 1452 432 1474 necesse
449 1439 516 1473 suit
533 1439 692 1472 assentiri
712 1438 786 1471 eius
803 1438 994 1472 doctrinae.
1035 1437 1147 1471 lirant
1161 1444 1276 1470 autem

295 1490 514 1530 testimonia,
541 1489 638 1538 quod
661 1489 750 1533 patri
768 1487 958 1522 Zachariae
984 1501 1066 1522 voce
1089 1489 1203 1531 angeli
1222 1486 1278 1521 hic

295 1543 387 1575 filius
418 1541 610 1586 promissus
643 1540 729 1580 suit,
769 1541 863 1584 quod
898 1547 1001 1573 natus
1033 1552 1073 1572 ex
1105 1540 1215 1573 sterili
1247 1546 1278 1572 et

296 1593 417 1626 effoeta
445 1599 572 1632 matre,
599 1597 632 1624 et
647 1591 740 1636 quod
762 1591 852 1633 patri
873 1591 1031 1623 ademtus
1049 1597 1097 1623 est
1113 1597 1145 1623 et
1160 1591 1278 1623 reddi-

295 1651 350 1677 tus
383 1655 517 1683 sermo,
547 1642 642 1688 quod
680 1648 778 1686 pater
811 1641 1020 1676 vaticinatur
1050 1642 1093 1674 de
1125 1643 1278 1675 adventu

295 1694 454 1729 Messiae-

398 1770 537 1804 Deinde
563 1770 634 1813 ipse
653 1768 802 1802 Ioannes
826 1769 1052 1802 confirmatus
1075 1775 1125 1801 est
1150 1769 1277 1801 illustri

296 1821 518 1860 testimonio,
553 1833 616 1853 nec
639 1820 710 1854 ulla
735 1819 946 1853 describitur
968 1826 1082 1853 tantae
1106 1820 1154 1852 rei
1180 1831 1277 1851 reve-

297 1873 400 1913 latio,
430 1884 492 1904 nec
513 1872 548 1904 in
559 1871 703 1904 Patrum
720 1878 779 1904 aut
797 1868 1052 1914 Prophetarum
1071 1870 1278 1909 visionibus,

296 1932 333 1957 ut
355 1924 390 1955 in
413 1923 546 1955 visione
566 1921 724 1961 loannis,
751 1923 792 1954 de
809 1933 876 1966 qua
895 1921 1036 1965 quidem
1056 1922 1129 1964 ipse
1146 1920 1276 1964 inquit:

297 1972 371 2017 Ego
398 1974 489 2014 vidi,
518 1981 551 2007 et
571 1975 668 2006 testis
684 1985 773 2007 sum.
827 1970 995 2005 Ostendit
1013 1983 1047 2004 se
1066 1971 1187 2004 Ioanni
1208 1979 1276 2005 tota

297 2025 484 2065 divinitas,
512 2024 559 2057 ita
582 2031 620 2057 ut
644 2035 872 2068 personarum
892 2023 1080 2055 discrimen
1099 2023 1277 2065 conspice-

298 2083 404 2109 retur.
464 2075 640 2108 Aeternus
663 2081 760 2118 pater
783 2074 879 2107 coelo
905 2081 1024 2117 aperto
1049 2086 1120 2107 sese
1147 2073 1276 2117 patefa-

298 2127 391 2159 ciens
414 2138 533 2159 vocem
557 2132 675 2165 sonat,
702 2138 770 2170 qua
797 2126 840 2157 de
862 2125 934 2157 filio
956 2131 1112 2159 testatur.
1164 2123 1277 2157 Filius

298 2188 412 2209 coram
446 2177 482 2209 in
516 2175 666 2210 Iordane
698 2188 787 2221 aqua
820 2176 1060 2219 perfunditur,
1099 2176 1278 2208 descendit

299 2227 450 2271 Spiritus
479 2235 617 2261 sanctus
648 2227 779 2259 visibili
812 2227 948 2270 speciei.
1008 2225 1167 2266 Nemes,
1199 2238 1277 2258 cum

299 2290 352 2311 res
381 2285 495 2311 tantas
524 2279 690 2318 audiunt,
725 2278 964 2320 imaginantur
994 2278 1098 2310 fuisse
1126 2277 1276 2310 otiosum

300 2329 554 2372 spectaculum,
595 2335 626 2361 et
665 2328 867 2362 curiositate
903 2329 1054 2373 quadam
1096 2329 1278 2361 mirantur.

300 2380 367 2413 Sed
401 2380 550 2412 sciamus
575 2379 742 2422 singulari
767 2379 834 2413 Dei
858 2379 1006 2413 consilio
1028 2377 1119 2412 hanc
1145 2378 1278 2412 revela-

301 2431 432 2463 tionem
460 2428 648 2462 exhibitam
676 2442 766 2469 esse,
794 2438 826 2464 et
851 2442 992 2473 magnas
1015 2430 1122 2464 fuisse
1149 2441 1278 2464 causas.

300 2480 456 2514 Plurima
477 2480 625 2513 Ioannes
649 2480 770 2514 didicit
794 2482 830 2513 in
856 2479 920 2515 bac
943 2488 1037 2515 tanta
1056 2481 1279 2518 revelatione,

301 2533 344 2565 de
367 2531 495 2577 quibus
520 2538 637 2575 postea
658 2538 690 2564 et
707 2540 856 2565 caeteros
874 2533 1013 2567 erudiit.
1066 2531 1279 2575 Quanquam

303 2583 407 2626 igitur
424 2581 571 2615 loannes
593 2594 666 2614 non
692 2582 820 2615 dicitur
836 2584 954 2616 fecisse
971 2584 1157 2622 miracula,
1185 2582 1280 2616 scili-

303 2640 373 2673 cet,
406 2641 443 2666 ut
473 2633 597 2667 caeteri
625 2633 661 2665 iu
689 2633 895 2675 corporibus
918 2632 1124 2675 hominum,
1161 2641 1218 2666 aut
1244 2634 1279 2665 in

302 2684 442 2728 politica
461 2684 727 2728 gubernatione,
754 2691 869 2718 tamen
885 2685 1065 2719 doctrinae
1083 2684 1279 2719 testimonia

884 113 1006 147 t‘titl„
1038 109 1148 145 MEL.
1174 108 1379 144 sijtttt‘t‘A
1410 107 1706 144 EXEGETtCA.

2252 109 2302 146 40

1293 193 1295 197 ’
1320 202 1388 227 tam
1415 195 1574 228 miranda
1600 201 1631 227 et
1660 194 1809 227 illustria
1835 192 1975 235 habuit,
2008 203 2045 231 ut
2073 209 2144 230 non
2168 196 2301 231 fuerint

1321 246 1487 278 inferiora
1508 246 1719 280 testimoniis
1739 244 1832 278 Most
1851 252 1885 279 et
1899 245 2009 284 Eliae.

1423 296 1636 340 Quanquam
1663 303 1777 329 autem
1804 296 1879 339 pios
1901 303 1936 329 et
1953 296 2121 331 Ioannem
2147 296 2231 331 haec
2251 304 2300 331 te-

1321 347 1484 380 stimonia
1502 347 1776 384 confirmabant,
1805 359 1892 391 quae
1907 347 2048 391 quidem
2066 361 2144 382 cum
2163 349 2302 393 publice

1296 398 1297 430 l
1323 397 1628 441 praedicarentur,
1662 398 1766 430 etiam
1790 398 2008 431 adversarios
2033 399 2169 433 flectere
2194 400 2302 433 debe-

1295 438 1297 472 ¹,
1323 449 1426 487 bant,
1461 455 1576 480 tamen
1601 447 1833 491 interrogatus
1857 449 1901 481 ab
1924 449 2151 491 adversariis,
2177 450 2303 494 allegat

1295 505 1298 538 t
1322 499 1452 531 dictum
1472 495 1666 542 Prophetae
1684 497 1825 540 Esaiae,
1852 506 1891 533 ut
1915 500 2075 533 ostendat
2091 511 2125 532 se
2142 500 2246 533 etiam
2263 512 2303 534 ex

1296 542 1298 563 ἶ
1324 549 1431 581 verbo
1455 547 1518 582 Dei
1544 549 1742 583 testimonia
1769 561 1850 583 suae
1874 551 2066 584 vocationis
2093 549 2240 592 habere,
2264 562 2304 585 ac

1296 608 1298 649 ι
1322 599 1442 632 divina
1480 600 1666 633 autoritate
1701 601 1913 634 concionari.
1982 599 2205 636 Audiverant
2234 602 2304 635 iam

1296 656 1299 676 t
1323 650 1510 684 Pontifices
1527 657 1557 684 et
1570 650 1711 684 Levitae
1726 664 1764 684 ex
1783 650 2068 696 patreZacharia,
2097 651 2190 686 hunc
2200 651 2304 686 Ioan-

1324 713 1402 733 nem
1428 702 1682 744 praeuuncium
1705 703 1779 736 fore
1794 701 1961 743 Messiae,
1990 711 2021 737 et
2040 704 2195 746 legerant
2209 704 2304 747 apud

1296 741 1300 809 ι
1324 750 1537 785 Malachiam
1555 753 1597 785 de
1608 753 1730 796 angelo
1744 765 1964 797 praecessuro
1979 755 2199 789 salvatorem.
2252 754 2306 787 Ita

1324 809 1356 835 et
1374 801 1494 835 Esaias
1511 804 1741 838 concionatur
1756 805 1798 837 de
1816 817 1899 838 voce
1915 805 2085 838 clamante
2101 804 2137 837 in
2157 805 2305 840 deserto.

1325 852 1419 886 Haec
1436 853 1526 886 dicta
1546 853 1746 898 prophetica
1762 856 2001 899 congruebant
2013 867 2090 887 cum
2103 855 2244 889 caeteris
2256 862 2306 890 te·

1325 904 1498 937 stimouiis
1508 904 1661 938 loannis.
1697 905 1815 948 Quare
1831 906 1988 950 oportuit
1999 904 2165 939 loannem
2177 906 2307 939 servire

1325 967 1407 987 suae
1439 956 1636 996 vocationi,
1669 963 1703 990 et
1727 957 1848 989 audire
1872 969 1950 989 eum
1976 968 2098 989 omnes
2120 957 2305 992 debebant.

1326 1006 1395 1039 Nec
1413 1013 1546 1048 poterat
1563 1007 1680 1047 obiici,
1707 1008 1800 1051 quod
1818 1005 2014 1041 schismatis
2031 1014 2132 1041 autor
2148 1015 2246 1047 esset,
2274 1014 2307 1041 et

1327 1058 1419 1100 quod
1440 1057 1477 1089 in
1497 1058 1624 1100 populo
1642 1058 1848 1090 seditionem
1866 1064 2039 1098 moveret,
2066 1065 2099 1092 et
2115 1058 2189 1091 sine
2204 1065 2307 1092 auto-

1329 1107 1428 1140 ritate
1445 1108 1566 1140 divina
1583 1120 1693 1140 novos
1709 1108 1822 1141 cultus
1839 1109 2033 1142 institueret
2051 1121 2088 1142 ac
2105 1109 2190 1152 legis
2205 1115 2307 1143 anto-

1328 1159 1465 1190 ritatem
1483 1158 1661 1191 minuerit.
1714 1157 1767 1190 De
1784 1156 1838 1191 his
1853 1160 1958 1192 tantis
1973 1161 2078 1192 rebus
2094 1172 2172 1193 cum
2192 1172 2232 1193 eo
2249 1172 2308 1193 ex-

1329 1209 1552 1252 postulabant
1569 1209 1771 1241 adversarii.
1817 1207 1912 1242 Haec
1928 1209 1993 1243 suit
2008 1210 2191 1252 legationis
2206 1222 2307 1244 causa

1329 1266 1361 1292 et
1384 1270 1538 1298 summa,
1571 1266 1607 1292 ut
1631 1272 1725 1293 nunc
1750 1257 1954 1305 hypocritae
1979 1267 2217 1305 quaeruntur,
2243 1273 2309 1294 nos

1329 1310 1506 1342 discedere
1521 1311 1565 1343 ab
1581 1310 1760 1343 ordinaria
1779 1317 1965 1354 potestate,
1993 1322 2065 1344 esse
2081 1308 2309 1346 schismatum

1329 1368 1361 1394 et
1379 1373 1551 1393 novorum
1571 1362 1773 1404 dogmatum
1791 1367 1940 1394 autores,

1431 1411 1498 1445 Sed
1516 1412 1618 1445 nobis
1637 1412 1774 1445 facilior
1792 1419 1841 1445 est
1857 1412 2056 1455 responsio,
2084 1424 2188 1458 quam
2207 1411 2311 1446 Ioan-

1435 1461 1528 1504 Quia
1545 1461 1695 1496 loannes
1714 1470 1786 1496 erat
1808 1469 1910 1496 autor
1931 1463 2014 1495 novi
2032 1463 2120 1496 ritus
2135 1463 2312 1508 baptismi,

1331 1521 1361 1547 et
1380 1513 1568 1557 recipiebat
1585 1521 1721 1556 gentes,
1749 1520 1780 1546 et
1797 1514 1962 1547 sacrificia
1979 1514 2195 1558 negligebat,
2222 1526 2312 1560 quae

1331 1572 1447 1598 tamen
1474 1565 1549 1598 iure
1573 1565 1696 1597 divino
1720 1565 1846 1598 tradita
1870 1572 1980 1599 erant.
2041 1564 2114 1600 Nos
2136 1577 2218 1599 vero
2243 1566 2311 1599 sci-

1331 1627 1408 1648 mus
1436 1622 1512 1659 post
1538 1616 1855 1659 promulgationem
1878 1613 2065 1659 Evangelii
2085 1628 2158 1649 non
2181 1616 2312 1650 instare

1331 1667 1427 1700 alind
1461 1668 1625 1707 verbum,
1658 1668 1717 1700 sed
1748 1667 1955 1710 simpliciter
1983 1679 2103 1700 vocem
2127 1666 2313 1710 Evangelii

1331 1718 1550 1750 retinendam
1581 1729 1670 1757 esse,
1703 1719 1814 1750 donec
1837 1729 1873 1750 se
1895 1718 2008 1760 palam
2035 1718 2168 1751 mundo
2191 1728 2313 1752 rursus

1332 1769 1491 1801 ostendat
1528 1768 1620 1800 filius
1651 1767 1727 1801 Dei.
1796 1766 1873 1800 Hoc
1911 1769 2116 1801 mandatum
2149 1769 2192 1801 de
2222 1768 2312 1802 filio:

1331 1818 1436 1851 Hunc
1461 1819 1599 1858 audite,
1627 1829 1769 1861 prorsus
1793 1818 2014 1850 immutabile
2037 1825 2098 1851 est.
2150 1817 2269 1860 Quare
2283 1820 2314 1852 si

1331 1869 1392 1914 qui
1417 1869 1608 1912 pugnantia
1627 1880 1705 1901 cum
1722 1867 1916 1910 Evangelio
1932 1869 2147 1909 docuerunt,
2172 1875 2232 1902 aut
2247 1869 2312 1903 do-

1331 1927 1427 1959 cent,
1467 1930 1677 1964 quocunque
1711 1925 1886 1962 tempore,
1925 1918 2103 1951 refutandi
2134 1926 2234 1958 sunt,
2279 1927 2327 1954 et*

1331 1982 1418 2015 pura
1441 1983 1506 2003 vox
1521 1969 1705 2012 Evangelii
1727 1969 1921 2003 retinenda.
1974 1967 2052 2002 Hoc
2077 1976 2127 2003 est
2150 1971 2311 2013 generale

1331 2021 1535 2054 mandatum
1561 2022 1603 2054 ad
1628 2031 1749 2053 omnes
1769 2021 1846 2053 sine
1864 2019 1937 2052 ullo
1957 2020 2178 2062 discrimine,
2202 2021 2311 2064 perti-

1330 2083 1429 2106 nens.
1483 2071 1566 2104 Ideo
1589 2071 1690 2105 facile
1715 2082 1897 2114 possumus
1914 2070 2050 2104 diluere
2067 2071 2200 2105 crimen
2218 2069 2311 2106 schi-

1331 2123 1467 2162 smatis,
1494 2124 1553 2156 sed
1570 2122 1672 2155 venio
1690 2123 1733 2155 ad
1751 2128 1895 2156 textum.

1431 2172 1521 2215 Cur,
1556 2173 1743 2218 inquiunt,
1776 2173 1950 2217 baptizas,
1983 2173 2013 2205 si
2040 2185 2112 2207 non
2142 2186 2177 2207 es
2205 2172 2312 2208 Chri-

1331 2231 1424 2265 stus,
1456 2237 1520 2258 nec
1541 2223 1655 2265 Elias,
1689 2236 1753 2257 nec
1775 2222 1978 2268 Propheta?
2038 2223 2146 2267 Quasi
2172 2225 2310 2260 dicant:

1331 2275 1404 2309 Cur
1428 2287 1560 2309 novum
1584 2276 1691 2309 ritum
1716 2275 1888 2317 instituis,
1914 2275 2010 2320 quod
2035 2275 2127 2308 nulli
2143 2275 2225 2310 licet
2241 2275 2313 2310 nisi

1333 2326 1499 2367 Messiae,
1526 2334 1586 2361 aut
1602 2326 1756 2360 fortassis
1773 2325 1872 2360 Eliae
1892 2337 2114 2371 praecessuro
2132 2326 2311 2369 Messiam,

1333 2385 1369 2411 ut
1389 2378 1424 2410 in
1443 2375 1617 2411 Malachia
1633 2378 1802 2421 scriptum
1819 2384 1886 2416 est,
1913 2383 1972 2410 aut
1987 2376 2091 2410 alicui
2107 2376 2213 2410 simili
2224 2377 2312 2412 Pro-

1333 2427 1457 2472 phetae
1483 2440 1704 2473 praecessuro
1730 2427 1907 2463 Messiam.
1964 2427 2114 2461 Ioannes
2138 2428 2214 2462 sine
2237 2440 2311 2462 am—

1333 2480 1503 2526 biguitate
1525 2480 1729 2524 respondet,
1761 2491 1799 2512 ac
1823 2479 1928 2513 simul
1953 2479 2037 2523 quid
2062 2490 2134 2512 non
2157 2479 2221 2519 sit,
2254 2491 2313 2513 ex-

1334 2531 1453 2574 ponit,
1476 2538 1510 2564 et
1534 2538 1784 2564 commemorat
1808 2530 1846 2563 in
1863 2542 1931 2576 qua
1945 2530 2129 2563 vocatione
2145 2537 2313 2572 versetur,

1334 2588 1366 2614 et
1382 2593 1470 2626 quae
1484 2576 1530 2615 sit
1545 2593 1626 2616 suae
1641 2582 1821 2615 doctrinae
1834 2592 1980 2615 summa.
2034 2580 2194 2614 Primum
2210 2588 2313 2625 negat

1333 2644 1368 2665 se
1393 2644 1465 2665 esse
1488 2631 1673 2673 Messiam,
1702 2640 1734 2666 et
1757 2645 1856 2676 saepe
1880 2632 2045 2666 discernit
2071 2644 2168 2665 suam
2193 2644 2311 2677 perso-

1334 2696 1415 2716 nam
1441 2683 1615 2722 officium‚
1651 2697 1667 2718 a
1693 2695 1842 2728 persona
1867 2682 2033 2723 Messiae,
2066 2689 2099 2718 et
2123 2683 2312 2723 beneficiis,

1329 1463 1381 1495 lii.
