2415 2942
275 91 370 128 1079

277 189 348 212 esse
373 176 529 209 membra
555 174 617 207 filii
641 171 705 206 Dei
731 172 854 212 simul,
883 171 964 216 quia
991 183 1029 204 ea
1054 169 1256 204 coniunctio

277 228 466 271 approbata
487 231 536 257 est
554 237 571 257 a
592 224 677 257 Deo.
729 221 775 256 Et
794 222 959 265 coniuges
986 222 1089 254 ambo
1112 226 1259 265 possunt

278 289 350 310 esse
379 276 532 307 membra
569 273 631 307 filii
669 273 759 311 Dej‚
804 273 875 304 imo
907 280 988 305 sunt
1019 272 1114 304 velut
1147 282 1287 326 unumS

279 327 488 359 membrum.
546 324 613 357 Mc
629 325 765 356 aberrat
790 335 853 355 nec
878 323 1042 355 avellitur
1071 334 1088 354 a
1106 322 1176 354 filio
1195 321 1260 354 Dei
1285 328 1286 347 l

279 376 448 415 maritus,
489 372 623 407 habens
657 373 946 407 consuetudinem
989 385 1068 405 cum
1103 349 1288 415 coniuge,i

279 427 361 471 quia
388 438 425 458 ea
452 426 667 457 consuetudo
692 431 741 457 cst
765 424 955 468 approbata
973 435 990 455 a
1008 422 1100 460 Deo,
1129 430 1161 455 et
1184 433 1256 453 uon
1285 419 1288 470 J

280 477 412 519 rumpit
431 476 610 508 unitatem.
664 474 730 508 Sed
758 487 834 506 cum
854 481 997 516 vagatur
1014 474 1122 505 libido
1141 479 1260 505 contra

283 533 502 569 praeceptum
528 524 591 557 Dei
611 552 619 565 ‚
663 532 745 558 tunc
775 524 940 557 avellitur
972 536 1118 567 persona
1147 536 1164 555 a
1190 522 1261 554 filio

281 577 366 617 Dei,
394 585 421 608 et
443 576 631 619 polluitur,
659 582 687 607 ct
709 576 745 608 tit
771 576 966 607 membrum
991 575 1093 606 scorti
1112 581 1144 606 et
1162 584 1263 614 orga-
1288 571 1290 600 ἐ

1288 521 1289 534 i

1287 555 1290 567 ι

1288 604 1291 625 l

283 640 368 660 num
395 626 554 666 diaboli,
587 627 674 659 sicut
694 625 785 658 Nero
810 633 869 658 aut
893 624 1084 658 Ptolemaei
1108 622 1263 656 horribi—

284 678 363 711 liter
384 683 563 720 vagantur.
1288 638 1293 725 i

383 732 436 767 Ex
455 732 517 766 hac
538 733 758 766 enarratione
775 739 953 776 utcunque
971 731 1118 773 intelligi
1144 736 1266 772 potest,
1290 729 1294 755 ῑ

284 786 463 830 quomodo
493 783 621 816 Paulus
655 783 876 816 transtulerit
908 783 1040 815 dictum
1075 783 1110 814 iu
1135 780 1266 813 Genesi
1292 781 1294 813 ἰ

284 838 327 868 ad
345 834 525 877 spirituale
542 833 756 875 coniugium.
811 832 959 865 Videtur
975 839 1090 865 autem
1118 833 1264 864 obscura
1292 833 1294 871 «ζ

285 886 365 919 rudi
390 885 509 917 lectori
527 884 819 923 accommodatio,
847 895 950 927 quam
977 883 1146 916 recensui.
1198 880 1267 914 Sed

286 944 401 969 tamen
429 936 456 966 si
481 935 558 978 quis
584 946 657 966 eam
681 940 811 967 attente
826 934 1079 971 considerabit,
1107 938 1268 975 agnoscet

286 985 436 1019 Paulum
457 982 522 1017 hoc
541 985 710 1024 voluisse,
738 985 831 1028 quod
856 983 1009 1017 recitavi.
1066 982 1151 1016 Vult
1175 982 1268 1014 enim

288 1087 503 1119 turbandum
521 1097 602 1118 esse.
656 1084 722 1117 Hic
741 1091 789 1117 est
806 1088 912 1122 ordo,
937 1091 975 1117 ut
999 1085 1182 1126 coniuges,
1209 1082 1269 1127 qui

288 1144 371 1171 sunt
392 1137 549 1168 membra
574 1132 726 1172 Christi,
762 1147 833 1168 non
857 1143 1026 1177 vagentur
1048 1134 1269 1172 libidinibus,

289 1188 382 1232 quod
400 1198 476 1219 cum
494 1187 642 1226 faciunt,
670 1185 836 1219 desinunt
859 1187 929 1218 esse
954 1186 1108 1218 membra
1128 1183 1270 1223 Christi,

289 1246 321 1271 et
359 1238 446 1270 fiunt
485 1237 641 1270 membra
674 1236 808 1281 polluta
846 1244 1041 1270 scortorum
1077 1243 1109 1268 et
1141 1246 1269 1277 organa

286 1288 432 1323 diaboli.
1295 1281 1297 1290 ¹

389 1345 461 1379 Nec
487 1357 526 1378 ex
551 1346 643 1379 dicto
662 1344 810 1378 Genesis
834 1356 954 1377 omnes
979 1344 1167 1387 particulae
1185 1355 1270 1375 con-

289 1404 420 1440 gruunt
449 1397 491 1429 ad
520 1395 621 1429 Pauli
653 1402 907 1438 argumentum.
979 1395 1067 1427 Nam
1100 1393 1270 1437 particula
1295 1404 1297 1436 ς

289 1445 417 1481 Unum
451 1447 590 1490 proprie
622 1446 816 1486 intellecta,
866 1452 904 1478 ut
937 1445 973 1477 in
999 1445 1154 1486 Genesi,
1198 1455 1269 1475 non
1295 1439 1297 1471 Ι

291 1497 470 1540 congruit,
497 1497 627 1529 scilicet
647 1498 688 1529 de
709 1495 1025 1538 inseparabilitate.

1077 1495 1144 1528 Sed
1163 1495 1270 1526 altera

290 1548 461 1592 particula
489 1547 651 1588 congruit
675 1548 717 1578 de
743 1546 1010 1585 commixtione,
1035 1545 1214 1578 Antonius
1233 1544 1271 1576 fit

291 1610 371 1631 caro
389 1597 606 1640 Cleopatrae,
660 1596 726 1629 Hic
752 1608 823 1629 non
849 1603 965 1628 manet
988 1596 1047 1628 illa
1072 1596 1190 1629 unitas
1212 1606 1269 1626 or-

291 1649 410 1682 dinata
422 1674 431 1689 ‚
459 1649 501 1681 de
517 1660 584 1692 qua
601 1648 758 1692 loquitur
777 1646 936 1681 Genesis.

313 1741 354 1779 ‘O
369 1740 407 1779 δὲ
434 1739 623 1788 πορνεύων
634 1770 645 1787 ,
671 1745 719 1783 εἷς
734 1741 774 1777 τὸ
792 1741 888 1778 ἴδιον
905 1745 1013 1786 σῶμα
1029 1740 1244 1786 ἁμαρτάνει.

391 1791 601 1827 Fornicans
621 1794 658 1826 in
673 1793 863 1841 proprium
882 1805 1010 1840 corpus
1024 1796 1157 1838 peccat.

390 1867 583 1913 Exaggerat
601 1871 764 1904 delictum
782 1882 820 1903 ex
846 1870 991 1903 obiecto.
1046 1868 1130 1902 Plus
1154 1877 1268 1912 peccat

291 1920 397 1960 Cato,
425 1933 497 1954 sese
514 1921 742 1961 interficiens,
770 1933 873 1966 quam
898 1921 925 1953 si
950 1921 1056 1952 alium
1075 1920 1269 1953 interfecis-

292 1979 353 2005 set.
415 1970 465 2004 Ita
491 1983 568 2004 cum
599 1971 714 2004 omnis
737 1972 900 2004 scortatio
925 1971 1060 2014 polluat
1086 1971 1266 2014 proprium

293 2034 436 2065 corpus,
470 2022 503 2054 id
528 2028 594 2061 est,
629 2023 670 2054 ad
698 2033 799 2054 usum
827 2022 1000 2061 alienum,
1027 2028 1147 2053 contra
1170 2021 1267 2054 ordi-

291 2085 371 2105 nem
395 2085 412 2104 a
430 2070 526 2104 Deo
549 2072 768 2112 institutum,
795 2079 827 2105 et
844 2073 998 2105 destruat
1016 2072 1184 2114 templum
1203 2070 1266 2104 Dei

293 2123 329 2155 in
349 2122 494 2166 teipso,
522 2134 593 2155 non
611 2123 758 2155 ducatur
774 2135 845 2155 esse
860 2123 934 2155 leve
952 2129 1141 2166 peccatum.

394 2181 499 2224 Quod
517 2193 597 2213 vero
615 2181 748 2225 inquit,
769 2188 901 2214 caetera
919 2186 1054 2223 peccata
1072 2187 1165 2214 extra
1183 2192 1267 2223 pro—

293 2232 407 2275 prium
432 2244 558 2276 corpus
581 2231 675 2271 fieri,
712 2231 745 2264 id
775 2231 989 2273 intelligatur
1015 2231 1057 2264 de
1082 2231 1266 2273 generibus

291 2283 516 2323 delictorum,
544 2293 631 2327 quae
655 2289 735 2315 sunt
759 2281 1008 2327 frequentiora.
1060 2280 1267 2315 Homicidae

292 2333 486 2377 plerunque
512 2333 549 2364 in
571 2332 658 2365 alios
685 2333 860 2371 saeviunt,
895 2332 1045 2365 rariores
1073 2339 1169 2372 sunt,
1205 2332 1267 2376 qui

291 2382 356 2415 sibi
391 2390 539 2415 mortem
569 2384 813 2416 consciscunt:
857 2380 893 2414 hi
926 2394 1065 2427 quoque
1096 2383 1133 2414 in
1164 2394 1266 2415 suum

290 2444 413 2476 corpus
443 2440 598 2475 peccant.
669 2433 737 2467 Sed
769 2432 868 2466 Pauli
901 2433 1033 2466 dictum
1067 2445 1144 2466 cum
1177 2445 1266 2477 quo-

289 2484 368 2515 dam
390 2484 539 2515 candore
563 2484 771 2527 accipiatur,
796 2485 838 2517 de
857 2484 917 2525 iis,
942 2495 1029 2528 quae
1053 2484 1190 2527 saepius
1207 2495 1265 2516 ac-

285 2533 419 2568 cidunt.

388 2591 454 2626 Sed
481 2604 542 2625 cur
564 2592 667 2632 dicit,
695 2592 800 2627 Extra
825 2605 950 2636 corpus
974 2591 1067 2633 fieri,
1092 2605 1169 2626 cum
1189 2592 1263 2625 sin-

284 2644 356 2685 guli
371 2650 550 2687 peccantes
571 2647 715 2677 ardeant
732 2645 848 2688 pravis
864 2644 1044 2678 affectibus
1061 2644 1097 2676 in
1113 2655 1260 2687 corpore

869 85 993 121 PHlL.
1021 85 1137 121 MEL.
1163 80 1371 119 SCRIPTA
1399 81 1696 119 EXEGETICA.

1286 504 1289 511 .
1313 487 1474 513 aeternae
1500 480 1570 513 irae
1594 488 1625 513 et
1650 481 1782 512 mortis.

1294 986 1296 1001 Ι

1295 1012 1297 1025 l

287 1036 323 1069 in
345 1048 498 1074 summa,
527 1035 687 1068 ordinem
705 1046 722 1066 a
742 1033 818 1067 Deo
835 1035 1063 1068 constitutum
1088 1046 1159 1065 non
1184 1044 1269 1065 con·
1294 1028 1298 1218 ι

1295 1242 1297 1253 A

2195 82 2293 118 1080

1309 180 1391 209 suo,
1417 175 1450 202 et
1474 180 1604 212 organa
1627 166 1837 212 adhibeant,
1868 176 1907 203 ut
1924 168 2072 204 Clodius
2094 181 2154 203 sua
2181 181 2288 203 manu

1311 220 1449 252 caedem
1473 219 1578 253 facit?

1414 278 1495 312 Dixi
1528 289 1653 321 supra,
1687 275 1918 311 Obiectorum
1949 279 2170 313 collationem
2205 280 2290 320 fieri,

1312 341 1384 362 non
1403 340 1584 362 causarum
1602 329 1802 361 formalium
1815 356 1824 369 ‚
1851 335 1906 361 aut
1926 340 2148 371 organorum.
2199 329 2288 363 Nam

1314 380 1349 411 in
1367 380 1523 424 quolibet
1542 386 1680 423 peccato
1698 379 1824 422 duplex
1843 380 1878 413 fit
1895 379 2103 420 destructio,
2137 380 2233 423 prior
2253 382 2291 412 in

1315 437 1497 473 peccante,
1532 442 1599 474 qua
1624 442 1658 462 se
1682 430 1807 463 avertit
1829 430 1902 473 ipse
1925 442 1943 462 a
1968 428 2064 470 Deo,
2099 436 2131 463 et
2152 430 2189 464 fit
2211 442 2291 464 reus

1853 478 1898 513 Ut
1922 478 2011 513 Cain
2041 480 2194 524 primum
2217 480 2291 523 ipse

1317 542 1388 563 sese
1411 531 1568 564 destruit.
1621 530 1740 563 Altera
1768 531 1956 563 destructio
1983 537 2033 563 est
2048 530 2189 564 obiecti.
2246 529 2293 564 Ut

1317 593 1395 614 cum
1421 581 1506 614 (lain
1533 581 1696 614 interficit
1723 582 1878 615 fratrem.
1936 580 1985 613 lta
2019 581 2055 613 iu
2081 581 2292 614 scortatione

1318 631 1428 674 prima
1454 632 1641 663 destructio
1671 637 1720 663 est
1744 632 1782 663 in
1807 632 1987 664 voluntate
2012 638 2044 664 et
2067 633 2171 664 eorde
2190 632 2294 664 aber-

1319 689 1417 715 rante
1435 695 1450 714 a
1469 680 1555 715 Deo.
1608 681 1730 714 Postea
1750 682 1938 714 destructio
1961 682 2118 726 sequitur
2140 682 2296 715 obiecto-

1320 744 1417 768 rum,
1445 744 1531 776 quae
1558 729 1613 764 liic
1640 739 1721 765 sunt
1746 745 1871 776 corpus
1895 733 2075 776 proprium
2105 740 2137 766 et
2169 743 2295 774 corpus

1321 783 1461 815 alterius
1493 794 1671 826 personae.
1742 782 1785 816 Ut
1813 790 1926 815 autern
1955 794 2080 827 corpus
2115 783 2295 826 proprium

1321 833 1495 865 obiectum
1518 839 1566 865 est
1585 830 1688 865 huius
1713 834 1868 871 sceleris,
1898 834 1942 865 ita
1965 834 2158 878 plerunque
2179 840 2296 876 postea

1323 881 1465 916 haerent
1480 895 1610 926 poenae
1628 883 1663 915 iu
1683 885 1824 927 proprio
1843 896 1999 927 corpore,
2028 884 2187 917 videlicet
2204 884 2297 916 saevi

1323 934 1456 976 morbi,
1485 941 1542 966 aut
1566 934 1646 977 quia
1673 934 1816 967 seminis
1841 935 1969 967 abusus
1994 926 2062 974 est,
2096 941 2297 977 grassantur

1324 996 1455 1027 poenae
1480 984 1516 1016 in
1548 983 1677 1016 liberos
1695 1011 1704 1024 ‚
1744 992 1782 1018 ut
1807 991 1886 1028 post
1913 983 2060 1017 Davidis
2087 985 2297 1018 adulterium

1323 1035 1482 1078 sequitur
1498 1035 1667 1066 incestum
1683 1042 1842 1078 stuprum
1861 1035 1971 1073 filiae,
1999 1035 2126 1068 deinde
2142 1035 2296 1067 filiorum

1324 1085 1443 1128 tragici
1469 1085 1639 1120 interitus.
1701 1084 1798 1119 Sicut
1825 1085 2018 1130 plerunque
2043 1097 2175 1130 poenae
2198 1085 2235 1117 in
2259 1097 2297 1117 ea

1324 1148 1360 1168 re
1385 1143 1601 1177 grassantur,
1635 1148 1701 1180 qua
1729 1144 1907 1179 peccatur,
1942 1143 1973 1169 et
1999 1143 2037 1169 ut
2062 1137 2099 1168 in
2124 1136 2214 1168 libro
2234 1134 2299 1168 Sa-

1324 1186 1475 1229 pientiae
1493 1187 1636 1219 dicitur:
1665 1185 1732 1219 Per
1748 1198 1836 1230 quae
1855 1186 1932 1230 quis
1952 1194 2078 1230 peccat,
2102 1198 2162 1231 per
2178 1186 2297 1219 eadem

1324 1237 1480 1279 punitur.
1538 1235 1576 1268 ld
1597 1248 1635 1268 eo
1655 1237 1709 1274 fit,
1738 1244 1775 1269 ut
1791 1237 1939 1269 sciamus
1958 1248 2086 1280 poenas
2112 1249 2185 1270 uon
2208 1237 2298 1269 acci-

1324 1288 1406 1320 dere
1425 1299 1523 1325 casu,
1551 1287 1608 1319 sed
1638 1299 1717 1319 vere
1742 1299 1813 1319 esse
1841 1294 2013 1320 certorum
2033 1287 2201 1320 scelerum
2219 1287 2298 1319 vin-

1324 1338 1428 1370 dices.
1497 1337 1599 1375 nem,
1634 1344 1672 1370 ut
1702 1338 1850 1370 sciamus
1874 1349 1937 1369 nos
1963 1350 1981 1370 a
2004 1337 2078 1371 Deo
2100 1349 2302 1371 commone-

1323 1388 1398 1420 fieri
1425 1389 1468 1419 de
1493 1388 1544 1419 illi
1572 1388 1654 1431 ipsis
1678 1388 1830 1429 delictis,
1856 1394 1893 1420 ut
1911 1389 2093 1422 redeamus
2114 1389 2156 1421 ad
2176 1387 2299 1432 poeni-

1323 1445 1479 1472 tentiam.

1426 1496 1543 1539 Quare
1561 1504 1675 1530 autem
1695 1497 1806 1529 maius
1821 1498 1985 1531 delictum
2005 1504 2054 1531 est
2072 1497 2206 1542 proprii
2222 1510 2300 1531 cor-

1324 1547 1418 1590 poris
1435 1547 1587 1580 abusus?
1612 1549 1667 1580 Ad
1688 1548 1720 1579 id
1737 1549 1925 1589 respondo:
1957 1548 2048 1592 Quia
2067 1549 2199 1582 maiore
2215 1560 2298 1582 cura

1324 1609 1387 1630 uos
1411 1598 1503 1641 ipsos
1529 1609 1645 1639 regere
1667 1598 1850 1638 debemus,
1877 1611 1982 1642 quam
2005 1598 2109 1639 alios,
2136 1605 2170 1633 et
2190 1599 2299 1642 magis

1323 1660 1340 1680 a
1361 1649 1463 1681 nobis
1482 1648 1654 1691 depellere
1675 1656 1872 1692 peccatum,
1901 1661 2005 1693 quam
2025 1649 2067 1681 ab
2085 1650 2181 1688 aliis,
2208 1649 2298 1683 sicut

1323 1696 1389 1731 hoc
1415 1699 1528 1742 ipsum
1555 1699 1690 1731 facilius
1714 1706 1774 1731 est.
1833 1698 1880 1733 Et
1906 1700 1941 1732 in
1969 1700 2064 1744 vagis
2087 1699 2297 1734 libidinibus

1324 1750 1515 1782 multorum
1539 1750 1772 1782 conscientiae
1790 1761 1807 1781 a
1828 1747 1900 1782 Deo
1917 1751 2129 1786 avelluntur.
2181 1750 2296 1784 David

1323 1812 1420 1832 suam
1451 1807 1484 1833 et
1517 1800 1694 1833 adulterae
1729 1800 1975 1833 conscientiam
2010 1801 2150 1845 polluit.
2213 1800 2296 1834 Ideo

1324 1848 1406 1883 haec
1426 1857 1559 1894 peccata
1577 1862 1797 1895 nequaquam
1815 1850 1903 1883 levia
1923 1852 2082 1885 ducenda
2099 1858 2191 1887 sunt.

1569 1985 1636 2025 De
1671 1982 1817 2036 Capite
1857 1985 2041 2037 septimo.

1423 2065 1463 2099 In
1482 2066 1592 2109 capite
1614 2065 1761 2109 septimo
1788 2064 1947 2097 doctrina
1976 2063 2078 2098 valde
2106 2067 2297 2101 necessaria

1321 2119 1384 2152 toti
1408 2116 1583 2151 Ecclesiae
1605 2116 1756 2149 traditur
1781 2116 1824 2150 de
1845 2115 2026 2160 coniugiO,
2052 2127 2155 2161 quam
2174 2118 2297 2152 ordine

1320 2169 1557 2203 recitabimus.

1423 2226 1570 2261 Occasio
1593 2233 1708 2260 autem
1740 2223 1865 2259 harum
1896 2227 2162 2271 responsionum
2192 2227 2295 2262 initio

1321 2279 1571 2312 consideretur.

1422 2337 1552 2380 Magna
1575 2337 1666 2380 apud
1690 2333 1860 2369 Ethnicos
1891 2336 2048 2370 confusio
2076 2336 2143 2370 fuit
2172 2337 2294 2371 libidi-

1320 2401 1425 2428 num,
1452 2396 1484 2422 et
1501 2387 1620 2421 crebra
1638 2388 1781 2420 suerunt
1800 2387 1961 2420 divortia.
2016 2385 2134 2429 Quare
2149 2388 2228 2429 alii,
2254 2397 2293 2423 ut

1320 2440 1376 2480 fit,
1404 2440 1441 2471 in
1460 2450 1551 2471 novo
1569 2439 1685 2471 studio
1703 2444 1862 2480 acceptae
1884 2436 2063 2469 doctrinae
2087 2444 2119 2470 et
2143 2450 2292 2472 conver-

1319 2490 1446 2531 sionis,
1471 2500 1612 2532 prorsus
1629 2488 1876 2521 dissuadebant
1892 2487 2065 2530 coniugia.
2102 2487 2174 2520 Alii
2191 2501 2291 2533 prae-

1318 2547 1413 2574 textu
1441 2539 1622 2582 religionis
1653 2538 1801 2572 divortia
1834 2538 2017 2571 faciebant.
2086 2536 2292 2583 Respondet

1318 2591 1426 2634 igitur
1442 2589 1587 2627 Paulus,
1622 2597 1654 2623 et
1676 2589 1809 2632 aliquot
1836 2589 2044 2622 necessarias
2064 2589 2200 2630 regulas
2221 2591 2291 2624 tra-

1317 2642 1386 2684 dit,
1429 2652 1513 2685 quas
1537 2641 1660 2673 ordine
1690 2638 1868 2673 recitabo:
1905 2639 2057 2683 primum
2090 2640 2292 2675 definitione
