2415 2942
81 115 179 152 1217
248 114 349 152 XIII.

81 201 234 236 revelata
249 202 336 235 facie
351 201 499 246 gloriam
516 200 664 235 Domini
680 202 909 247 speculantes,
934 203 971 237 in
988 216 1072 237 ean—

82 253 162 285 dem
195 252 384 296 imaginem
414 253 709 287 transformamur
733 265 752 287 a
783 253 897 296 gloria
927 255 964 287 in
996 256 1072 299 glo-

402 114 439 153 4.
467 113 804 154 COMMENTAR.
831 115 881 152 IN
907 116 1064 154 EPIST.
1091 117 1241 155 PAULI
1267 118 1333 156 AD
1361 118 1684 160 CORINTHIOS.

1095 234 1099 279 1

1095 281 1097 300 4

82 303 171 336 riam
191 302 337 337 Domini
363 305 509 348 spiritu,
535 305 571 337 id
597 311 664 344 est,
687 316 753 337 nos
774 316 854 337 vere
881 306 1070 339 sentientes
1094 310 1097 333 J

82 354 253 387 iudicium
279 362 311 388 et
336 355 424 388 iram
442 355 507 389 Dei
530 356 696 388 adversus
714 361 871 399 peccata,
896 363 929 389 et
949 368 1070 390 rursus

83 405 271 439 sentientes
287 407 405 440 audita
423 406 658 451 promissione
679 412 712 439 et
736 405 855 448 agnito
879 408 1071 441 mediatore

83 456 380 497 consolationem,
410 458 586 491 cernimus
611 456 758 500 gloriam
781 455 945 499 Domini,
973 458 1069 492 iudi-

83 507 175 540 cium
195 513 228 540 et
244 508 370 549 vitam,
398 516 431 542 et
449 509 744 542 transformamur
759 507 796 540 in
815 508 961 541 eandem
980 510 1070 541 ima-

83 558 220 601 ginem,
247 559 282 591 id
301 566 370 600 est,
398 557 504 592 liuius
524 559 611 592 lucis
630 565 663 591 et
683 558 773 591 vitae
792 559 979 602 participes
996 560 1070 592 effi-

82 609 214 649 cimur,
242 616 275 642 et
291 607 375 643 haec
391 611 520 653 gloria,
546 610 580 642 id
598 615 666 649 est,
693 608 753 641 lux
778 609 915 642 iusticia
943 617 976 644 et
999 610 1070 643 vita

82 667 241 693 crescunt
267 660 302 692 in
328 662 523 698 conversis,
553 660 694 694 lucente
711 660 747 691 in
777 660 825 692 eis
848 661 974 703 spiritu
993 660 1067 693 Do-

84 710 172 743 mini
195 712 305 744 nostri
330 711 407 745 Iesu
427 709 580 752 Christi,
609 723 671 755 per
697 722 799 755 quem
825 712 928 745 datur
953 712 1069 755 Spiri-

81 768 137 795 tus
155 769 307 796 sanctus.

183 811 345 858 Denique
364 813 502 847 collatio
519 813 640 846 literae
657 818 690 845 et
706 812 850 856 spiritus
866 812 912 845 ita
932 813 967 846 fit
987 812 1070 845 illu-

83 863 183 904 stris,
205 876 283 896 cum
299 865 470 907 cogitatur
488 871 688 908 utcunque,
712 864 823 908 qualis
849 864 892 896 sit
918 870 996 907 post
1016 875 1070 895 re-

83 914 335 947 surrectionem
360 915 477 948 futura
503 922 642 947 aeterna
668 914 804 947 iusticia
823 921 856 947 et
873 914 963 957 vita,
991 926 1070 947 cum

81 963 177 998 Deus
195 964 261 998 erit
278 968 396 998 omnia
416 966 451 998 in
469 966 648 999 omnibus.
696 965 766 998 Hic
782 965 915 1008 integra
934 965 1070 998 iusticia

84 1015 149 1048 erit
168 1015 241 1048 Deo
267 1016 333 1060 ipsi
360 1017 396 1049 in
422 1017 526 1050 nobis
547 1016 660 1059 palam
678 1013 858 1049 habitante
877 1023 909 1049 et
926 1016 1069 1050 lutente.

82 1065 139 1099 Ad
165 1066 261 1099 illam
289 1074 464 1100 aeternam
491 1067 598 1099 vitam
623 1075 656 1100 et
679 1067 792 1100 lucem
825 1067 944 1099 confer
969 1067 1065 1099 insti-

1747 123 1851 162 CAP.
1879 126 1944 165 111.
2021 132 2117 169 1218

1123 217 1245 238 omnes
1269 203 1431 239 homines
1458 220 1529 241 non
1552 210 1703 258 profanix
1725 223 1785 245 sua
1809 214 2022 257 experientia
2045 229 2112 251 no-

1121 262 1225 294 runt,
1264 254 1436 291 humanas
1472 260 1564 292 vires
1602 268 1736 295 tantum
1774 270 1954 311 utcunque
1990 280 2110 311 regere

1123 318 1222 350 posse
1248 307 1513 349 locomotivam,
1556 323 1615 343 seu
1643 319 1802 347 externos
1825 323 1951 357 gestus.
2019 318 2110 353 Cum

1125 364 1241 390 autem
1258 358 1351 390 Deus
1375 361 1528 394 ostendit
1547 361 1633 394 iram
1653 375 1750 397 suam
1773 373 1892 399 contra
1921 376 2111 411 peccatum,

1123 420 1211 453 quae
1237 409 1450 442 describitur
1473 411 1509 443 in
1538 412 1630 454 lege,
1659 415 1799 457 fugiunt
1821 419 1946 459 corda,
1978 428 2010 454 et
2036 433 2110 453 ma-

1121 459 1306 502 gnitudine
1326 460 1397 492 irae
1418 462 1689 505 opprimuntur,
1717 473 1751 499 et
1767 468 1922 502 fremunt
1944 472 2111 505 adversos

1123 509 1237 543 Deum
1276 516 1307 542 et
1341 519 1446 543 ruunt
1485 512 1520 544 in
1555 522 1716 551 mortem.
1782 517 1904 563 Itaque
1932 527 2111 567 utrunque

1124 561 1349 604 significatur.
1417 561 1574 605 Populus
1608 565 1766 599 intuetur
1793 569 1914 602 faciem
1950 572 2111 614 velatam,

1123 612 1158 644 id
1179 619 1245 650 est,
1273 611 1358 653 legis
1376 620 1516 646 externa
1539 627 1642 658 opera
1662 623 1842 662 utcunque
1862 622 1960 654 audit
1979 630 2010 656 et
2028 624 2110 655 imi-

1122 670 1232 701 tatur,
1259 670 1291 696 et
1308 660 1392 695 haec
1412 664 1563 697 imitatio
1580 673 1629 698 est
1646 667 1773 701 iudicia
1791 669 1946 712 politica,
1974 680 2005 706 et
2022 672 2110 717 pha-

1094 727 1095 751 i
1121 713 1264 753 risaica,
1301 715 1358 746 sed
1384 714 1555 757 fulgorem
1580 716 1698 761 Moysi
1730 720 1820 752 serre
1844 728 1967 755 natura
1995 721 2110 756 homi-

80 1117 170 1150 ciam
190 1115 369 1150 Pharisaei
388 1119 555 1159 alicuius,
583 1119 644 1162 qui
669 1123 729 1150 aut
751 1129 892 1150 securus
911 1124 977 1158 est,
1006 1118 1071 1150 do-
1094 1120 1097 1145 ἓ

84 1180 147 1201 nec
165 1180 236 1200 non
254 1169 358 1202 sentit
377 1170 547 1202 indicium
564 1169 649 1207 Dei,
678 1176 738 1202 aut
760 1169 831 1201 ruit
849 1169 884 1200 in
907 1170 1071 1212 despera-

84 1220 216 1253 tionem
248 1227 280 1253 et
306 1221 444 1253 dolores
480 1221 692 1260 inferorum,
738 1232 815 1252 cnm
848 1220 953 1252 sentit
983 1220 1070 1251 iram

81 1269 166 1310 Dei,
193 1277 231 1303 ut
254 1270 350 1306 Saul.
420 1270 460 1303 In
489 1272 550 1304 tali
574 1271 650 1303 viro
676 1282 736 1303 cor
761 1278 810 1303 est
838 1271 913 1302 sine
938 1270 1010 1302 Deo
1039 1276 1071 1302 et

83 1321 158 1354 sine
194 1321 284 1362 vita,
320 1328 353 1355 et
389 1329 470 1355 sunt
506 1320 674 1354 horrendi
711 1321 871 1353 fremitus
900 1321 1068 1353 adversus

82 1372 218 1411 Deum,
243 1373 338 1406 iuxta
359 1373 446 1405 illud
471 1373 621 1406 dictum:
651 1371 722 1406 Cor
748 1370 904 1404 hominis
929 1383 1070 1415 perver—

83 1435 161 1457 sum
181 1430 214 1456 et
235 1435 498 1459 aerumnosum.

120 1507 224 1542 Idem
249 1506 365 1541 velum
393 1507 432 1541 in
457 1506 625 1541 electione
652 1506 777 1540 ceteris
806 1505 1037 1541 Testamenti

509 1563 643 1594 tuamet.

188 1626 371 1659 Enarratis
395 1626 575 1659 vocabulis
601 1626 738 1659 Literae
763 1631 797 1658 ct
819 1624 990 1667 Spiritus,
1019 1636 1076 1656 ac-

1095 1247 1096 1252 ,
1124 1222 1307 1256 Peccatum
1336 1236 1397 1266 per
1422 1225 1530 1267 legem
1553 1228 1679 1260 occidit
1707 1240 1769 1261 me.

87 1679 287 1711 commodat
318 1676 447 1710 Paulus
472 1684 593 1721 typum
626 1678 669 1709 de
699 1676 784 1709 facie
808 1675 925 1720 Moysi
951 1675 1074 1708 velata.
1099 1700 1100 1706 ,

87 1729 184 1762 Haec
210 1728 453 1770 interpretatio
483 1725 683 1771 prophetica
711 1734 743 1760 et
765 1726 954 1769 apostolica
984 1724 1076 1758 Pha-

59 1788 62 1793 '
87 1780 207 1813 risaeis
237 1787 269 1812 et
294 1778 600 1822 Pseutloapostolis
629 1778 746 1820 ignota
780 1778 848 1810 fnit
867 1804 876 1818 ,
919 1776 979 1821 qui
1014 1789 1076 1809 nec

88 1832 198 1874 legem
227 1843 290 1863 nec
317 1830 567 1873 promissiones
592 1829 850 1863 intellexerunt.
915 1827 1074 1860 Primum

88 1891 203 1916 autem
228 1879 410 1914 historiam
432 1888 571 1924 oportet
589 1887 708 1913 notam
726 1891 814 1919 esse,
845 1891 933 1923 quae
951 1879 1075 1911 recita-

89 1942 146 1967 tur
164 1931 275 1966 Exodi
295 1932 343 1967 34
385 1933 441 1965 nbi
468 1932 614 1971 dicitur,
642 1930 737 1963 Mosi
764 1931 887 1963 faciem
911 1930 1076 1973 sparsisse

87 1986 279 2027 fulgorem,
309 1992 346 2017 ut
364 1984 468 2026 aspici
487 1996 503 2015 a
523 1982 655 2027 populo
680 1994 751 2014 non
771 1988 905 2026 posset,
932 1993 971 2013 ac
995 1993 1076 2023 pro-

88 2044 205 2080 pterea
230 2047 307 2067 cnm
332 2036 534 2079 loqueretur
560 2035 603 2065 ad
631 2033 822 2076 populum,
851 2032 974 2065 texisse
998 2043 1075 2064 eum

89 2088 213 2120 faciem
234 2087 419 2126 velamine,
439 2087 530 2130 quod
551 2091 668 2117 tamen
687 2084 888 2126 ingrediens
902 2084 941 2114 ad
956 2081 1078 2115 Domi-

89 2151 175 2171 nuni
197 2147 225 2169 et
244 2137 390 2181 loquens
410 2149 486 2168 cum
508 2147 549 2168 eo
574 2136 715 2168 amovit.
770 2133 884 2166 Huius
910 2131 1076 2166 historiae

90 2188 401 2232 significationem,
447 2200 535 2231 quae
571 2198 744 2230 nusquam
787 2185 873 2218 alibi
916 2184 1077 2223 traditur,

89 2240 280 2284 Apostolus
307 2237 362 2272 hic
397 2238 548 2282 exponit.
627 2236 857 2269 Manifestum
889 2242 937 2268 est
970 2242 1076 2268 totam

90 2299 252 2324 naturam
272 2287 462 2323 humanam
482 2289 617 2322 viribus
641 2288 864 2321 naturalibus
888 2287 956 2319 sini
982 2297 1077 2328 rege-

89 2343 292 2380 neratione,
329 2341 432 2374 etiam
464 2352 541 2373 cum
574 2339 675 2372 discit
704 2345 737 2371 et
768 2338 926 2370 imitatur
954 2337 1077 2380 legem,

91 2402 208 2427 tamen
229 2399 362 2426 tautum
387 2391 648 2437 qualescunque
670 2396 831 2422 externos
852 2395 966 2431 gestus
994 2388 1078 2431 legis

91 2446 224 2484 facere,
251 2451 287 2476 ut
303 2444 387 2478 Saul
404 2443 529 2476 retinet
554 2448 732 2486 utcunque
758 2440 1011 2484 professionem
1034 2441 1078 2472 de

92 2496 198 2530 unico
216 2494 312 2536 Deo,
339 2495 375 2526 in
401 2492 467 2526 hoc
492 2493 623 2537 populo
645 2492 833 2535 patefacto,
859 2492 918 2523 sed
946 2502 1005 2522 cor
1029 2497 1078 2524 est

93 2547 237 2590 plenum
271 2545 571 2585 dubitationibus,
606 2555 677 2575 non
709 2542 828 2576 statuit
854 2552 888 2574 se
914 2541 1021 2585 recipi
1047 2548 1079 2574 et

95 2597 253 2630 exaudiri
272 2608 289 2628 a
308 2596 402 2636 Dm,
430 2596 534 2628 sentit
559 2606 592 2627 se
616 2594 725 2634 mori,
754 2599 786 2626 et
808 2592 845 2624 in
870 2599 982 2625 morte
1005 2604 1078 2625 non

94 2650 199 2682 sentit
224 2647 498 2681 consolationem
524 2652 557 2679 et
583 2646 700 2678 vitam.
752 2643 889 2677 Deinde
914 2649 994 2675 sunt
1019 2644 1079 2676 alii

95 2699 256 2732 acerrimi
283 2705 399 2731 motus
431 2704 625 2742 pugnantes
657 2707 736 2729 cum
762 2694 849 2730 Deo.

148 2750 332 2784 Mami-u.
353 2751 456 2782 Ormi.
486 2747 572 2784 Vnt.
591 2749 670 2784 XV.

1122 777 1206 797 num
1225 776 1297 796 non
1315 772 1443 808 potest,
1472 766 1506 799 id
1527 773 1595 807 est,
1623 768 1793 803 iudicium
1813 778 1845 804 et
1862 771 1948 805 iram
1966 772 2031 806 Dei
2047 777 2110 808 ad-

1124 826 1242 848 versus
1259 822 1415 858 peccata,
1440 829 1527 861 qnae
1543 818 1756 854 describitur
1773 821 1846 864 lege
1860 820 1947 864 Dei,
1976 836 2109 870 nequa-

1122 878 1226 911 qnam
1266 873 1377 908 potest
1415 875 1538 901 natura
1575 867 1759 904 hominum
1788 872 1949 909 tolerare.
2011 875 2111 911 Sicut

1121 915 1178 950 hic
1208 917 1355 950 dicitur:
1391 917 1464 950 Lex
1497 926 1547 952 est
1579 921 1816 956 ministerium
1849 925 1985 960 mortis.
2066 925 2113 961 Et

1122 968 1333 1011 experientia
1368 976 1531 1010 testatur,
1566 969 1726 1005 homines
1759 975 1834 1007 sine
1866 977 2111 1011 consolatione

1121 1019 1320 1062 evangelica
1353 1031 1453 1052 ruere
1483 1021 1520 1053 in
1551 1030 1727 1056 aeternam
1761 1026 2042 1070 desperationem
2078 1037 2111 1063 et

1123 1077 1285 1105 mortem.

1223 1120 1317 1154 Haec
1343 1122 1503 1156 doctrina
1531 1136 1631 1168 saepe
1658 1127 1750 1167 apud
1784 1126 1932 1160 Paulum
1964 1130 2111 1174 repetita

1123 1178 1184 1212 est,
1213 1180 1251 1205 ut
1269 1171 1372 1208 Rom.
1392 1173 1441 1207 4.:
1471 1175 1538 1207 Lex
1557 1176 1641 1208 iram
1661 1177 1776 1210 efficit.
1815 1179 1912 1218 Item,
1935 1178 2039 1215 Rom.
2057 1180 2111 1216 7.:

1849 1228 1949 1270 Item,
1988 1233 2020 1266 1.
2045 1232 2114 1267 Co—

1125 1271 1234 1308 rinth.
1256 1272 1328 1308 15.:
1358 1273 1512 1308 Aculeus
1538 1278 1659 1310 mortis
1686 1287 1863 1320 peccatum
1889 1288 1958 1320 est,
1988 1290 2113 1324 poten-

1125 1325 1172 1357 tia
1197 1336 1280 1356 vero
1304 1327 1434 1367 peccati
1459 1326 1522 1361 lvx.
1576 1327 1671 1361 Ilaec
1698 1330 1799 1362 toties
1824 1332 1948 1373 repetit
1973 1331 2115 1376 Paulus,

1096 1389 1098 1407 ι
1124 1383 1162 1408 ut
1182 1376 1343 1408 ostendat
1363 1372 1525 1409 homines
1545 1390 1616 1410 non
1637 1379 1710 1412 fieri
1727 1380 1836 1414 iustos
1856 1382 1939 1423 lege.

1235 1425 1339 1467 Quod
1386 1440 1466 1460 vero
1510 1429 1639 1462 dicitur
1679 1430 1715 1464 in
1755 1429 1879 1464 Exodo
1896 1457 1906 1472 ‚
1962 1432 2114 1470 Movsen

1126 1477 1296 1509 amovisse
1322 1477 1481 1510 velamen
1508 1480 1762 1521 ingredientem
1785 1484 1827 1514 ad
1848 1483 1979 1524 Deum,
2005 1473 2037 1519 ei
2060 1487 2114 1519 Io-

1127 1534 1292 1572 quentem
1311 1539 1389 1559 cum
1408 1541 1465 1569 eo,
1502 1536 1534 1562 et
1553 1531 1763 1574 completum
1785 1545 1855 1566 esse
1872 1535 1950 1567 luce
1975 1536 2112 1570 divina:

1127 1578 1360 1620 significatum
1387 1587 1454 1619 est,
1490 1581 1593 1613 aliam
1623 1594 1694 1615 esse
1716 1583 1909 1625 iusticiam,
1946 1598 2013 1630 qua
2037 1587 2112 1621 Deo

1128 1639 1248 1660 snmus
1268 1629 1416 1671 accepti,
1444 1637 1475 1662 ct
1494 1644 1560 1675 qua
1578 1630 1694 1666 Deum
1719 1635 1891 1669 sustinere
1915 1649 2112 1680 possumus,

1127 1679 1258 1711 scilicet
1274 1681 1415 1723 quando
1433 1681 1524 1714 filius
1549 1683 1696 1728 loquens
1715 1684 1752 1717 in
1769 1687 1887 1727 nobis,
1915 1691 2113 1722 communi-

1128 1737 1181 1762 cat
1199 1731 1299 1762 nobis
1319 1731 1430 1763 lucem
1449 1744 1560 1768 suam.
1614 1735 1665 1768 Ita
1684 1736 1800 1769 velum
1820 1738 1888 1780 legi
1905 1737 2114 1782 detrahitur,

1129 1789 1160 1813 et
1176 1780 1312 1814 tollitur
1330 1779 1538 1827 hypocrisis,
1568 1791 1599 1818 et
1623 1794 1704 1820 sunt
1728 1787 1765 1820 in
1791 1790 1894 1822 nobis
1922 1789 2058 1824 iusticia
2081 1799 2115 1826 et

1099 1854 1101 1874 5
1129 1832 1210 1872 vita,
1238 1844 1340 1875 quam
1360 1834 1413 1865 lex
1431 1834 1615 1876 describit,
1644 1839 1703 1870 sed
1724 1850 1794 1871 non
1813 1838 1965 1881 exhibet,
1990 1853 2113 1875 verum

918 2694 1079 2740 Denique
1103 2681 1109 2741 l

1130 1883 1221 1915 silius
1238 1882 1303 1915 Dei
1331 1882 1483 1918 exhibet.
1546 1885 1628 1920 Ideo
1655 1885 1711 1922 hic
1736 1889 2016 1935 inquitPaulus:
2044 1892 2114 1926 Ye-

1128 1934 1202 1965 lum
1221 1934 1353 1968 aboleri
1371 1947 1431 1978 per
1447 1934 1637 1974 Christum.
1672 1938 1767 1973 Haec
1783 1943 1952 1976 sententia
1972 1945 2014 1976 de
2031 1956 2113 1978 vera

1129 1985 1358 2018 conversione
1384 1986 1610 2028 intelligenda
1635 1997 1696 2025 est.
1747 1992 1790 2024 In
1815 1995 1905 2026 veris
1928 1994 2113 2029 doloribus

1129 2035 1348 2078 agnoscimus
1365 2049 1437 2070 non
1454 2040 1552 2072 reddi
1570 2052 1688 2083 pacem
1705 2043 1928 2078 conscientiis
1952 2051 1983 2077 et
2008 2046 2113 2079 vitam

1128 2098 1190 2130 per
1208 2087 1299 2119 bona
1317 2100 1432 2131 opera.
1476 2090 1710 2133 Agnoscimus
1728 2100 1761 2127 et
1778 2096 1901 2138 procul
1919 2107 1982 2128 nos
2000 2108 2016 2128 a
2036 2109 2114 2139 per-

1131 2137 1281 2170 fectione
1305 2139 1390 2181 legis
1420 2140 1557 2182 abesse,
1600 2144 1659 2175 sed
1688 2144 1734 2177 ita
1763 2146 1861 2178 reddi
1890 2147 2114 2181 conscientiis

1131 2200 1248 2220 veram
1266 2191 1555 2233 consolationem,
1573 2205 1661 2238 quae
1676 2202 1725 2229 est
1742 2195 1883 2229 initium
1898 2197 1987 2229 vitae
2004 2206 2114 2231 aeter-

1132 2251 1215 2279 nae,
1243 2252 1321 2273 cum
1340 2241 1450 2274 filium
1472 2242 1538 2276 Dei
1559 2246 1800 2287 agnoscimus,
1826 2254 1858 2280 et
1884 2249 2117 2291 promissione

1131 2290 1241 2333 ipsius
1267 2298 1523 2333 sustentamur,
1551 2302 1590 2328 ut
1604 2294 1720 2329 David
1746 2298 1940 2337 reviviscit,
1969 2301 2114 2335 audiens

1131 2341 1240 2374 etfide
1259 2343 1471 2386 amplectens
1490 2343 1580 2378 hanc
1601 2358 1742 2381 vocem:
1769 2346 1945 2382 Dominus
1968 2351 2114 2387 abstulit

1131 2399 1308 2435 peccatum
1325 2401 1437 2430 tuum.
1491 2395 1594 2429 Tunc
1618 2397 1710 2430 enim
1733 2399 1850 2441 agnita
1876 2401 2115 2437 misericordia

1130 2442 1217 2482 Dei,
1246 2444 1443 2478 vivificatur
1459 2458 1518 2490 per
1534 2447 1645 2480 filium
1663 2447 1746 2487 Dei,
1775 2456 1807 2483 et
1824 2452 1864 2483 ad
1884 2449 1997 2485 Deum
2019 2465 2115 2488 acce-

1131 2494 1203 2534 dit,
1230 2494 1370 2530 invocat
1388 2508 1487 2538 eum,
1513 2505 1546 2531 et
1567 2495 1671 2532 habet
1696 2499 1795 2533 initia
1822 2514 1922 2535 verae
1947 2504 2114 2537 obedien-

1131 2545 1199 2577 tiae
1231 2544 1326 2578 iuxta
1357 2544 1441 2581 haec
1474 2548 1590 2582 dicta:
1628 2548 1821 2594 Accepistis
1845 2553 2004 2597 spiritum
2029 2556 2115 2588 ado-

1133 2595 1263 2639 ptionis
1281 2597 1455 2637 filiorum,
1484 2611 1553 2644 quo
1575 2600 1766 2635 clamamus
1783 2601 1885 2637 Abba
1909 2611 2017 2648 pater.
2069 2604 2115 2641 Et

1135 2647 1311 2689 pertinent
1343 2646 1411 2681 huc
1436 2650 1526 2683 dicta
1552 2651 1690 2692 omnia,
1734 2665 1823 2697 quae
1853 2654 2048 2699 loquuntur
2074 2658 2116 2691 de

1136 2709 1217 2731 vera
1242 2700 1490 2743 conversione,
1531 2708 1563 2736 et
1588 2703 1630 2736 de
1657 2703 1727 2737 vita
1752 2716 1791 2737 ac
1816 2704 1952 2739 iusticia
1978 2713 2118 2743 aeterna

1285 2747 1334 2784 77
