2415 2942
223 93 295 126 299
818 85 940 121 PlllL.
971 86 1084 123 MEL.
1111 83 1320 120 SCRIPTA
1348 83 1642 122 EXEGETICA.

233 179 320 210 iram
340 175 427 214 Dei,
466 180 497 206 et
523 178 675 204 meretur
702 169 836 203 aboleri
861 177 1036 213 peccatum
1061 178 1094 205 et
1120 182 1215 204 mor-

234 237 317 261 tem,
370 226 421 260 ,xc
448 224 589 266 insuper
615 233 676 264 ego
703 222 748 254 do
773 221 944 254 iusticiam
969 229 1001 255 et
1026 222 1132 255 vitam
1159 233 1217 255 ae-

237 287 384 311 ternam.

340 325 382 359 Et
400 323 524 368 repetit
553 322 697 354 eandem
723 322 949 355 sententiam:
985 321 1097 356 Nemo
1122 322 1217 356 venit

237 380 277 411 ad
303 384 454 421 patrem,
490 373 556 406 nisi
584 384 644 415 per
666 385 733 405 me.
792 372 886 406 llaec
909 374 1081 407 sententia
1105 386 1217 417 oppo-

239 429 354 461 nenda
375 432 423 458 est
440 425 606 457 omnibus
624 424 782 455 omnium
804 424 957 466 gentium
977 425 1218 468 religionibus,
1244 420 1245 424 ¹

240 490 327 523 quae
347 483 428 510 sunt
451 482 545 508 extra
569 473 818 516 lix-angelium,
846 486 917 507 non
933 473 1114 516 Eleusini,
1145 486 1217 507 non

242 527 497 565 Mahometica,
538 537 610 557 non
651 524 788 557 ludaica
826 525 948 569 religio
983 526 1144 569 perducit
1175 526 1218 557 ad

241 580 368 612 Deum.
422 577 498 610 Imo
524 588 586 608 nec
613 575 646 607 in
675 573 846 616 Ecclesia,
879 588 967 621 quae
992 577 1040 609 sic
1066 583 1221 616 vocatur,

241 629 401 674 perducit
427 629 470 660 ad
497 626 608 660 Deum
631 626 724 659 ullus
749 626 863 660 cultus
887 627 1117 666 monasticus,
1148 638 1220 658 non

242 681 312 713 ulla
347 677 499 711 humana
525 689 649 721 opera,
696 677 844 710 extincta
876 689 956 710 vera
985 678 1162 720 agnitione
1188 683 1222 710 et

245 731 370 764 fiducia
387 727 528 763 Christi.
582 727 849 760 Meminerimus
875 739 954 769 ergo
981 726 1046 760 hoc
1076 728 1221 766 dictum,

243 790 410 825 tanquam
453 778 646 823 principale
689 778 926 810 testimonium
969 778 1220 824 opponendum

243 832 409 864 omnibus
424 829 654 872 religionibus
673 835 765 859 extra
784 826 1036 870 Evangelium‚
1063 828 1145 860 item
1168 839 1224 859 er-

243 883 383 915 roribus
418 881 454 912 in
477 878 650 916 Ecclesia,
684 878 742 921 qui
767 879 965 912 docuerunt
989 880 1152 911 accedere
1179 879 1222 910 ad

246 932 358 966 Deum
383 942 444 974 per
467 929 580 962 cultus
607 929 837 968 monasticos,
880 941 941 972 per
963 929 1224 962 invocationem

244 990 486 1023 mortuorum,
525 990 587 1022 per
612 978 738 1010 Missas
782 985 814 1011 et
839 979 907 1011 alia
929 991 1054 1024 opera,
1088 980 1147 1013 sed
1175 986 1224 1011 te-

245 1040 369 1065 neatur
400 1031 503 1064 etiam
529 1029 734 1061 affirmativa
760 1030 930 1062 sententia
956 1037 1048 1063 certo
1072 1030 1179 1072 recipi
1206 1040 1224 1061 a

246 1083 340 1121 Deo,
367 1088 400 1114 et
419 1088 512 1114 certo
531 1079 687 1111 exaudiri
714 1080 913 1113 accedentes
935 1082 978 1113 ad
996 1080 1110 1114 Deum
1134 1080 1224 1112 fidu-

248 1135 297 1166 cia
321 1130 471 1171 Christi,
513 1130 601 1163 sicut
632 1130 673 1161 ad
700 1128 880 1163 Romanos
903 1128 937 1163 5.
969 1132 1117 1164 dicitur:
1160 1129 1227 1162 Per

249 1183 342 1216 hunc
361 1180 531 1215 habemus
554 1191 726 1212 accessum
753 1181 788 1212 in
813 1182 961 1223 gratiam
986 1179 1087 1214 hanc.
1142 1181 1227 1213 ltem

251 1235 346 1268 loan.
366 1233 440 1266 16.:
476 1231 652 1275 Quicquid
673 1231 842 1273 petieritis
864 1238 997 1276 patrem
1023 1232 1060 1263 in
1085 1230 1228 1264 nomine

249 1297 346 1322 meo,
375 1283 471 1316 dabit
491 1281 600 1314 vobis.
645 1280 807 1325 Denique
826 1294 961 1326 semper
978 1284 1014 1315 in
1032 1282 1130 1314 omni
1148 1281 1229 1320 vita,

250 1337 287 1368 in
306 1334 402 1367 omni
421 1333 575 1371 actione,
610 1338 640 1363 et
664 1331 701 1362 in
726 1333 822 1364 omni
849 1333 1088 1372 invocatione,
1124 1332 1167 1365 sit
1193 1331 1228 1363 in

251 1391 437 1428 conspectu
472 1380 555 1415 haec
589 1382 779 1419 sententia,
824 1384 1008 1415 continens
1043 1383 1229 1415 salutarem

251 1436 448 1469 doctrinam
476 1440 507 1466 et
529 1432 822 1465 consolationem:
852 1433 963 1467 Nemo
986 1434 1081 1466 venit
1102 1434 1144 1465 ad
1170 1444 1231 1475 pa-

252 1495 357 1525 trem,
387 1485 453 1517 nisi
471 1495 531 1527 per
549 1495 614 1517 me.
667 1482 737 1515 Nec
763 1484 908 1516 obscura
937 1491 987 1517 est
1011 1482 1232 1516 mediocriter

251 1535 461 1577 intelligenti
481 1533 674 1565 doctrinam
691 1534 734 1564 de
758 1533 844 1573 fide,
876 1546 942 1579 qua
966 1541 1109 1578 propter
1127 1531 1232 1566 Chri-

250 1596 342 1621 stum
360 1583 575 1619 reconciliati
591 1591 623 1617 et
640 1583 719 1616 iusti
737 1595 866 1617 sumus.

334 1666 494 1702 Ostende
512 1666 617 1701 nobis
637 1672 799 1713 patrem,
837 1672 867 1701 et
885 1666 1024 1716 suffici!
1040 1666 1158 1701 nobis.

353 1735 430 1770 Etsi
447 1734 530 1768 haec
555 1736 711 1779 quaestio
740 1736 879 1768 videtur
903 1737 1132 1779 incogitanter
1157 1746 1235 1778 pro-

253 1787 355 1833 poni,
396 1795 428 1820 et
453 1787 559 1819 nimis
590 1798 748 1827 magnam
778 1794 809 1818 et
842 1786 1043 1819 inusitatam
1075 1797 1147 1819 rem
1176 1797 1236 1827 pe-

254 1849 343 1879 tere,
370 1845 484 1871 tamen
504 1848 621 1869 revera
638 1837 684 1869 ita
704 1835 889 1869 hominum
908 1837 1105 1880 sapientum
1127 1835 1235 1867 animi

253 1889 413 1923 abinitio
431 1888 553 1919 mundi
576 1899 684 1930 usque
708 1889 748 1919 ad
776 1891 877 1919 linem
903 1888 1164 1931 expetiverunt,
1198 1892 1232 1918 et

255 1946 418 1984 expetunt
451 1936 542 1970 hunc
568 1936 632 1969 Dei
664 1945 896 1980 conspectum.
957 1936 1093 1970 Omnes
1123 1936 1229 1968 mira-

254 2002 334 2024 mur
350 1990 434 2034 quid
453 1988 494 2020 sit
513 1987 624 2027 Deus,
654 1989 766 2031 qualis
787 1989 829 2020 sit
847 1988 921 2020 eius
939 1994 1083 2027 natura,
1113 1986 1231 2030 qualia

257 2041 403 2074 consilia
426 2040 462 2071 in
487 2038 758 2081 gubernatione,
792 2051 854 2071 cur
880 2045 1012 2071 tantam
1037 2036 1235 2070 multitudi-

257 2104 335 2124 nem
367 2088 550 2122 hominum
586 2089 697 2131 perire
730 2090 839 2128 sinat,
883 2101 945 2121 cur
972 2095 1042 2121 tam
1067 2086 1180 2119 varias
1205 2092 1235 2118 et

258 2148 469 2174 monstrosas
493 2139 677 2182 opiniones
700 2140 740 2171 de
769 2138 832 2170 Dei
858 2139 1003 2171 essentia
1033 2144 1065 2170 et
1100 2138 1142 2168 de
1176 2148 1235 2169 va-

258 2194 377 2225 rietate
400 2191 556 2223 cultuum
582 2189 726 2232 grassari
753 2190 862 2227 sinat,
905 2189 964 2233 qui
992 2188 1035 2221 sit
1057 2187 1182 2220 unicus
1204 2194 1237 2220 et

259 2254 359 2275 verus
385 2241 516 2281 cultus,
549 2253 610 2273 cur
627 2239 777 2273 Ecclesia
799 2238 861 2271 Dei
890 2239 924 2271 in
949 2237 1012 2271 hac
1037 2239 1106 2270 vita
1131 2238 1237 2270 tantis

260 2293 436 2326 aerumnis
454 2292 607 2323 subiecta
625 2291 678 2324 sit.
734 2289 894 2334 Denique
913 2290 1014 2334 quale
1036 2289 1168 2320 bonum
1193 2289 1235 2321 sit

260 2344 330 2375 vita
354 2350 490 2374 aeterna
515 2348 547 2374 et
574 2342 789 2374 consuetudo
814 2353 890 2373 cuin
916 2339 1000 2374 Deo.
1062 2338 1156 2371 Haec
1181 2350 1236 2370 ar-

261 2406 345 2426 cana
363 2392 478 2423 onmia
498 2404 568 2423 uno
595 2392 753 2424 contuitu
780 2388 1031 2434 comprehendi
1057 2400 1154 2432 posse
1178 2401 1236 2421 co—

261 2446 428 2485 gitamus,
463 2442 488 2472 si
509 2441 620 2473 Deum
649 2455 764 2475 coram
791 2452 1022 2474 cerneremus.
1083 2438 1184 2473 Certe
1207 2440 1233 2472 si

261 2494 449 2527 astitissent
475 2488 540 2523 lioc
566 2493 791 2534 interroganti
810 2491 1003 2534 Apostolo,
1037 2501 1159 2523 omnes
1182 2501 1235 2522 sa-

261 2546 393 2589 pientes
410 2542 551 2581 mundi,
585 2543 716 2581 Solon,
751 2544 927 2579 Socrates,
963 2541 1080 2581 Plato,
1116 2541 1233 2572 Xeno-

261 2596 376 2639 plion,
419 2599 452 2625 et
482 2593 542 2624 alii
575 2593 722 2631 similes,
766 2605 884 2624 ornnes
909 2591 998 2624 lianc
1026 2591 1232 2635 petitionem

260 2647 480 2683 laudassent,
505 2650 537 2675 et
555 2654 589 2675 se
608 2643 698 2675 idem
718 2649 833 2686 petere
853 2643 1028 2676 dixissent.

2174 86 2252 123 300

1367 171 1435 206 Sed
1470 169 1554 204 haec
1591 170 1754 213 cogitatio
1787 172 1830 205 de
1866 173 1971 206 modo
2017 174 2253 217 cognoscendi

1271 222 1401 263 Deum,
1428 229 1460 255 et
1478 221 1561 254 haec
1579 222 1752 264 cupiditas
1770 233 1809 253 ex
1827 224 1980 256 tenebris
2001 221 2147 256 humani
2174 236 2253 257 cor-

1268 275 1321 308 dis
1338 274 1522 312 oriuntur,
1541 275 1634 316 quod
1655 284 1725 304 nou
1743 272 1942 306 vultDeum
1960 274 1998 306 in
2016 276 2122 307 verbo
2140 285 2250 317 agno-

1244 314 1245 357 l
1269 336 1379 363 scere,
1414 324 1503 356 sicut
1529 334 1564 354 se
1586 323 1660 366 ipse
1683 323 1865 364 patefecit,
1899 325 1957 356 sed
1983 325 2118 368 quaerit
2137 324 2252 358 Deum

1244 374 1245 412 i
1272 374 1422 419 propriis
1440 373 1773 416 imaginationibus,
1808 374 1905 406 unde
1929 373 2087 408 infinitae
2110 375 2251 419 opinio-

1271 437 1331 458 nes
1349 432 1381 458 et
1397 424 1526 457 infiniti
1543 424 1656 457 cultus
1673 425 1710 456 in
1728 425 1862 456 mundo
1879 435 2015 468 semper
2030 426 2140 459 exorti
2159 432 2253 467 sunt,

1245 488 1334 525 ¹nec
1366 475 1567 518 intelligunt
1598 472 1772 508 humanae
1808 481 1941 508 mentes
1975 482 2150 522 quantum
2185 474 2253 510 hoc

1245 529 1247 554 l
1273 527 1406 559 malum
1424 526 1480 560 sit.

1246 558 1249 686 ἱ
1375 576 1442 610 Sed
1460 587 1524 608 nos
1541 575 1577 608 in
1596 573 1752 609 Ecclesia
1768 575 1940 609 admoniti
1963 575 2148 617 discamus,
2164 588 2256 624 quo-

1274 629 1378 660 modo
1413 627 1496 660 velit
1526 627 1647 671 quaeri
1681 633 1713 659 et
1744 627 1882 668 agnosci
1907 626 2020 667 Deus,
2053 629 2148 671 quod
2171 627 2256 661 alias

1274 690 1394 722 saepe,
1429 679 1487 710 sed
1511 677 1694 720 praecipue
1718 677 1871 710 traditur
1893 677 1930 709 in
1955 674 2020 710 hoc
2044 678 2120 721 ipso
2144 677 2255 711 dicto:

1276 730 1347 771 Qui
1373 729 1465 762 videt
1492 739 1564 767 me,
1600 729 1694 761 videt
1719 735 1872 771 patrem,
1907 733 1940 760 et
1967 728 1999 760 1.
2023 726 2186 761 Corinth.
2208 729 2256 763 1.:

1277 779 1464 824 Postquam
1492 779 1646 811 mundus
1671 790 1742 811 non
1769 778 1869 810 novit
1889 778 1999 811 Deum
2026 778 2063 810 in
2088 779 2258 821 sapientia

1277 829 1341 863 Dei
1374 842 1435 873 per
1458 829 1683 871 sapientiam,
1722 829 1853 872 placuit
1876 828 1952 860 Deo
1984 840 2044 872 per
2073 829 2258 862 stultitiam

1277 880 1550 927 praedicationis
1593 879 1706 911 salvos
1747 879 1859 911 facere
1896 880 2096 919 credentes,
2137 886 2171 913 et
2213 881 2258 913 ad

1278 930 1382 965 Rom.
1404 930 1475 964 10.:
1505 929 1556 962 Ne
1573 930 1701 962 dixeris
1725 928 1761 962 in
1780 930 1884 961 corde
1911 935 1988 962 tuo:
2025 928 2115 971 Quis
2138 941 2259 963 ascen-

1279 983 1337 1013 det
1359 981 1396 1012 in
1412 980 1563 1012 coelum:
1598 981 1658 1012 sed
1677 991 1783 1022 prope
1806 986 1856 1013 est
1882 981 2026 1012 verbum
2051 979 2086 1011 in
2114 992 2174 1013 ore
2198 987 2259 1014 tuo

1279 1038 1311 1064 et
1334 1031 1369 1062 in
1394 1031 1498 1063 corde
1522 1036 1593 1062 tuo.
1647 1029 1701 1061 Ad
1728 1029 1832 1064 Rom.
1866 1030 1910 1062 l.:
1955 1027 2187 1072 Evangelium
2208 1038 2260 1065 est

1281 1081 1434 1125 potentia
1464 1080 1530 1112 Dei
1565 1079 1609 1111 ad
1642 1080 1788 1112 salutem
1816 1080 1913 1112 omni
1938 1080 2106 1115 credenti.
2164 1079 2260 1114 Haec

1281 1133 1372 1163 dicta
1390 1138 1423 1163 et
1439 1129 1567 1161 similia
1587 1130 1725 1161 assidue
1751 1129 1960 1171 cogitemus,
1993 1137 2042 1163 est
2067 1131 2161 1163 enim
2185 1131 2261 1164 sin-

1281 1181 1412 1224 gularis
1443 1179 1614 1222 sapientia
1640 1176 1834 1217 Ecclesiae,
1868 1191 1939 1210 non
1971 1180 2072 1213 aliter
2096 1193 2261 1224 quaerere

1283 1231 1416 1270 Deum,
1445 1230 1511 1262 nisi
1533 1240 1593 1272 per
1610 1229 1754 1260 verbum
1772 1235 1804 1260 et
1821 1228 2018 1260 testimonia
2037 1229 2079 1260 ab
2097 1230 2172 1273 ipso
2189 1238 2262 1264 tra-

1283 1283 1373 1321 dita,
1402 1292 1464 1313 nec
1484 1280 1591 1312 alium
1610 1279 1722 1312 Deum
1745 1279 1897 1322 alloqui,
1926 1278 1993 1310 nisi
2017 1275 2112 1312 hunc
2136 1280 2264 1323 ipsum,

1283 1333 1342 1378 qni
1363 1343 1397 1364 se
1413 1331 1518 1363 misso
1545 1330 1637 1369 filio,
1671 1336 1703 1361 et
1727 1329 1808 1362 dato
1832 1327 2026 1371 Evangelio
2048 1341 2129 1370 suo,
2163 1331 2264 1364 toties

1283 1383 1383 1415 certis
1402 1380 1611 1415 testimoniis
1630 1380 1799 1423 patefecit.
1827 1379 1932 1412 Hanc
1950 1380 2145 1412 doctrinam
2163 1393 2264 1424 prae-

1284 1434 1384 1476 cipue
1405 1432 1513 1464 tradit
1530 1428 1692 1463 Christus
1709 1430 1746 1462 in
1763 1429 1827 1463 hoc
1843 1430 1952 1463 dicto:
1982 1429 2053 1472 Qui
2079 1431 2173 1465 videt
2197 1444 2264 1473 me,

1283 1484 1377 1516 videt
1394 1489 1537 1526 patrem.

1473 1562 1598 1597 Tanto
1616 1568 1769 1609 tempore
1788 1562 1965 1596 vobiscum
1982 1576 2075 1600 sum.

1389 1632 1512 1666 Miscet
1532 1632 1811 1673 obiurgationem
1830 1628 2008 1668 Christus,
2039 1642 2106 1675 qua
2125 1628 2190 1665 hoc
2208 1632 2265 1665 in-

1288 1695 1370 1726 gens
1385 1684 1516 1715 malum
1536 1690 1567 1714 et
1588 1688 1764 1724 peccatum
1784 1687 1892 1721 taxat,
1909 1682 2001 1725 quod
2021 1693 2142 1714 omnes
2160 1695 2266 1727 quae-

1289 1735 1398 1765 rimus
1414 1733 1526 1766 Denm
1546 1733 1664 1770 aliter,
1700 1739 1731 1764 et
1757 1732 1947 1774 expetimus
1973 1731 2057 1763 alias
2082 1732 2266 1766 illumina-

1291 1785 1401 1817 tiones
1436 1790 1468 1816 ct
1502 1782 1752 1821 revelationes,
1792 1781 1917 1813 omissa
1952 1793 2035 1813 voce
2071 1779 2267 1825 Evangelii,

1290 1835 1378 1867 sicut
1398 1831 1560 1871 Inimici,
1587 1829 1872 1868 Mahornetistae,
1890 1827 2154 1872 Enthusiastae‚
2169 1835 2267 1866 Ana-

1291 1885 1477 1928 baptistae,
1506 1883 1686 1915 discedunt
1707 1893 1724 1913 a
1744 1881 1850 1913 verbo
1867 1880 1952 1919 Dei,
1985 1887 2015 1912 et
2040 1881 2174 1923 fingunt
2199 1883 2268 1916 sibi

1291 1935 1475 1979 opiniones
1507 1932 1697 1976 peculiares
1726 1938 1820 1963 extra
1856 1931 2000 1962 verbnm
2028 1931 2110 1972 Dei,
2151 1940 2266 1968 etant

1290 1986 1437 2022 iactant,
1468 1990 1528 2016 aut
1552 1989 1731 2024 expectant
1756 1981 1949 2023 singulares
1977 1981 2267 2021 illuminationes.

1289 2035 1335 2068 At
1360 2032 1519 2067 Christus
1547 2030 1693 2065 retrahit
1717 2043 1780 2064 nos
1816 2033 1858 2064 ad
1890 2043 1988 2063 suam
2019 2044 2200 2073 personam
2235 2042 2268 2069 et

1290 2097 1390 2118 suum
1409 2084 1659 2126 Evangelium:
1690 2082 1769 2120 Me,
1798 2082 1932 2126 iuquit,
1961 2082 2055 2114 misit
2079 2091 2195 2126 pater,
2227 2093 2267 2119 ut

1290 2138 1331 2168 de
1349 2147 1382 2168 se
1400 2135 1618 2173 testificetur,
1647 2131 1740 2165 hunc
1759 2140 1889 2176 patrem
1902 2159 1910 2171 ,
1937 2132 1996 2176 qui
2015 2145 2069 2165 me
2090 2134 2201 2173 misit,
2233 2142 2266 2169 et

1292 2187 1326 2218 in
1347 2198 1399 2218 me
1416 2192 1482 2224 est,
1508 2185 1649 2223 invoca,
1678 2191 1709 2215 et
1727 2185 1768 2215 de
1786 2195 1840 2215 ine
1863 2183 1974 2224 cogita
2000 2194 2198 2217 accessurus
2220 2187 2264 2219 ad

1292 2245 1421 2280 patrem
1435 2263 1443 2276 ,
1470 2235 1558 2268 sicut
1574 2241 1674 2267 antea
1691 2234 1780 2266 dixi:
1809 2233 1919 2265 Nemo
1936 2233 2030 2265 venit
2055 2235 2097 2265 ad
2122 2241 2266 2278 patrem,

1291 2287 1356 2320 nisi
1378 2299 1436 2330 per
1454 2298 1518 2323 me,
1537 2297 1575 2318 ac
1594 2297 1646 2316 me
1663 2286 1708 2317 ita
1727 2281 2004 2326 apprehendetis,
2023 2283 2050 2315 si
2067 2281 2130 2317 hoc
2147 2297 2265 2319 meum

1290 2339 1456 2376 verbum,
1483 2337 1575 2380 quod
1594 2335 1722 2368 tradidi
1742 2335 1858 2372 vobis,
1883 2333 2050 2371 audietis,
2078 2336 2266 2381 amplecte-

1290 2388 1396 2426 mini,
1429 2387 1594 2426 credetis,
1628 2386 1717 2419 sicut
1735 2386 1824 2417 iufra
1841 2383 1985 2416 dicitur:
2021 2384 2059 2417 Si
2083 2386 2161 2429 quis
2182 2387 2266 2420 dili-

1289 2440 1333 2481 git
1354 2451 1428 2476 me,
1454 2449 1649 2470 sermonem
1668 2447 1782 2469 meum
1801 2433 1969 2474 servabit,
2003 2441 2035 2467 et
2054 2443 2151 2478 pater
2167 2449 2264 2472 meus

1289 2491 1408 2531 diliget
1425 2500 1522 2526 eum,
1550 2494 1583 2520 et
1598 2488 1639 2519 ad
1659 2499 1736 2520 eum
1754 2485 1951 2522 veniemus,
1987 2492 2020 2518 et
2045 2488 2264 2522 mansionem

1289 2542 1378 2583 apud
1399 2551 1477 2571 eum
1496 2538 1673 2575 faciemus.
1726 2535 1841 2569 Corda
1859 2546 1938 2567 vere
1955 2545 2182 2578 expavescant
2201 2550 2264 2572 au-

1288 2591 1358 2622 dita
1376 2601 1458 2621 voce
1474 2587 1536 2621 Dei
1553 2594 1717 2630 arguente
1733 2592 1929 2629 peccatum,
1962 2593 1994 2618 et
2020 2598 2099 2619 vere
2121 2589 2263 2622 credant

1258 2674 1264 2691 Ι
1288 2653 1321 2673 se
1340 2641 1380 2673 ab
1399 2638 1462 2672 hoc
1482 2639 1554 2683 ipso
1575 2637 1648 2671 Deo
1666 2635 1845 2680 obiurgari
1861 2643 1893 2670 et
1919 2636 2085 2680 iudicari,
2119 2638 2184 2683 qui.
2202 2650 2263 2673 sua
