2415 2942
291 93 361 129 847

289 182 315 215 si
343 180 445 213 corda
471 179 664 216 congruant
696 184 773 205 cum
797 171 871 214 lege
895 170 971 204 Dei.
1038 167 1266 203 Circumcisio

916 220 982 253 Hic
1009 219 1267 252 observandum

291 289 358 319 cst,
384 290 516 320 semper
534 277 568 308 iu
589 275 719 306 mundo
740 272 855 314 vagari
875 270 936 304 lias
955 271 1054 303 falsas
1074 269 1270 315 persuasio-

292 342 353 364 nes
371 332 411 362 de
429 326 653 365 ceremoniis,
682 324 736 355 vel
760 325 853 368 quod
874 329 1072 355 mereantur
1096 320 1272 353 remissio-

294 393 373 414 nem
398 386 636 423 peccatorum,
671 376 722 406 vel
756 375 849 417 quod
876 373 944 406 sint
969 373 1104 411 cultus,
1140 379 1172 404 et
1199 371 1272 403 Deo

294 433 472 476 placeant,
501 428 603 461 etiam
627 427 701 458 siue
730 424 863 457 iustizia
888 424 1017 455 cordis:
1054 429 1086 455 et
1110 429 1147 455 ut
1170 421 1274 463 vulgo

296 482 444 519 dicitur,
481 491 519 511 ex
544 489 647 520 opere
673 483 832 518 operato,
866 474 955 507 sicut
979 474 1020 505 de
1037 472 1213 504 oblatione
1240 471 1276 503 in

298 533 400 565 inissa
427 530 649 572 impudenti-r
667 527 880 568 scripserunt
903 521 1076 557 monachi.
1147 520 1277 554 Omni-

299 584 364 616 l=us
387 581 492 624 igitur
514 579 685 611 aetatibus
708 577 743 608 iu
766 574 918 608 Ecclesia
950 574 1057 618 aliqui
1078 578 1280 606 taxaverunt

299 631 393 666 huuc
413 642 585 669 errorem,
612 635 650 661 ut
669 626 805 659 Psalmo
823 626 903 661 50.:
940 624 1020 657 Non
1050 623 1085 655 in
1104 621 1281 655 sacrificiis

305 684 374 717 tuis
401 693 541 722 arguam
570 687 612 712 te.
666 675 708 710 Et
737 677 901 709 Ieremiae
927 674 979 709 7.:
1014 673 1095 706 Non
1122 671 1283 716 praecepi

306 735 353 766 eis
372 735 413 765 de
432 729 652 768 holocaustis,
679 728 735 759 sed
758 725 823 759 lioc
841 727 984 758 verbum
1004 723 1181 767 praecepi:
1209 723 1285 755 Au-

307 785 377 818 dite
393 794 512 814 vocem
533 791 662 817 meam,
684 785 716 810 et
736 790 794 809 ero
813 777 911 808 vobis
929 775 1034 807 Deus.

407 832 548 865 Dictum
573 836 620 861 est
650 835 764 861 autem
796 827 880 859 alias
907 837 1027 869 saepe,
1072 836 1141 869 quo
1163 823 1288 856 ordine

311 886 469 930 placeant
494 879 729 917 ceremoniae,
757 884 789 910 et
808 877 903 920 pinxi
926 876 1063 916 navim,
1091 882 1123 908 et
1147 875 1182 906 in
1207 873 1288 906 navi

313 937 461 972 librum,
497 938 527 963 et
558 941 660 972 supra
686 929 816 961 librum
849 934 937 960 stare.
966 927 1126 965 calicem,
1153 925 1186 957 id
1216 931 1288 958 est:

311 985 470 1019 Primum
506 981 679 1013 audienda
704 986 752 1012 est
779 977 962 1021 promissio
979 979 1020 1009 de
1044 977 1115 1008 filio
1140 975 1225 1014 Dei,
1260 981 1293 1007 et

312 1036 379 1069 fide
410 1032 653 1070 statuendum,
689 1037 721 1062 te
745 1029 850 1072 recipi
880 1035 1022 1072 propter
1049 1039 1138 1059 eum.
1198 1025 1293 1058 Haec

291 232 448 277 prodest,
482 228 507 259 si
533 227 640 268 legem
669 224 840 255 observes.

311 1087 395 1119 fides
410 1087 524 1116 iucoat
542 1094 667 1113 novam
685 1079 931 1116 obedientiam,
962 1079 997 1110 iu
1015 1078 1118 1110 corde
1135 1076 1303 1109 dilectio--

312 1149 412 1175 nem,
439 1146 550 1176 spem,
581 1131 857 1168 invocationem,
885 1136 914 1161 et
937 1130 1022 1161 alias
1042 1128 1200 1162 virtutes,

415 1184 550 1218 Deinde
566 1183 731 1214 accedunt
749 1180 986 1219 ceremoniae,
1012 1185 1050 1211 ut
1068 1178 1179 1221 signa,
1207 1188 1296 1222 quae

314 1239 356 1271 de
385 1234 614 1280 promissione
651 1244 713 1264 nos
745 1230 1082 1268 commonefaciant,
1118 1229 1171 1260 vel
1197 1240 1294 1260 exer-

316 1288 396 1321 citia
427 1285 557 1319 externi
587 1282 792 1321 ministerii,
826 1280 1078 1319 invocationis,
1106 1281 1296 1321 gratiarum

317 1337 464 1372 actionis
482 1343 542 1367 etc.
556 1359 563 1371 ,
587 1340 624 1366 ut
643 1333 725 1364 alibi
748 1332 922 1374 copiosius
941 1332 1072 1363 dictum
1091 1337 1150 1364 est.

419 1388 486 1420 Sed
508 1384 589 1417 ltine
608 1383 796 1426 asperrima
811 1381 999 1414 certamina
1023 1391 1158 1422 semper
1179 1379 1215 1411 in
1232 1377 1300 1410 Ec-

319 1439 420 1472 clesia
449 1445 477 1469 et
503 1437 644 1467 fuerunt
669 1441 699 1466 et
724 1439 836 1465 erunt.
903 1430 1115 1476 Hypocritae
1140 1430 1296 1462 furenter

320 1492 537 1525 irascuntur,
565 1498 640 1517 cum
659 1481 854 1515 detrahitur
871 1481 1076 1514 ceremoniis
1092 1480 1212 1523 opinio
1229 1490 1301 1510 me-

320 1540 390 1573 riti.
454 1535 501 1570 Ut
531 1534 651 1568 ludaei
676 1533 980 1565 vociferabantur:
1024 1531 1062 1564 Si
1086 1542 1157 1563 non
1182 1540 1302 1561 sumus

323 1590 404 1623 iusti
432 1588 531 1629 lege,
573 1597 634 1617 cur
668 1585 747 1616 data
782 1589 830 1614 est
856 1582 934 1614 lex?
982 1581 1076 1614 Huic
1105 1579 1303 1625 quaestioni

321 1652 401 1673 mox
420 1637 605 1680 respondet
620 1635 762 1673 Paulus,
779 1640 811 1666 et
829 1632 1020 1665 necessaria
1041 1638 1089 1664 est
1107 1629 1303 1674 explicatio,

323 1692 403 1735 quia
422 1688 586 1720 omnibus
608 1684 824 1727 temporibus
848 1680 930 1715 haec
956 1681 1111 1726 quaestio
1136 1681 1302 1723 agitatur:

324 1742 361 1775 Si
399 1746 517 1772 nostra
552 1736 732 1778 diligentia
768 1746 839 1765 non
873 1741 1024 1766 meretur
1062 1732 1302 1765 remissionem

324 1796 566 1835 peccatorum,
595 1798 655 1818 cur
680 1784 862 1826 disciplina
888 1783 1086 1826 flagitatur?
1131 1781 1233 1815 Item:
1267 1780 1304 1813 Si

327 1853 399 1874 non
417 1850 534 1872 sumus
554 1837 634 1869 iusti
654 1842 795 1879 propter
813 1841 949 1866 nostras
968 1834 1124 1872 virtutes,
1153 1844 1215 1865 cur
1232 1842 1305 1863 non

328 1890 531 1925 conceditur
547 1887 684 1920 licentia
704 1884 977 1928 cupiditatibus'.>
1015 1883 1094 1915 ldeo
1113 1882 1214 1915 initio
1238 1889 1307 1915 ter-

329 1943 368 1975 tii
384 1940 513 1983 Capuls
532 1944 648 1970 movet
667 1935 756 1968 lianc
777 1935 1013 1979 quaestionem
1034 1933 1182 1966 Paulus:
1210 1932 1307 1974 Quid

331 1993 436 2035 igitur
457 1988 560 2022 habet
583 1987 747 2024 iudaeus,
775 1998 843 2029 quo
868 1985 1074 2017 antecellat?
1112 1984 1229 2026 Quare
1254 1983 1307 2014 lex

332 2046 410 2075 data
444 2040 523 2072 est?
572 2038 688 2079 Quare
723 2036 842 2079 politia
878 2035 984 2068 Moisi
1015 2036 1202 2067 constituta
1237 2032 1310 2066 est'?

333 2092 451 2135 Quare
471 2090 620 2122 dicimur
646 2088 794 2130 populus
814 2087 900 2125 Dei,
932 2086 959 2117 si
987 2098 1058 2117 non
1083 2095 1203 2117 sumus
1227 2082 1309 2115 iusti

332 2142 397 2176 bac
422 2138 690 2174 observatione?
728 2136 779 2169 De
804 2135 858 2168 his
886 2137 1149 2179 quaestionibus
1175 2145 1310 2166 necesse

333 2193 433 2227 estin
454 2190 607 2224 Ecclesia
627 2195 741 2220 extare
759 2199 874 2219 veram
894 2193 924 2217 et
944 2187 1159 2228 perspicuam
1180 2184 1311 2216 doctri-

334 2256 433 2282 nam,
463 2249 494 2274 et
513 2241 570 2272 illa
590 2246 675 2271 tetra
700 2238 926 2269 deliramenta
944 2236 1060 2275 reiici,
1090 2248 1176 2278 quae
1203 2235 1311 2267 finxe—

335 2300 417 2327 runt
434 2300 500 2324 tres
516 2291 621 2333 leges:
650 2288 803 2320 Primam
822 2287 991 2326 Naturae,
1020 2284 1313 2318 secundamMoi-

337 2345 385 2383 si,
425 2342 561 2374 tertiam
592 2338 862 2380 fix-angelicam,
907 2345 938 2370 et
970 2337 1126 2380 quolibet
1158 2343 1314 2379 ternpore

337 2392 498 2426 hominos
516 2403 594 2423 suae
612 2390 695 2429 tugis
712 2388 953 2420 observatione
973 2387 1079 2419 iustos
1096 2387 1212 2421 fuisse.
1239 2387 1315 2418 Ad-

341 2454 458 2475 versus
478 2440 538 2473 lios
560 2441 770 2481 perniciosos
788 2450 920 2470 errores
942 2438 1134 2476 sciendum,
1160 2443 1197 2469 ut
1213 2447 1313 2479 saepe

340 2493 494 2530 dicitur,
533 2490 645 2523 [Tuam
681 2501 751 2521 esse
781 2496 954 2521 aeternam
994 2489 1102 2529 legem
1137 2487 1315 2526 moralem,

341 2554 428 2589 quae
453 2547 586 2573 accusat
612 2546 786 2581 peccatum
813 2539 848 2570 in
874 2539 1058 2577 omnibus,
1099 2538 1195 2570 omni
1227 2544 1314 2570 tem-

341 2606 439 2638 pore:
469 2603 529 2623 nec
557 2597 670 2633 patres
696 2590 798 2621 fuisse
824 2589 930 2620 iustos
955 2590 1049 2631 lege,
1076 2589 1132 2620 sed
1159 2588 1223 2620 fide
1244 2599 1316 2620 me-

342 2642 503 2679 diatoris,
532 2652 633 2685 quem
652 2651 690 2671 ex
706 2639 934 2682 promissione
951 2640 1193 2682 agnoscebant.

884 82 1006 117 PIIIL.
1034 80 1148 118 MEL.
1177 79 1387 116 SCRIPTA
1406 78 1710 117 ‘EXEGET1CA.

1329 431 1476 472 ligenter
1507 431 1725 464 observanda
1759 438 1835 472 est,
1879 444 1982 477 quam
2015 431 2168 466 recitavi.

1333 482 1425 515 euim
1441 481 1553 515 oritur
1571 479 1654 514 haec
1673 482 1842 526 quaestio.

1332 539 1475 566 reantur
1503 532 1768 571 remissionem,
1812 544 1875 565 nec
1901 533 1972 566 siut
2002 533 2081 565 iusti
2115 532 2208 574 lege,
2250 540 2314 563 cur

1335 585 1413 616 data
1441 588 1491 614 est
1516 582 1617 615 Lex?
1657 590 1689 616 et
1725 595 1792 627 qua
1820 595 1856 615 re.
1881 583 2094 615 antecellunt
2122 580 2309 622 Gentibus,

1336 634 1429 667 uude
1449 633 1564 676 potius
1581 633 1645 676 ipsi
1665 633 1734 666 sint
1752 634 1902 678 populus
1920 633 2006 674 Dei,
2025 645 2128 678 quam
2145 630 2291 665 Gentes.

2238 80 2311 115 848

1712 220 1849 275 Caput
1877 223 1951 266 111.

1480 301 1566 350 Qua
1586 301 1701 349 igilur
1719 315 1754 337 re
1769 303 1952 338 antecellit
1975 302 2154 339 Iudaeis?

1429 377 1557 414 Obiter
1576 380 1706 413 inserta
1725 387 1774 414 est
1801 381 1974 426 quaestio.
2026 379 2072 414 Et
2095 381 2228 414 occasio
2254 379 2310 413 di-

2225 430 2311 464 Inde

1893 482 1982 516 Cum
2007 481 2123 514 Iudaei
2144 491 2218 514 non
2241 492 2314 513 me-

1439 697 1491 731 De
1507 696 1572 732 hac
1590 700 1790 743 quaestione
1809 699 1997 744 dupliciter
2011 700 2210 744 respondet.
2244 697 2319 733 Re-

1340 750 1428 783 tinet
1447 749 1540 781 enim
1559 761 1655 783 suam
1674 751 1970 794 propositionem,
1998 752 2090 794 quod
2113 749 2230 784 ludaei
2245 760 2319 783 non

1341 807 1544 833 mereantur
1588 801 1828 834 remissionem
1865 807 2084 845 peccatorum
2103 827 2112 842 ,
2152 813 2217 834 nec
2250 800 2322 834 sint

1343 851 1424 884 iusti
1453 851 1538 892 lege.
1592 849 1660 884 Sed
1685 864 1802 884 causas
1826 852 1911 884 alias
1937 859 2073 891 narrat,
2099 863 2161 884 cur
2182 852 2321 895 pulcer-

1343 902 1430 934 rima
1455 901 1514 933 illa
1540 901 1660 944 politia
1682 903 1867 936 constituta
1887 903 1948 942 sit,
1976 910 2008 936 et
2032 903 2125 935 unde
2150 902 2194 935 sit
2211 900 2321 934 Israel

1345 952 1495 996 populus
1516 950 1592 983 Dei.
1644 952 1695 984 Ac
1718 953 1870 995 primum
1897 953 1962 993 ait,
1987 959 2144 996 posteros
2158 949 2323 992 Abrabae

1346 1014 1417 1035 esse
1435 1002 1585 1045 populus
1603 999 1685 1042 Dei,
1713 1004 1793 1046 quia
1813 1003 1995 1046 promissio
2016 1003 2099 1046 ipsis
2120 1002 2245 1036 tradita
2263 1007 2326 1041 est,

1347 1060 1380 1086 et
1397 1060 1488 1085 certo
1506 1053 1547 1084 ad
1567 1063 1625 1084 eos
1643 1053 1805 1095 pertinet.
1855 1052 1945 1086 Sunt
1970 1054 2076 1096 igitur
2095 1053 2244 1096 populus
2259 1050 2325 1085 Dei

1349 1110 1492 1148 propter
1508 1103 1790 1146 promissionem,
1814 1109 1848 1136 et
1865 1115 1937 1135 non
1954 1110 2096 1148 propter
2118 1104 2240 1145 legem.
2274 1099 2327 1135 Ac

1349 1154 1574 1198 praecipuum
1604 1154 1810 1186 beneficium
1845 1160 1914 1192 est,
1958 1155 2142 1197 promissio
2166 1152 2328 1190 Messiae,

1348 1216 1420 1237 non
1441 1204 1560 1248 politia
1586 1216 1646 1237 seu
1662 1205 1745 1247 legis
1763 1205 2009 1248 promulgatio,
2062 1204 2129 1239 Sed
2155 1210 2271 1237 tamen
2296 1208 2330 1235 et

1351 1262 1467 1299 postea
1485 1255 1608 1297 iugens
1632 1255 1838 1288 beneficium
1857 1255 1921 1288 fuit
1937 1256 2010 1300 ipsa
2031 1255 2171 1299 politiae
2197 1252 2328 1287 consti-

1352 1306 1451 1345 tutio,
1479 1317 1567 1349 quae
1584 1306 1727 1339 servivit
1745 1305 1979 1349 promissioni,
2006 1306 2086 1351 quia
2106 1304 2217 1338 voluit
2233 1303 2329 1337 Deus

1352 1363 1482 1388 certum
1499 1355 1612 1388 locum
1625 1380 1634 1393 ‚
1662 1363 1790 1388 certam
1808 1357 1984 1389 nationem
2004 1364 2035 1389 et
2054 1356 2222 1388 familiam
2247 1365 2332 1394 esse,

1353 1407 1390 1438 in
1417 1418 1483 1450 qua
1507 1417 1541 1437 se
1564 1407 1786 1449 patefaceret,
1809 1407 1869 1438 ubi
1895 1407 2143 1449 promissiones
2161 1406 2280 1437 ederet
2296 1409 2331 1437 et

1354 1462 1542 1499 repeteret,
1571 1463 1604 1489 et
1627 1458 1825 1489 ostenderet
1851 1456 2094 1500 promissionis
2118 1454 2330 1493 testimonia,

1355 1508 1415 1539 ulii
1442 1506 1603 1550 publicus
1626 1507 1751 1551 aliquis
1776 1514 1894 1539 coetus
1918 1514 2004 1540 esset
2025 1508 2193 1539 invocans
2209 1515 2329 1537 verum

1356 1556 1488 1596 Deum,
1523 1564 1555 1589 et
1580 1557 1767 1590 testificans
1790 1558 1832 1589 de
1856 1569 1938 1589 vero
1964 1556 2058 1594 Deo,
2093 1556 2155 1589 ubi
2183 1554 2331 1588 Messias

1356 1613 1574 1647 nasceretur,
1601 1607 1877 1650 conspiceretur,
1906 1608 2066 1647 doceret,
2095 1607 2212 1638 ederet
2237 1604 2334 1638 testi-

1359 1658 1476 1690 monia
1513 1657 1711 1697 doctrinae,
1745 1658 1840 1690 fieret
1873 1657 2033 1697 victima,
2072 1655 2336 1689 resuscitaretur

1358 1720 1397 1741 ex
1417 1709 1581 1748 mortuis,
1608 1707 1668 1739 ubi
1692 1707 1976 1751 conspicerentur
2000 1706 2199 1740 testimonia
2219 1717 2335 1739 resur-

1358 1759 1534 1791 rectionis.
1592 1756 1726 1790 Harum
1753 1757 1982 1790 maximarum
2006 1769 2123 1790 rerum
2150 1756 2244 1790 Deus
2264 1768 2337 1789 cer-

1360 1817 1429 1843 tam
1456 1810 1594 1852 sedem,
1627 1815 1660 1841 et
1683 1815 1785 1842 notos
1811 1819 1849 1840 ac
1883 1809 1950 1841 fide
1978 1808 2102 1851 dignos
2134 1813 2236 1841 testes
2265 1817 2337 1840 esse

1361 1860 1485 1894 voluit.

1463 1925 1558 1960 Haec
1583 1933 1632 1959 est
1658 1925 1861 1970 principalis
1884 1935 2005 1964 causa,
2040 1935 2102 1957 cur
2129 1923 2249 1966 politia
2277 1922 2338 1956 illa

1363 1978 1549 2012 constituta
1569 1977 1630 2015 sit,
1658 1984 1691 2010 et
1706 1976 1814 2008 multa
1832 1975 1997 2009 beneficia
2015 1980 2241 2008 concurrunt.
2283 1973 2339 2007 lbi

1363 2029 1518 2071 exempla
1541 2028 1691 2071 plurima
1711 2026 1924 2070 praesentiae
1939 2025 2025 2064 Dei,
2052 2025 2122 2057 irae
2146 2031 2179 2057 et
2202 2024 2340 2057 miseri-

1364 2080 1502 2113 cordiae
1518 2085 1698 2121 conspecta
1717 2084 1808 2110 sunt.
1862 2075 1913 2109 lbi
1933 2076 2061 2108 multae
2076 2075 2256 2107 mirandae
2280 2076 2340 2108 de-

1364 2131 1541 2163 fensiones
1562 2136 1594 2162 et
1612 2128 1837 2161 liberationes
1857 2127 1965 2159 sactae
1983 2133 2074 2159 sunt.
2128 2124 2243 2168 Quam
2262 2125 2339 2169 glo-

1366 2182 1456 2215 riosa
1482 2181 1548 2213 fuit
1579 2179 1744 2212 continua
1770 2175 2025 2221 Prophetarum
2050 2176 2241 2215 successio,
2275 2174 2340 2209 Sa-

1366 2231 1510 2271 muelis,
1544 2229 1708 2268 Davidis‚
1741 2226 1861 2269 Euae,
1887 2226 2038 2267 Elisaei,
2067 2225 2210 2264 Esaiae,
2246 2223 2338 2258 Iere-

1366 2282 1472 2321 mhe,
1514 2280 1672 2313 Danielis
1695 2287 1726 2313 et
1750 2278 1993 2323 sequentium?
2036 2275 2283 2310 Gratissimum
2309 2281 2342 2308 et

1367 2330 1433 2365 hoc
1457 2332 1522 2365 fuit
1555 2332 1654 2364 bonis
1686 2330 1880 2369 mentibus,
1918 2335 2044 2361 certam
2073 2337 2143 2357 esse
2167 2323 2341 2359 Ecclesiae

1368 2385 1502 2423 sedem,
1538 2390 1664 2415 certam
1689 2388 1721 2414 et
1745 2387 1943 2423 perpetuam
1967 2375 2119 2410 scholam
2147 2388 2247 2408 verae
2277 2377 2342 2410 do-

1369 2434 1512 2468 ctrinae.
1589 2432 1702 2474 Quam
1729 2431 1874 2472 gradum
1906 2440 2000 2460 nunc
2023 2428 2136 2459 bonus
2166 2426 2342 2460 mentibus

1368 2492 1472 2523 esset,
1499 2483 1586 2516 scire
1606 2484 1645 2514 ad
1668 2488 1821 2524 posteros
1837 2479 1897 2511 diu
1920 2476 2002 2510 haec
2027 2478 2155 2521 oppida
2177 2488 2342 2510 mansura

1369 2546 1459 2572 esse,
1487 2542 1519 2573 et
1537 2531 1591 2565 liic
1610 2531 1782 2565 Ecclesiae
1806 2536 1839 2562 et
1859 2529 2038 2561 doctrinae
2061 2529 2178 2560 sedem
2202 2539 2344 2560 mansu-

1370 2597 1442 2617 ram
1462 2584 1561 2617 esse'?
1587 2584 1663 2617 Has
1688 2593 1741 2614 res
1765 2591 1836 2614 esse
1859 2579 2026 2612 maximas
2050 2590 2171 2612 omnes
2196 2578 2270 2611 sani
2289 2578 2344 2610 in—

1370 2635 1543 2678 telligunt.
