2415 2942
272 139 346 177 279

377 222 428 256 Ex
453 219 519 254 boc
541 216 641 252 tertio
667 215 776 258 gradu
799 213 957 247 existimo
983 212 1088 246 fuisse
1114 217 1145 244 et
1168 208 1261 244 hanc

278 275 429 309 subitam
448 267 766 304 consternationem
780 291 788 304 ,
816 264 915 296 cuins
938 264 973 296 fit
991 262 1122 295 mentio
1143 262 1177 294 in
1197 259 1263 294 boc

279 337 352 368 cap.
373 324 429 357 12.
450 319 609 357 loannis,
639 317 674 349 in
693 327 758 360 qua
786 326 864 347 cum
891 314 1011 346 diviua
1031 324 1114 345 voce
1135 312 1264 345 confir-

280 382 392 408 matus
407 373 448 404 sit
465 368 644 407 Christus,
673 378 743 398 non
761 365 908 397 dubium
932 370 981 397 est
1005 364 1179 406 ingentem
1195 369 1265 395 ter-—

281 435 395 458 rorem
413 421 530 454 fuisse.
576 418 647 451 Nec
665 415 877 449 curiositatis
895 426 995 447 causa
1012 412 1096 447 haec
1111 412 1266 453 recitavi,

281 476 337 508 sed
358 479 395 505 ut
411 471 602 512 cogitantes
621 469 662 500 de
679 464 811 500 Christi
830 465 1006 509 passione,
1034 476 1106 498 non
1129 470 1265 497 tantum

282 523 438 566 corporis
464 519 691 553 lacerationes
714 517 994 553 consideremus,
1031 516 1088 548 sed
1116 515 1267 547 sciamus

283 577 318 608 in
337 574 454 607 anima
479 571 582 604 etiam
609 569 766 611 ingentes
790 574 821 600 et
848 566 1100 598 inenarrabiles
1126 563 1269 596 moesti-

283 626 352 659 cias
377 623 501 659 fuisse,
531 627 562 654 et
584 619 688 652 simul
713 618 886 650 discamus
910 628 1074 657 magnum
1100 615 1269 660 quiddam

284 687 354 709 esse
372 675 458 706 iram
476 671 540 705 Dei
559 672 723 702 adversus
744 673 878 710 peccata
898 664 1043 698 humani
1062 666 1209 708 generis,
1238 669 1270 695 et

284 725 481 758 mirandam
508 733 578 754 esse
602 721 636 752 in
664 719 736 750 silio
759 717 824 750 Dei
854 714 1108 756 humilitatem,
1150 715 1210 760 qui
1236 725 1271 746 se

286 778 335 809 sic
359 774 502 812 abiecit,
537 778 575 804 ut
602 771 638 802 in
663 781 734 802 sese
757 768 922 800 derivarit
950 767 1036 799 iram
1054 767 1138 806 Dei,
1173 764 1272 810 quasi

286 830 359 871 ipse
376 825 529 869 pollutus
548 821 667 855 fuisset
685 819 812 852 nostris
839 819 1013 852 sordibus.
1067 816 1167 859 Quae
1192 827 1273 848 ora-

287 878 335 911 tio
370 875 575 917 angelorum
615 877 675 904 aut
711 868 895 902 bominum
933 869 1103 911 explicare
1146 872 1272 910 potest,

289 933 418 973 quanta
436 924 542 957 suerit
559 921 642 955 baec
661 919 844 953 humilitas
864 925 896 950 et
914 919 1062 950 abiectio
1079 918 1158 950 sui?
1194 916 1274 950 Uti-

287 990 369 1010 nam
402 976 505 1008 etiam
539 985 579 1004 ex
604 972 719 1014 aliqua
753 976 850 1012 parte
875 969 1066 1010 cogitemus
1091 969 1133 1000 de
1155 978 1274 999 amore

287 1026 420 1061 Christi
438 1035 516 1066 erga
541 1033 629 1061 nos,
669 1032 746 1054 cum
770 1031 804 1052 se
829 1021 914 1052 adeo
940 1019 1106 1052 abiecerit
1131 1023 1276 1062 propter

290 1089 373 1117 nos,
401 1086 538 1108 necesse
562 1080 610 1105 est
628 1073 836 1103 immensum
855 1082 1009 1102 amorem
1035 1081 1116 1101 esse.
1169 1067 1276 1101 Hunc

291 1130 466 1161 intuentes
484 1123 726 1163 confugiamus
751 1121 791 1152 ad
819 1121 953 1162 ipsum,
988 1127 1145 1163 petamus
1169 1126 1201 1152 et
1218 1130 1277 1151 ex-

291 1186 467 1223 pectemus
483 1174 651 1208 auxilium
672 1178 705 1204 et
723 1171 881 1210 salutem,
905 1170 1153 1212 gratitudinem
1172 1169 1276 1202 etiam

293 1227 493 1261 obedientia
512 1231 630 1257 nostra
656 1222 882 1255 declaremus.
935 1219 1029 1252 Haec
1047 1219 1165 1251 omnia
1183 1217 1278 1259 cogi-

292 1280 397 1313 tanda
415 1284 513 1316 sunt,
543 1273 679 1320 quoties
695 1274 738 1304 de
754 1270 885 1305 Christi
903 1270 1086 1303 doloribus
1104 1269 1244 1302 dicitur.

394 1327 476 1361 Dixi
517 1336 621 1368 supra
656 1325 697 1355 de
731 1322 890 1365 passione
920 1319 1052 1353 Christi
1086 1321 1156 1352 duo
1193 1317 1280 1351 haec

293 1379 424 1425 quaeri.
475 1376 634 1409 Primum
653 1385 730 1405 cum
749 1371 855 1404 fuerit
873 1371 989 1415 aliqua
1007 1370 1205 1414 trepidatio,
1235 1381 1279 1401 an

293 1431 400 1463 suerit
418 1428 555 1460 vitiosa.
610 1422 770 1457 Alterum
794 1423 971 1466 quomodo
991 1420 1168 1464 potuerint
1184 1420 1220 1451 in
1240 1431 1279 1451 eo

295 1480 398 1514 simul
427 1478 571 1511 existere
593 1473 723 1507 laetitia
749 1472 889 1515 propria
908 1473 1107 1510 beatorum,
1136 1478 1168 1503 et
1185 1476 1280 1503 tauta

296 1529 547 1565 consternatio.
582 1526 638 1558 De
656 1525 770 1568 priore
789 1523 855 1554 iam
873 1523 1004 1555 dictum
1022 1528 1090 1554 est:
1122 1521 1158 1553 ln
1177 1518 1281 1554 Chri-

297 1589 350 1615 sto
383 1579 517 1613 etiamsi
550 1577 695 1608 fuerunt
731 1573 1004 1616 trepidationes,
1054 1579 1170 1605 tamen
1209 1583 1281 1603 non

297 1633 402 1666 fuisse
421 1641 478 1662 eas
496 1628 649 1660 vitiosas.
703 1623 795 1666 Quia
822 1636 892 1655 non
911 1624 1052 1655 fuerunt
1072 1622 1201 1654 similes
1218 1633 1283 1652 no—

298 1683 378 1716 stris
394 1679 628 1717 inordinatae,
647 1676 682 1707 in
700 1676 828 1719 quihus
845 1675 998 1706 fremunt
1010 1673 1206 1705 voluntates
1222 1673 1284 1704 ad-

298 1743 418 1766 versus
434 1729 566 1768 Deum,
594 1728 651 1759 sed
673 1726 814 1758 suerunt
831 1725 978 1765 gemitus
994 1730 1139 1756 naturae
1158 1734 1284 1755 onera-

300 1792 354 1817 tae
380 1792 484 1824 supra
509 1780 617 1817 vires,
667 1789 744 1808 cum
777 1783 893 1808 tamen
929 1775 1090 1806 voluntas
1119 1774 1286 1806 retineret

299 1831 536 1868 obedientiam
556 1829 630 1861 sine
648 1825 892 1867 indignatione
909 1825 1073 1856 adversus
1090 1822 1215 1856 Deum.

402 1881 454 1915 De
486 1881 593 1913 altera
618 1877 821 1922 quaestione
846 1876 970 1917 longae
997 1881 1029 1907 et
1061 1874 1177 1906 variae
1205 1879 1286 1906 sunt

300 1933 556 1977 responsiones.
619 1928 687 1961 Sed
727 1938 791 1958 nos
827 1926 981 1958 breviter
1016 1926 1285 1969 respondemus:

304 1987 483 2028 Tempora
505 1978 734 2013 discernenda
754 1988 825 2009 esse
845 1978 887 2008 de
905 1973 1057 2008 Christo.
1111 1975 1220 2008 Aliud
1238 1981 1286 2007 est

302 2045 406 2079 tvpus
435 2030 607 2076 passionis
631 2035 663 2061 et
689 2025 794 2060 buius
816 2027 1042 2059 admirandae
1065 2025 1287 2058 obedientiae

303 2077 334 2120 ἐι
351 2082 575 2120 abiectionis‚
602 2091 660 2112 seu
680 2076 890 2111 humilitatis
906 2074 1057 2115 Christi,
1085 2076 1181 2107 aliud
1200 2082 1287 2107 tem-

302 2148 367 2181 pus
385 2142 478 2168 extra
496 2131 704 2176 passionem.
757 2128 848 2170 Quia
867 2128 959 2159 enim
977 2126 1184 2159 admirando
1205 2136 1288 2156 con-

305 2187 384 2221 silio
413 2184 475 2219 Dei
505 2184 682 2215 decretum
708 2179 792 2217 fuit,
835 2185 871 2210 ut
898 2178 990 2210 fitius
1016 2177 1111 2209 fieret
1137 2176 1288 2214 victima,

305 2248 440 2270 necesse
456 2234 523 2266 fuit
541 2231 682 2275 aliquod
703 2236 839 2271 tempus
855 2239 926 2259 esse
949 2226 1169 2259 mactationis
1189 2226 1288 2257 victi·
1313 2245 1316 2259 ,

307 2299 394 2321 mae.
447 2283 523 2317 Etsi
542 2282 649 2325 igitur
664 2278 825 2312 Christus
843 2290 977 2320 semper
992 2278 1057 2310 fuit
1077 2278 1208 2313 beatus,
1238 2283 1288 2308 ta-

308 2349 388 2370 men
407 2335 467 2367 illo
485 2341 659 2375 tempore,
689 2331 781 2374 qnod
801 2329 1012 2361 destinatum
1031 2327 1096 2359 suit
1123 2327 1288 2370 passioni,

311 2387 445 2421 nonita
463 2384 559 2417 fulsit
573 2381 771 2416 beatitudo,
799 2386 838 2412 nt
856 2386 948 2412 extra
968 2378 1174 2421 passionem,
1202 2377 1291 2410 sicut

309 2438 439 2471 dicitnr
463 2436 504 2466 de
534 2441 707 2474 tempore,
750 2429 878 2464 Psalrn.
905 2429 954 2462 8.:
1008 2428 1170 2461 Minuisti
1211 2439 1289 2460 eum

309 2484 624 2533 paulisperaDeO.
686 2481 782 2524 Quid
816 2480 859 2513 sit
891 2480 977 2512 illud
1010 2479 1206 2511 diminuere
1239 2478 1291 2510 vel

309 2543 484 2574 deserere,
529 2533 695 2576 expressit
717 2531 855 2568 Esaias,
895 2530 1075 2574 inquiens:
1118 2528 1292 2561 Dominus

311 2588 421 2621 voluit
438 2597 514 2618 eum
534 2590 712 2616 conterere
737 2582 772 2614 in
798 2581 1011 2615 infirmitate.
1065 2578 1290 2612 Voluntatem
1317 2583 1318 2595 ³

312 2647 343 2672 et
361 2640 535 2671 decretum
546 2633 611 2667 Dei
629 2633 733 2665 fuisse
751 2632 877 2676 inquit,
899 2638 937 2664 ut
953 2630 1055 2663 aDeo
1073 2630 1147 2674 ipso
1164 2631 1292 2663 obrue—
1316 2645 1318 2673 3

312 2697 407 2722 retur
424 2693 520 2721 tanta
541 2684 610 2725 ira,
639 2690 677 2717 ut
701 2690 788 2717 esset
815 2678 948 2725 λύτρον
973 2693 1035 2726 pro
1059 2681 1188 2715 nostris
1212 2692 1293 2725 pec·
1316 2682 1318 2687 “

869 127 993 162 PHIL.
1021 124 1137 161 MEL.
1165 122 1371 160 SCRIPTA
1399 122 1699 160 EXEGETICA.

1302 1150 1304 1160 ι
1329 1121 1381 1153 bit
1413 1127 1525 1163 caput.

1311 1969 1313 1975 '
1339 1957 1414 1991 Deo
1441 1957 1584 1988 missum
1611 1967 1694 1988 esse.

1312 2014 1313 2025 ¹
1341 2021 1401 2040 na:
1437 2005 1482 2039 Et
1513 2005 1723 2048 glorificavi,
1759 2011 1792 2038 et
1823 2016 1943 2037 rursus
1969 2004 2190 2046 glorificabo,
2225 2003 2324 2047 qnasi

1312 2063 1313 2072 ¹
1340 2059 1450 2090 dicat:
1479 2056 1594 2089 Testis
1618 2068 1714 2097 sum,
1744 2063 1776 2088 te
1797 2067 1814 2088 a
1841 2067 1895 2087 me
1912 2062 2052 2088 aeterno
2068 2061 2165 2098 patre
2181 2053 2326 2086 missum

1344 2440 1438 2461 nunc
1463 2427 1605 2460 recitavi
1629 2427 1671 2459 de
1695 2426 1934 2458 discernendis
1950 2426 2174 2469 temporibus.

2220 122 2294 158 280

1315 210 1420 252 catis,
1453 210 1534 256 quia
1570 210 1705 245 iusticia
1732 208 1798 243 Dei
1824 210 2002 253 flagitabat
2025 209 2178 255 aliquam
2203 220 2297 243 com-

1316 263 1567 307 pensationem.
1628 260 1757 294 Omnis
1789 261 1881 294 euim
1908 261 1960 294 lex
1985 262 2039 293 vel
2065 262 2107 293 ad
2130 260 2298 293 obedien-

1317 315 1418 353 tiam,
1446 313 1500 345 vel
1526 313 1568 345 ad
1594 323 1741 356 poenam
1767 311 1908 353 obligat.

1318 364 1450 397 conteri
1479 375 1495 395 a
1521 362 1608 398 Deo.
1670 361 1778 395 Aliud
1806 368 1855 395 est
1882 361 2024 395 lacerari
2049 372 2175 405 corpus
2197 361 2301 401 ferro,

1318 422 1376 447 aut
1402 427 1419 446 a
1441 415 1570 446 bestiis.
1623 411 1751 453 Aliud,
1779 420 1809 445 et
1829 413 1929 454 longe
1945 412 2056 445 maius
2074 419 2141 453 est,
2167 411 2301 454 percuti

1319 477 1336 497 a
1356 465 1448 502 Deo,
1476 471 1506 497 et
1529 464 1658 497 sentire
1682 464 1769 496 iram
1786 462 1870 501 Dei,
1899 461 1964 495 boc
1989 469 2055 503 est,
2080 462 2204 495 luctari
2222 472 2302 494 cum

1320 515 1512 548 tentatione
1537 517 1578 547 de
1602 515 1807 548 abiectione.
1876 513 1957 546 'sali
1980 521 2136 556 tempore
2159 522 2304 555 conspe-

1321 572 1412 604 ctus,
1440 565 1499 608 qui
1525 565 1797 602 beatitudinem,
1827 564 1954 604 vitam,
1982 564 2150 597 laetitiam
2177 562 2303 595 efficie-

1322 617 1400 653 bat,
1435 626 1508 647 non
1537 615 1629 648 clare
1660 616 1877 648 cernebatur.
1948 614 2045 647 ldem
2077 621 2110 647 et
2141 613 2306 647 Irenaeus

1323 666 1458 699 erudite
1476 666 1580 698 dixit:
1611 664 1729 698 Verbo
1751 666 1949 710 quiescente
1969 677 2107 709 passum
2120 661 2304 698 esserri-

1323 724 1435 756 stum,
1461 723 1499 749 ut
1521 716 1672 757 crucifigi
1692 723 1722 749 et
1739 717 1828 748 mori
1848 722 1980 759 posset,
2007 716 2042 748 id
2062 721 2130 753 est,
2159 714 2307 747 verbum

1324 774 1408 800 tunc
1432 778 1505 798 non
1530 767 1709 799 exercebat
1729 767 1918 809 potentiam
1935 778 2047 800 suam.
2101 764 2160 799 Sic
2177 764 2309 809 paulis-

1324 830 1386 862 per
1409 815 1569 850 (flu-istus
1591 829 1608 850 a
1627 816 1701 849 Deo
1724 818 1929 849 ostendente
1952 817 2142 860 potentiam
2169 822 2203 849 et
2226 815 2310 848 hea-'

1326 868 1512 902 titudinem
1530 869 1685 900 desertus
1703 874 1772 906 est,
1796 868 1885 900 sicut
1901 875 1931 900 et
1949 867 2022 911 ipse
2039 867 2181 900 clamat:
2213 866 2311 899 Deus

1326 930 1442 959 meus,
1475 930 1582 962 quare
1613 918 1784 961 reliquisti
1815 918 1893 950 me'?
1945 917 2121 962 Loquitur
2149 918 2191 949 de
2222 923 2311 949 tem-

1327 981 1432 1013 pore,
1467 975 1499 1001 et
1525 968 1755 1003 Psalm.110.
1784 968 1835 1001 De
1866 975 2021 1001 torrente
2050 968 2088 1000 in
2122 968 2177 1000 via
2203 967 2311 1007 bibet,

1328 1027 1465 1062 tempus
1492 1019 1746 1052 circumscribit
1773 1016 1839 1051 hoc
1862 1019 2031 1059 verbum,
2059 1019 2096 1051 in
2121 1018 2189 1052 via.
2242 1016 2312 1051 De-

1328 1071 1412 1102 inde
1436 1070 1594 1114 sequitur
1617 1070 1747 1111 gloriae
1766 1070 1950 1107 revelatio,
1978 1076 2163 1113 propterea
2182 1068 2314 1101 exalta-

1595 1119 1654 1153 Sic
1686 1121 1728 1152 de
1763 1127 1918 1164 tempore
1950 1120 2110 1165 loquitur
2138 1117 2314 1161 Christus,

1330 1182 1434 1204 orans
1463 1183 1497 1203 se
1523 1182 1643 1203 rursus
1667 1182 1703 1203 ea
1729 1170 1838 1212 gloria
1864 1171 2003 1214 ornari,
2029 1182 2133 1215 quam
2151 1168 2316 1203 habuerit

1331 1226 1410 1252 ante
1430 1221 1554 1251 mundi
1571 1221 1810 1251 conditionem
1824 1248 1832 1258 ,
1861 1220 2004 1254 loannis
2022 1220 2078 1256 17.

1961 311 2032 344 Nec
2057 317 2105 344 est
2121 310 2300 355 quiddam,

1433 1284 1529 1318 Haec
1553 1285 1733 1328 responsio
1751 1291 1800 1317 est
1819 1285 1977 1328 planior,
2005 1296 2109 1329 quam
2128 1287 2216 1316 aliae
2231 1298 2318 1328 quae

1332 1349 1350 1370 a
1368 1335 1602 1369 sententiariis
1618 1336 1828 1375 recitantur,
1856 1347 1941 1379 quas
1957 1335 2017 1379 qni
2036 1335 2207 1379 requiret,
2228 1334 2319 1377 legat

1332 1388 1424 1432 apud
1451 1387 1553 1430 ipsos
1608 1386 1680 1419 Nos
1706 1387 1748 1418 de
1773 1383 1826 1418 bis
1850 1386 1957 1418 tantis
1976 1393 2008 1419 et
2025 1392 2094 1418 tam
2112 1384 2248 1417 arcanis
2263 1395 2319 1417 re-

1333 1439 1398 1470 bus
1423 1438 1478 1481 pie
1501 1444 1533 1470 et
1558 1443 1757 1469 reverenter
1781 1436 1990 1479 cogitemus,
2018 1442 2051 1468 et
2075 1434 2320 1479 magnitudine

1334 1488 1496 1521 dolorum
1521 1485 1654 1520 Christi
1680 1494 1858 1530 utcunque
1884 1487 2122 1526 considerata,
2154 1496 2319 1529 agnosca-

1334 1551 1411 1571 mus
1428 1538 1540 1570 Deum
1566 1549 1645 1570 vere
1666 1544 1696 1570 et
1716 1535 1935 1570 horribiliter
1952 1537 2053 1569 irasci
2073 1536 2236 1580 peccatis,
2263 1537 2317 1568 in-

1335 1596 1472 1631 gentem
1497 1588 1567 1620 vim
1594 1599 1665 1620 esse
1683 1587 1811 1620 amoris
1830 1599 1906 1630 erga
1925 1599 1989 1620 nos
2008 1588 2042 1619 in
2063 1587 2153 1626 filio,
2181 1587 2240 1631 qui
2259 1596 2320 1629 pro

1336 1639 1439 1671 nobis
1463 1650 1611 1682 poenam
1638 1638 1762 1677 subiit,
1790 1645 1822 1670 et
1843 1639 2004 1671 timorem
2022 1644 2054 1670 et
2074 1636 2176 1670 fidem
2194 1637 2323 1669 arden-

1336 1690 1430 1722 tibus
1449 1688 1719 1730 cogitationibus
1737 1687 1936 1722 excitemus.

1439 1754 1533 1787 Haec
1558 1757 1600 1788 de
1625 1754 1907 1787 consternatione
1930 1751 1997 1787 hoc
2014 1754 2092 1786 loco
2107 1752 2190 1787 satis
2208 1752 2252 1786 sit
2268 1752 2322 1785 di-

1338 1806 1443 1839 xisse:
1480 1804 1649 1848 Sequitur
1682 1803 1875 1837 consolatio
1899 1805 2100 1841 manifesta,
2136 1815 2225 1845 quae
2250 1814 2323 1836 non

1339 1857 1451 1890 solum
1480 1854 1700 1888 confirmatio
1735 1853 1802 1886 suit
1832 1853 2045 1886 consternati
2075 1850 2228 1892 Christi,
2263 1853 2322 1885 sed

1339 1907 1443 1940 etiam
1469 1905 1707 1938 testimonium
1733 1916 1849 1937 coram
1871 1903 2021 1947 populo,
2048 1900 2142 1936 hunc
2165 1901 2279 1935 lesum
2304 1914 2324 1935 a

1756 1954 1859 1987 Clare
1881 1954 1974 1986 enim
2001 1953 2116 1998 inquit
2140 1965 2208 1985 vox
2232 1952 2325 1985 divi-

1341 2119 1429 2144 esse‚
1473 2108 1579 2150 idque
1614 2106 1822 2145 declaravit,
1865 2106 1945 2149 quia
1978 2113 2090 2138 tecum
2123 2104 2329 2137 resuscitavi

1341 2164 1515 2196 mortuos,
1553 2162 1586 2189 et
1614 2156 1680 2187 alia
1707 2156 1770 2187 feci
1795 2156 1973 2196 miranda,
2009 2163 2041 2189 et
2063 2162 2178 2199 postea
2205 2165 2326 2188 rursus

1343 2219 1535 2252 proponam
1554 2206 1752 2239 testimonia
1770 2206 1806 2238 in
1823 2213 1879 2240 tua
1898 2207 2163 2240 resurrectione.

1560 2297 1672 2335 Nunc
1695 2296 1870 2333 iudicium
1896 2303 1945 2332 est
1969 2296 2109 2333 mundi.

1444 2374 1652 2419 Exemplum
1676 2373 1733 2408 hic
1758 2375 1870 2408 cernis
1893 2375 1965 2407 eius
1986 2375 2194 2416 sententiae,
2221 2387 2326 2420 quam

2228 2427 2328 2460 Lan-

1344 2480 1520 2521 guesactus
1544 2484 1616 2510 erat
1634 2474 1794 2509 Christus
1810 2476 1922 2509 subita
1941 2477 2239 2518 consternatione,
2267 2478 2325 2510 sed

1317 2548 1318 2561 1
1345 2541 1464 2562 rursus
1489 2529 1524 2560 in
1549 2525 1614 2560 boc
1632 2533 1764 2560 terrore
1782 2538 1854 2559 sese
1873 2526 1993 2569 erigit,
2021 2528 2223 2570 praesertim
2241 2539 2327 2561 con·

1344 2581 1506 2612 firmatus·
1522 2591 1605 2611 voce
1628 2578 1770 2618 divina,
1804 2584 1835 2610 et
1859 2584 1897 2610 ut
1923 2585 2021 2610 antea
2049 2585 2248 2621 expaverat,
2278 2579 2324 2611 ita

1345 2643 1438 2663 nunc
1455 2640 1573 2663 rursus
1591 2629 1746 2668 laetatur,
1774 2635 1805 2661 et
1822 2629 1925 2660 verba
1942 2628 2183 2670 gloriosissimi
2201 2629 2326 2661 trinu·-

1344 2679 1406 2726 phi
1431 2681 1540 2715 laetus
1557 2680 1688 2715 recitat.
1741 2678 1843 2712 Nunc
1861 2678 2030 2712 iudicium
2048 2685 2098 2712 est
2116 2679 2239 2713 mundi
2259 2677 2327 2712 hu-
