2415 2942
276 97 348 132 763

268 184 351 218 silii.
425 181 514 214 lliud
551 183 658 220 agunt
692 176 903 215 adversarii,
937 187 1010 209 non
1042 182 1080 209 ut
1114 176 1249 221 aliquid

269 234 466 269 emendent,
483 230 541 262 sed
558 237 595 262 ut
613 228 850 273 qualicunque
869 234 1044 270 praetextu
1062 228 1251 260 defendant

267 296 365 318 suam
389 282 629 327 tyrannidem,
663 279 871 311 confirment
905 286 937 312 et
966 279 1129 312 muniant
1159 290 1252 322 opes,

271 335 353 369 Ideo
378 344 474 375 reges
498 339 529 364 et
558 331 739 374 pontifices
762 330 993 362 adversantur
1015 330 1179 373 coniugio
1198 342 1251 362 sa-

269 386 468 422 cerdotum,
501 383 582 426 quia
606 381 728 414 vident
757 380 986 419 coelibatum,
1029 381 1071 413 ad
1097 381 1254 425 retigien-

270 438 350 469 dam
369 434 560 478 potentiam
587 439 619 465 et
642 443 744 475 opes,
771 430 1023 474 expeditiorem
1043 442 1125 464 esse.
1177 431 1254 464 Hoc

271 487 376 520 modo
395 496 473 518 cum
492 490 608 516 extent
630 489 733 515 notae
753 482 882 525 impiae
901 482 1092 515 voluntatis
1115 483 1150 514 in
1177 482 1254 526 qui-

270 538 416 571 busdam
437 534 630 568 manifestis
647 533 824 572 articulis,
850 533 932 566 satis
951 541 1092 577 apparet
1110 544 1167 565 eos
1185 544 1254 565 non

273 587 397 632 agitari
424 588 517 619 hono
543 585 689 629 spiritu,
723 585 782 618 sed
807 595 878 616 esse
902 581 1018 617 hostes
1045 581 1196 626 Christi,
1225 590 1257 616 et

274 651 337 672 nec
382 638 418 670 in
467 636 609 669 caeteris
652 634 810 668 articulis
853 647 1019 679 quaerere
1064 635 1257 669 veritatem.

276 690 395 732 Quare
413 699 533 720 eorum
553 687 682 719 indicia
701 692 901 719 constanter
919 685 1156 728 repudiemus.

369 739 508 772 Psalmo
520 739 579 770 42.
605 736 766 769 Affirmat
781 743 940 768 renatum
955 747 1027 767 non
1043 747 1113 767 esse
1128 735 1258 768 iustum

275 799 417 835 propter
439 800 562 831 opera,
589 789 648 819 sed
674 787 758 825 fide,
786 786 834 818 sic
857 785 951 818 enim
977 785 1110 830 inquit:
1149 785 1260 818 Plane

275 843 378 879 time,
406 840 433 872 si
452 840 580 871 iustum
601 845 632 871 te
657 837 763 875 dicis,
790 836 818 869 si
842 848 915 869 non
941 834 1047 869 habes
1072 837 1170 869 illam
1197 849 1260 869 vo-

275 904 369 930 cem,
392 902 431 923 ex
451 890 519 922 alio
535 888 692 921 Psalmo:
731 886 781 919 Ne
805 887 914 920 intres
936 887 972 919 in
991 888 1161 920 iudicium
1181 899 1259 920 cum

275 954 375 976 servo
393 948 473 974 tuo:
503 951 583 972 nam
607 939 634 970 si
654 937 824 971 indicium
842 935 1043 971 exhibueris
1058 938 1134 970 sine
1158 938 1261 970 mise-

274 992 446 1029 ricordia,
489 1003 558 1034 quo
588 990 672 1022 ibo?
718 988 755 1021 Si
787 989 990 1033 iniquitates
1020 989 1261 1022 observaveris

275 1043 447 1082 Domine,
481 1040 635 1074 Domine
663 1040 742 1085 quis
765 1040 976 1073 sustinebit?
1016 1039 1067 1072 Ne
1092 1040 1199 1073 intres
1223 1040 1260 1072 in

275 1094 446 1127 iudicium
473 1104 551 1125 cum
580 1104 680 1124 servo
707 1099 786 1129 tuo,
814 1091 895 1135 quia
923 1103 994 1123 non
1015 1091 1262 1123 iustificabitur

276 1147 312 1178 in
329 1150 514 1187 conspectu
531 1150 591 1175 tuo
608 1142 722 1175 omnis
740 1141 874 1174 vivens.
913 1140 1008 1183 Ergo
1026 1142 1054 1174 si
1073 1154 1143 1174 non
1162 1142 1261 1175 iusti-

276 1196 437 1229 ficabitur
454 1195 489 1226 in
507 1200 696 1237 conspectu
713 1200 773 1225 tuo
792 1193 907 1224 omnis
925 1193 1055 1231 vivens,
1083 1193 1164 1236 quia
1183 1192 1261 1236 qui-

279 1258 417 1291 cunque
437 1243 492 1278 hic
511 1244 617 1281 vix-it,
646 1255 707 1276 vae
727 1243 799 1282 illi,
827 1243 854 1276 si
876 1255 954 1275 cum
974 1255 1013 1276 eo
1035 1244 1069 1275 in
1090 1244 1258 1276 iudicium
1285 1263 1287 1291 {

276 1298 370 1332 Deus
390 1296 584 1329 intraverit.
636 1293 725 1327 Nam
750 1301 782 1327 et
806 1296 896 1337 apud
921 1294 1029 1325 alium
1048 1292 1261 1337 Prophetam

278 1353 480 1390 arrogantes
508 1352 540 1378 et
563 1345 732 1387 superbos
758 1344 807 1377 sic
830 1345 1008 1386 obiurgat:
1045 1343 1163 1385 Quare
1189 1357 1263 1376 me—

278 1411 358 1432 cum
377 1397 509 1430 iudicio
527 1395 760 1429 contenditis?
789 1393 924 1427 Omnes
941 1395 1178 1438 dereliquistis
1197 1407 1262 1434 me,
1287 1419 1288 1424 ,

279 1451 363 1483 dicit
380 1448 566 1481 Dominus.
620 1445 701 1479 Noli
720 1457 800 1488 ergo
818 1446 948 1478 iudicio
966 1447 1194 1485 contendere,
1221 1446 1263 1477 da
1286 1435 1288 1447 ⁴

279 1511 421 1543 operam
456 1509 528 1530 esse
564 1499 694 1536 iustus,
730 1504 762 1529 et
795 1504 1110 1540 quantumcunque
1144 1496 1263 1533 fueris,
1287 1499 1288 1535 ]

279 1550 443 1584 confitere
461 1555 494 1581 te
512 1554 726 1591 peccatorem
746 1558 837 1587 esse,
867 1554 901 1580 et
919 1558 1055 1588 semper
1072 1558 1171 1588 spera
1197 1547 1263 1578 mi-
1286 1545 1289 1581 l

279 1600 504 1635 sericordiam
517 1625 526 1638 ‚
553 1606 584 1631 et
603 1598 640 1630 in
657 1599 720 1630 ista
738 1596 864 1630 humili
883 1597 1102 1629 consessione
1123 1608 1266 1629 securus
1287 1597 1290 1648 ζ

279 1653 458 1696 alloquere
481 1650 680 1682 turbantem
706 1655 756 1687 te,
785 1656 818 1681 et
843 1648 1116 1681 tumultuantem
1141 1649 1265 1680 adver-

281 1714 339 1736 sus
366 1709 398 1735 te
432 1701 584 1733 animam
614 1707 722 1733 tuam.
798 1698 916 1741 Quare
948 1698 1058 1732 tristis
1088 1710 1122 1731 es
1149 1699 1264 1731 anima

280 1765 376 1791 mea,
414 1763 520 1797 quare
552 1750 740 1784 conturbas
763 1750 842 1783 me‘?
885 1751 975 1783 sorte
1008 1750 1099 1782 inte
1125 1750 1266 1783 volebas
1289 1756 1291 1770 ³

281 1814 439 1848 sperare,
467 1813 567 1845 spera
587 1802 622 1833 in
640 1801 817 1837 Domino,
846 1813 918 1834 non
937 1801 973 1832 in
990 1807 1041 1841 te,
1068 1801 1151 1844 qnid
1171 1801 1266 1833 enim

281 1867 316 1888 es
334 1855 369 1887 in
387 1861 438 1890 te,
467 1852 553 1897 quid
571 1864 606 1885 es
625 1852 743 1884 dete?
777 1851 838 1885 llle
857 1852 902 1885 sit
925 1851 1054 1884 sanitas
1073 1851 1108 1883 in
1126 1859 1177 1892 te,
1205 1852 1265 1896 qui

280 1905 411 1948 accepit
437 1903 583 1936 vulnera
614 1909 758 1947 propter
783 1910 833 1942 te,
867 1910 900 1936 et
930 1902 1065 1947 inquit,
1099 1901 1208 1947 Spera
1229 1903 1266 1935 in

278 1955 487 1990 Dominum.

383 2004 512 2038 Psalm.
537 2003 597 2037 51.
639 2001 710 2044 Qui
738 2009 819 2035 sunt
845 2002 964 2036 beati?
1007 2002 1087 2036 Non
1116 2003 1188 2042 illi,
1229 2003 1266 2035 in

284 2057 412 2102 quibus
435 2067 507 2088 non
527 2054 684 2086 inveniet
708 2060 905 2095 peccatum,
933 2066 1013 2086 nam
1039 2055 1076 2086 in
1103 2054 1268 2086 omnihus
1290 2066 1292 2071 ·

282 2107 438 2140 invenit:
467 2104 603 2138 Omnes
620 2104 713 2136 enim
735 2113 986 2145 peccaverunt,
1015 2111 1163 2146 etegent
1192 2105 1268 2147 glo-

283 2159 334 2191 ria
353 2157 432 2191 Dei.
485 2155 524 2189 Si
548 2167 629 2198 ergo
659 2155 694 2186 in
725 2155 891 2186 omnibns
916 2161 1052 2199 peccata
1076 2156 1267 2188 inveniun-
1290 2153 1291 2172 ³

283 2216 358 2248 tur,
379 2213 555 2246 remanet,
580 2213 619 2239 ut
636 2217 710 2237 non
728 2205 796 2237 sint
816 2206 928 2248 beati,
958 2206 1023 2238 nisi
1044 2218 1194 2250 quorum
1215 2218 1267 2238 re-

282 2259 386 2292 missa
404 2265 486 2291 sunt
505 2264 650 2300 peccata.
705 2254 780 2288 Hoc
800 2267 880 2298 ergo
898 2257 1089 2299 Apostolus
1107 2256 1154 2289 sic
1171 2268 1266 2288 com-

284 2309 480 2341 mendavit:
509 2307 668 2340 Credidit
692 2305 872 2338 Abrabam
891 2306 984 2347 Deo,
1014 2314 1045 2340 et
1069 2314 1267 2350 reputatum

285 2367 335 2393 est
356 2359 384 2391 ei
405 2360 448 2391 ad
466 2358 650 2392 iusticiam.
685 2355 752 2389 Hic
769 2364 859 2389 recte
876 2359 1116 2390 accommodat
1135 2359 1266 2391 dictum

284 2412 328 2442 de
346 2409 432 2448 fide,
459 2415 491 2441 et
517 2415 663 2441 testatur
680 2419 714 2439 se
733 2407 835 2440 fidem
854 2409 1070 2451 intelligere,
1101 2421 1171 2441 non
1190 2417 1268 2441 tan·
1291 2425 1292 2431 1

285 2468 360 2494 tum
385 2457 550 2491 historiae
572 2458 757 2495 noticiam,
791 2459 849 2490 sed
873 2460 1035 2491 fiduciam
1059 2460 1269 2492 confidimus
1291 2482 1293 2487 ⁴

286 2509 391 2544 nobis
412 2509 541 2541 remitti
561 2516 695 2551 peecata
715 2516 856 2552 propter
872 2508 1066 2544 Christum.
1095 2509 1165 2543 Nec
1185 2522 1268 2542 vero

285 2562 469 2606 quisquam
487 2565 600 2602 potest
617 2560 750 2602 assequi
769 2559 868 2592 Pauli
886 2561 1106 2598 sententiam,
1134 2561 1200 2594 nisi
1220 2561 1269 2594 sic
1292 2551 1294 2588 }

284 2611 458 2653 intelligat
475 2620 603 2642 nomeu
622 2609 712 2641 fidei.
741 2609 817 2642 Hoc
835 2623 917 2643 vero
934 2619 1003 2649 est,
1021 2618 1059 2644 ut
1075 2612 1215 2649 dicitnr,
1232 2611 1268 2644 in
1292 2608 1294 2641 J*

284 2662 420 2695 foribus
444 2671 579 2701 errare,
604 2658 707 2691 fidem
732 2665 867 2693 tantum
887 2661 1083 2705 intelligere
1100 2662 1266 2695 noticiam

876 89 1001 126 PHlL.
1028 89 1144 126 MEL.
1171 89 1381 126 SCRIPTA
1408 89 1707 127 EXEGETtCA.

1290 2126 1291 2147 ;
1321 2106 1444 2145 suerit,
1486 2117 1589 2150 qnam
1615 2103 1804 2137 Ecclesiae.

2214 91 2289 128 764

1307 175 1493 216 historiae,
1531 189 1604 210 non
1629 177 1791 211 fiduciam
1815 178 2006 222 promissae
2031 177 2294 212 misericordiae

1307 237 1447 274 propter
1463 226 1655 264 Christum.
1710 227 1781 262 Nec
1801 229 1929 261 mirum
1946 237 1996 263 est
2011 226 2203 264 monachos
2218 235 2292 263 tota

1308 283 1362 313 via
1387 282 1562 312 deerrasse
1594 280 1631 312 in
1658 280 1855 312 enarrando
1880 279 2007 320 Paulo,
2043 281 2124 325 quia
2156 280 2193 312 in
2225 277 2293 313 hoc

1307 333 1382 374 ipso
1407 332 1482 364 loco
1509 331 1659 374 turpiter
1682 328 1889 363 hallucinati
1911 337 2004 364 sunt.
2055 329 2100 365 Et
2117 342 2211 364 nunc
2228 331 2293 364 ad-

1308 382 1469 415 versariis
1491 379 1576 414 haec
1604 382 1714 424 caligo
1744 381 1928 425 praecipue
1954 381 2206 422 impedimento
2233 387 2295 420 est,

1309 446 1379 478 quo
1397 433 1514 465 minus
1536 433 1706 477 recipiant
1727 432 1923 465 doctrinam
1948 434 1991 464 de
2015 431 2099 469 fide,
2127 432 2208 476 quia
2227 444 2295 466 no-

1311 496 1389 516 men
1410 483 1490 516 fidei
1510 495 1582 516 non
1600 490 1691 517 recte
1710 483 1922 525 intelligunt.
1975 481 2048 515 Cur
2070 494 2142 515 non
2166 493 2297 525 expen-

1311 536 1398 567 dunt
1423 534 1503 567 talia
1530 533 1718 577 Augustini
1744 535 1854 573 dicta,
1890 533 1992 578 quale
2018 530 2082 566 hoc
2107 539 2174 573 est,
2201 532 2297 577 quod

1311 586 1416 618 modo
1443 585 1611 618 recitavi?
1669 585 1736 617 Hic
1761 591 1907 617 testatur
1931 583 2080 617 Paulum
2107 581 2174 616 hoc
2197 582 2298 624 velle,

1314 633 1493 669 Abraham
1506 637 1733 679 pronunciari
1754 635 1898 675 iustum,
1915 635 1996 679 quia
2008 634 2206 678 crediderit,
2224 645 2299 668 non

1314 693 1449 720 tantum
1474 687 1517 719 de
1537 688 1738 732 posteritate
1760 699 1841 725 sua,
1868 686 1928 720 sed
1954 685 2161 718 remissione
2178 696 2300 730 pecca-

1312 744 1440 771 torum.

1416 788 1520 821 Tales
1545 788 1737 821 sententiae
1764 787 1891 831 passim
1914 788 2040 821 obviae
2060 787 2154 831 apud
2176 784 2302 830 Augu-

1314 838 1464 878 stinum,
1501 839 1582 872 satis
1605 841 1795 872 ostendunt
1820 850 1900 871 eum
1925 840 1970 871 de
1991 839 2101 882 gratia
2120 838 2212 872 etde
2230 837 2300 871 fide

1314 890 1407 922 idem
1423 890 1572 929 sentire,
1596 892 1688 934 qnod
1706 901 1769 922 nos
1786 890 1961 923 docemus.
2015 889 2115 922 Sicut
2132 889 2236 922 etiam
2256 889 2300 920 de

1314 940 1439 983 spiritu
1462 947 1493 973 et
1518 940 1618 972 litera
1644 941 1776 985 inquit:
1813 939 1866 973 Ex
1891 941 1965 983 lege
1989 940 2154 973 timemus
2172 937 2298 978 Deum,

1315 1003 1377 1034 per
1405 991 1509 1023 fidem
1541 998 1656 1023 autem
1688 991 1910 1033 confugimus
1941 992 1983 1023 ad
2008 989 2300 1022 misericordiam.

1315 1041 1382 1075 Hic
1398 1041 1534 1075 erudite
1552 1041 1718 1074 discernit
1736 1042 1844 1083 legem
1865 1047 1896 1073 et
1915 1040 2160 1083 Evangelium.

1418 1091 1493 1125 Etsi
1517 1099 1632 1125 autem
1657 1093 1836 1124 interdum
1861 1091 1898 1123 in
1919 1092 1993 1124 eius
2009 1091 2147 1134 scriptis
2171 1090 2302 1133 figurae

1317 1143 1488 1176 orationis
1513 1149 1703 1176 occurrunt
1731 1154 1803 1175 non
1838 1142 1921 1175 satis
1945 1142 2134 1185 explicatae
2160 1148 2220 1174 aut
2246 1140 2303 1173 in-

1316 1195 1538 1233 commodae,
1581 1191 1645 1225 hae
1676 1193 1894 1237 temporibus
1922 1193 2178 1226 condonandae
2207 1198 2303 1234 sunt,

1317 1245 1398 1289 quia
1424 1245 1517 1286 vulgi
1544 1245 1761 1277 consuetudo
1778 1245 1946 1289 quasdam
1969 1244 2096 1287 figuras
2113 1249 2302 1286 receperat,

1317 1303 1354 1328 ut
1373 1296 1644 1338 appellationem
1661 1295 1795 1335 meriti,
1824 1301 1857 1328 et
1876 1294 1961 1328 alias
1979 1295 2167 1339 quasdam,
2193 1299 2226 1326 et
2241 1290 2304 1326 has

1318 1347 1503 1388 explodere
1525 1345 1619 1378 docti
1645 1357 1717 1379 non
1742 1352 1912 1388 poterant.
1979 1344 2117 1378 Deinde
2134 1348 2211 1375 ‘nec
2234 1342 2302 1386 ipsi

1320 1397 1508 1439 scriptores
1545 1396 1628 1428 satis
1662 1396 1843 1428 assuefacti
1873 1396 2015 1428 suerunt
2048 1396 2090 1427 ad
2125 1400 2303 1426 accuratas

1287 1479 1288 1485 ¹
1318 1447 1592 1489 disputationes,
1621 1453 1651 1479 et
1669 1453 1797 1491 quanta
1820 1453 1902 1479 tnnc
1924 1446 2029 1479 fuerit
2054 1444 2165 1485 caligo
2184 1443 2219 1476 in
2235 1442 2303 1475 Ec-

1319 1498 1438 1534 clesia,
1468 1497 1550 1529 inde
1568 1497 1742 1530 aestimari
1768 1503 1896 1539 potest,
1924 1497 2017 1540 quod
2037 1494 2167 1536 Pelagii
2193 1493 2304 1537 impia

1319 1549 1440 1590 opinio
1465 1554 1562 1579 tanto
1580 1559 1657 1579 cnm
1683 1547 1807 1588 plausu
1832 1553 1972 1589 excepta
1997 1546 2083 1588 suit,
2118 1552 2157 1577 ut
2179 1544 2304 1586 Augu-

1319 1599 1431 1630 stinus
1455 1605 1486 1630 et
1514 1597 1613 1640 pauci
1631 1597 1774 1641 quidam
1798 1596 1858 1629 alii
1882 1608 1954 1628 non
1975 1597 2051 1628 sine
2078 1594 2214 1637 magnis
2230 1605 2305 1627 cer-

1288 1687 1290 1692 ,
1319 1649 1512 1682 tarninibus
1536 1660 1610 1681 eam
1637 1659 1758 1681 rursus
1783 1659 1823 1680 ex
1839 1644 2006 1680 Ecclesiis
2032 1646 2218 1689 explodere
2239 1656 2305 1689 po·

1320 1706 1467 1734 tuerint.

1422 1749 1605 1783 Caeterum
1624 1750 1666 1782 de
1684 1748 1892 1781 ceremoniis
1917 1748 1945 1781 si
1969 1748 2048 1793 quis
2067 1753 2212 1780 aetatem
2229 1746 2306 1781 Au-

1289 1836 1291 1847 ,
1320 1801 1450 1844 gustini
1477 1802 1580 1833 nobis
1602 1801 1769 1844 opponit,
1803 1800 1886 1833 sciat
1908 1812 1953 1832 ne
1974 1799 2041 1843 ipsi
2064 1799 2208 1843 quidem
2229 1797 2305 1831 Au-

1320 1854 1460 1895 gustino
1481 1852 1649 1895 placuisse
1666 1861 1787 1883 omnes
1811 1850 1899 1883 ritus
1926 1857 1957 1883 et
1984 1849 2229 1893 persuasiones
2251 1848 2307 1881 sui

1321 1903 1500 1946 temppris,
1562 1901 1756 1944 Quaeritur
1779 1901 1873 1933 enim
1900 1901 2026 1933 multas
2048 1899 2307 1942 superstitiosas

1321 1954 1508 1997 opiniones
1525 1951 1668 1986 haerere
1688 1952 1723 1983 in
1741 1950 1913 1991 Ecclesia,
1941 1950 2105 1984 anteferri
2134 1947 2306 1982 humanas

1321 2004 1529 2037 traditiones
1554 2002 1746 2047 praeceptis
1771 2001 1857 2042 Dei,
1892 2009 1925 2035 et
1949 2002 1998 2034 sic
2021 2000 2216 2034 cumulatas
2232 2010 2306 2033 esse

1322 2055 1554 2092 ceremonias,
1589 2061 1627 2087 ut
1662 2053 1870 2086 ludaeorum
1906 2052 2055 2085 servitus
2085 2051 2307 2084 tolerabilior

1873 2102 1989 2136 Verba
2016 2103 2090 2136 eius
2116 2099 2201 2135 haec
2223 2107 2307 2134 sunt

1322 2157 1363 2188 ad
1390 2155 1614 2197 ianuarium,
1650 2153 1807 2198 Epistola
1836 2153 1919 2187 119.
1973 2153 2086 2197 Ipsam
2115 2159 2230 2185 tamen
2252 2163 2309 2184 re-

1323 2207 1511 2249 ligionem,
1557 2218 1661 2250 quam
1700 2205 1919 2248 paucissimis
1949 2211 1981 2237 et
2011 2202 2308 2237 manifestissimis

1323 2258 1598 2290 celebrationum
1623 2256 1848 2289 sacramentis
1878 2254 2116 2288 misericordia
2140 2253 2204 2287 Dei
2237 2264 2309 2286 esse

1322 2309 1467 2341 liberam
1494 2308 1623 2345 voluit,
1654 2307 1841 2339 servilibus
1865 2306 2034 2338 oneribus
2060 2311 2241 2347 premunt,
2267 2310 2307 2338 ut

1291 2386 1292 2395 ,
1322 2359 1542 2392 tolerabilior
1558 2359 1662 2391 fuerit
1678 2357 1834 2390 conditio
1853 2356 2082 2394 ludaeorum,
2111 2355 2169 2400 qui
2189 2361 2306 2388 tamen

1323 2410 1622 2452 divinislegibus,
1650 2421 1722 2441 non
1751 2405 1915 2441 humanis
1939 2407 2070 2440 subditi
2095 2413 2206 2438 erant.
2260 2403 2308 2439 Et

1322 2461 1475 2505 primum
1501 2462 1543 2493 de
1565 2460 1692 2492 ritibus
1717 2456 1881 2491 humanis
1912 2457 2046 2502 inquit:
2081 2456 2213 2490 Totum
2239 2454 2307 2490 hoc

1322 2523 1431 2554 genus
1448 2524 1563 2544 rerum
1583 2511 1710 2542 liberas
1727 2507 1831 2542 habet
1847 2509 2120 2543 observationes.
2166 2507 2307 2540 Deinde

1323 2562 1450 2595 diserte
1470 2561 1563 2594 iubet
1586 2561 1730 2593 inutiles
1745 2560 1832 2593 ritus
1850 2557 2022 2592 humanos
2040 2558 2205 2602 praecidi.
2240 2556 2308 2591 Er-

1323 2624 1364 2655 go
1384 2625 1454 2645 non
1474 2613 1519 2644 ita
1535 2612 1661 2655 probat
1679 2609 1898 2653 Augustinus
1915 2610 2131 2642 ceremonias
2147 2609 2200 2641 sni
2219 2615 2308 2641 tern-

1314 2663 1432 2708 poris,
1469 2670 1506 2696 ut
1540 2661 1733 2695 Ecclesiam
1769 2662 1812 2693 ad
1848 2673 1923 2693 eam
1950 2672 2110 2693 normam
2141 2657 2308 2693 constitui
