2415 2942
269 116 341 153 827

275 201 413 239 dicunt,
441 198 574 232 iusticia
600 197 810 231 universalis
833 205 884 231 est
908 199 1108 233 obedientia
1132 206 1251 233 nostra

277 254 368 285 iuxta
385 262 505 283 omnes
522 250 623 292 leges.
677 249 774 283 Haec
800 249 957 283 definitio
981 251 1148 285 describit
1169 251 1254 295 legis

278 302 466 341 iusticiam,
494 313 581 346 quae
599 312 712 345 neque
737 301 850 333 adfert
873 301 1114 335 remissionem
1134 314 1256 347 pccca-

277 361 392 385 torum
404 379 412 392 ‚
439 363 552 396 neque
569 351 662 384 tollit
681 358 858 395 peccatum
875 359 934 385 aut
950 359 1109 389 mortem.
1172 352 1254 386 Ideo

278 403 408 436 Paulus
436 403 538 441 dicit,
573 402 675 434 aliam
701 401 874 435 iusticiam
900 403 937 435 in
964 404 1257 446 promissionibus

278 465 337 486 seu
356 465 439 485 voce
456 451 640 493 Evangelii
665 453 834 497 proponi,
859 453 947 487 sicut
965 461 995 487 et
1014 455 1105 488 infra
1124 455 1256 499 inquit:

277 503 379 537 Nune
396 503 532 536 iusticia
552 503 614 537 Dei
634 503 851 537 manifestata
875 511 936 545 est,
954 505 1029 538 sine
1049 506 1133 548 lege.
1163 505 1257 538 Haec

278 554 424 593 iusticia,
441 554 474 587 id
493 561 559 594 est,
576 554 735 588 remissio
753 561 972 598 peccatorum
987 564 1129 600 propter
1146 556 1258 589 silium

277 606 446 648 gratuita,
472 612 506 638 et
523 605 712 648 acceptatio
730 617 846 638 coram
865 605 960 646 Deo,
988 619 1066 640 cnm
1085 619 1152 652 qua
1172 619 1257 640 con-

277 658 396 688 iuncta
423 662 470 688 est
501 656 647 688 donatio
674 655 828 698 Spiritus
858 657 968 690 sancti
998 664 1030 690 et
1062 655 1260 690 haereditas

276 708 367 740 vitae
391 713 568 744 aeternae,
596 707 702 739 datur
724 718 797 739 non
821 714 963 751 propter
988 708 1099 751 legem
1123 714 1183 742 aut
1210 708 1260 740 le-

274 758 325 800 gis
347 757 518 790 iusticiam
536 763 601 790 etc.

579 835 737 884 Exfide
762 837 799 872 in
811 836 943 885 fidem.

349 908 467 942 Simus
485 907 641 941 contenti
659 907 794 950 vulgari
807 907 1053 943 'enan-atione:
1083 909 1171 943 Fide
1190 910 1261 944 im-

273 960 424 1005 perfecta
454 959 491 990 in
515 958 753 991 ardentiorem
778 965 810 991 et
834 957 1040 996 firmiorem.
1102 960 1196 1003 Quia
1222 961 1258 994 in

274 1009 497 1044 invocatione
524 1016 557 1043 et
582 1009 798 1053 quotidianis
830 1010 997 1053 periculis
1023 1011 1081 1044 fiat
1106 1013 1259 1045 assensio

274 1061 428 1100 firmior,
455 1065 486 1092 et
509 1060 617 1103 magis
643 1066 853 1101 statuamus,
881 1072 947 1093 nos
967 1061 1041 1095 Deo
1058 1073 1160 1095 curae
1179 1075 1261 1105 esse,

272 1124 336 1145 nos
361 1116 517 1153 receptos
540 1122 629 1150 esse,
658 1122 721 1143 nos
748 1111 904 1144 exaudiri
929 1119 962 1145 et
981 1113 1115 1156 protegi
1134 1125 1151 1147 a
1173 1113 1259 1155 Deo,

271 1170 462 1197 statuamus
479 1161 614 1195 firmius
632 1160 746 1194 Deum
766 1174 846 1194 vere.
869 1163 937 1195 sibi
962 1163 1126 1206 colligere
1151 1172 1262 1198 aeter-

272 1226 353 1246 nam
373 1211 564 1246 Ecclesiam
583 1223 666 1245 voce
681 1212 888 1254 Evangelii,
916 1220 949 1248 et
973 1226 1037 1247 nos
1056 1226 1136 1247 vere
1154 1227 1262 1248 mem-

274 1266 335 1297 bra
364 1275 435 1294 esse
464 1262 559 1295 illius
585 1269 745 1295 aeternae
762 1261 961 1305 Ecclesiae,
1001 1271 1034 1297 ct
1065 1265 1168 1298 nobis
1201 1268 1265 1298 ad-

273 1326 345 1346 esse
368 1312 501 1353 Deum,
542 1313 677 1346 etiamsi
709 1311 942 1348 horribilibus
975 1316 1152 1348 aerumnis
1184 1328 1263 1361 pre-

271 1376 412 1398 numur-

376 1414 447 1447 Atii
471 1413 767 1457 interpretantur:
797 1411 849 1447 Ex
867 1414 933 1447 lide
954 1422 1090 1458 patrum
1111 1422 1189 1449 ante
1208 1428 1264 1449 re-

273 1465 524 1499 surrectionem
555 1463 708 1504 Christi,
748 1464 784 1497 in
816 1465 919 1497 fidem
950 1473 1151 1500 sanctorum
1186 1473 1263 1510 post

273 1515 584 1554 resurrectionem,
612 1514 693 1559 quia
713 1521 784 1548 tota
805 1514 960 1549 Ecclesia
983 1518 1148 1550 omnibus
1174 1524 1263 1550 tem-

273 1567 445 1612 poribus,
487 1565 571 1597 inde
602 1577 713 1610 usque
746 1566 789 1598 ab
815 1564 956 1604 Adam,
1000 1568 1121 1600 eodem
1156 1568 1262 1600 modo

274 1617 482 1651 iustificatur
511 1622 543 1650 et
567 1616 744 1656 salvatur,
777 1615 909 1650 scilicet
937 1617 1063 1650 fiducia
1091 1619 1263 1651 mediato-

274 1670 344 1708 ris,
376 1679 448 1699 non
475 1673 616 1710 propter
644 1666 886 1709 impletionem
915 1668 1012 1710 legis.
1075 1666 1122 1702 Et
1146 1675 1262 1701 tamen

275 1717 341 1752 hoc
372 1718 561 1750 discrimen
589 1717 885 1750 considerandum
913 1726 974 1752 est.
1049 1718 1106 1751 Illi
1137 1726 1263 1752 ventu-

275 1781 352 1803 rum
381 1767 546 1801 Messiam
578 1769 834 1811 agnoscebant,
877 1780 943 1802 nos
968 1766 1165 1803 exhibitum
1191 1781 1264 1803 esse

277 1821 416 1854 scimus.

379 1868 491 1902 Addit
515 1868 751 1912 propositioni
776 1869 819 1901 de
846 1869 981 1902 iusticia
1001 1870 1081 1903 fidei
1106 1870 1264 1905 testimo-

277 1922 375 1955 nium
401 1933 440 1952 ex
460 1918 621 1959 Abacuc,
650 1920 742 1964 quod
769 1927 800 1952 et
825 1920 908 1952 alibi
933 1921 1036 1959 citat,
1065 1933 1103 1954 ac
1129 1921 1264 1965 perspi—

279 1984 341 2004 cue
363 1971 399 2002 in
418 1969 574 2009 Galatis,
601 1970 749 2014 opponit
771 1971 927 2003 iusticiae
951 1972 1052 2015 legis,
1080 1972 1262 2016 inquiens:

281 2022 388 2065 Quod
416 2027 530 2053 autem
555 2021 630 2063 lege
654 2033 756 2053 nemo
786 2021 1009 2063 iustificetur,
1038 2023 1260 2055 manifestum

281 2080 348 2112 est,
374 2072 455 2116 quia
474 2072 583 2104 iustus
605 2072 672 2103 fide
689 2072 786 2105 vivit.
838 2071 910 2105 Lex
930 2080 1044 2105 antem
1066 2085 1137 2106 non
1155 2079 1205 2105 est
1223 2085 1262 2105 ex

280 2122 368 2162 fide,
396 2123 455 2155 sed
475 2123 534 2165 qui
557 2122 675 2154 fecerit
692 2134 747 2161 ea,
775 2122 868 2155 vivet
884 2123 919 2154 in
937 2123 984 2155 eis
1002 2130 1064 2158 etc.
1113 2122 1152 2156 ln
1172 2121 1262 2156 hanc

282 2171 447 2206 antithesi
477 2172 606 2206 Paulus
638 2173 766 2205 diserte
796 2173 938 2217 inquit,
979 2174 1154 2206 neminem
1188 2174 1262 2216 lege

283 2223 473 2258 iustificari.
527 2222 586 2256 Sic
609 2223 715 2266 igitur
739 2223 861 2263 sentit,
889 2224 1087 2257 credentem
1115 2225 1181 2257 fide
1207 2225 1261 2257 iu-

284 2282 394 2311 stum,
430 2274 463 2306 id
491 2280 559 2310 est,
596 2280 774 2316 acceptum
800 2273 874 2306 Deo
897 2286 987 2314 esse,
1025 2282 1057 2308 et
1083 2275 1263 2308 vivificari.

283 2322 330 2357 Et
346 2322 428 2357 haec
446 2325 517 2368 ipsa
535 2322 722 2363 ἀντίθεσις
742 2324 777 2357 in
796 2323 904 2357 Paulo
924 2326 1049 2359 refutat
1065 2326 1263 2359 calumnio-

285 2386 338 2407 sas
356 2375 678 2418 interpretationes,
698 2376 905 2417 excogitatas
922 2383 1041 2409 contra
1063 2376 1159 2409 Pauli
1181 2389 1262 2409 sen-

285 2425 449 2464 tentiam,
477 2426 588 2469 qualis
607 2423 689 2458 haec
715 2433 780 2458 est:
806 2424 921 2459 Iustus
941 2427 1070 2460 scilicet
1097 2428 1263 2471 operibus

283 2482 400 2520 postea
421 2476 548 2518 placet,
576 2488 654 2508 cum
672 2477 800 2509 accedit
817 2477 917 2517 fides,
946 2477 979 2509 id
999 2485 1067 2517 est,
1094 2478 1262 2521 professio

284 2526 476 2559 doctrinae.
559 2524 651 2558 Ilaec
685 2528 880 2570 corruptela
913 2535 1043 2571 pugnat
1077 2540 1154 2561 cum
1188 2530 1262 2572 ipso

282 2575 411 2615 Paulo,
454 2575 533 2620 quia
569 2576 766 2618 praefatur,
801 2590 903 2612 nemo
941 2579 1013 2621 lege
1044 2579 1262 2614 iustificatur.

282 2626 349 2661 Sed
373 2624 429 2658 hic
446 2637 583 2658 necesse
608 2633 657 2659 est
683 2628 867 2668 constitui,
895 2630 978 2674 quid
1007 2630 1176 2672 significet
1200 2643 1263 2663 vo·

282 2677 445 2711 cabulum
492 2675 614 2718 Fides,
651 2677 694 2709 de
728 2690 796 2721 quo
827 2690 930 2723 supra
978 2687 1010 2714 et
1046 2681 1130 2713 alibi
1163 2692 1263 2725 saepe

849 112 975 150 PlIlL.
1008 113 1125 150 MEL.
1164 113 1372 151 SCRIPTA
1407 115 1706 153 EXEGETICA.

2214 119 2286 154 828

1308 201 1441 235 dictum
1461 208 1522 236 est.
1557 200 1638 236 Non
1655 201 1748 235 enim
1765 208 1901 237 tantum
1917 202 2103 243 noticiam,
2129 214 2188 237 seu
2207 215 2290 248 pro·

1307 252 1492 286 sessionem
1520 253 1701 286 doctrinae
1719 253 1902 296 fignificat,
1927 255 1986 288 sed
2012 254 2194 294 fiduciam,
2220 266 2290 299 qua

1311 303 1579 347 promissionem
1597 304 1787 347 accipimus
1806 311 1838 338 et
1857 305 2108 349 acquiescimus
2129 305 2165 338 in
2184 305 2289 338 mise-

1310 354 1460 387 ricordia
1478 353 1542 386 Dei
1556 380 1563 394 ,
1592 367 1680 400 quae
1705 354 1741 387 in
1762 355 1994 398 promissione
2013 362 2149 389 ostensa
2166 362 2231 389 est:
2257 362 2291 389 et

1309 405 1358 437 sic
1375 405 1523 448 intelligi
1540 405 1642 439 fidem
1667 405 1704 438 in
1731 405 1803 449 ipsa
1830 406 2033 438 narratione
2051 405 2193 438 Abacuc
2215 418 2290 440 ma-

1310 454 1477 489 nifestum
1510 463 1571 491 est.
1647 455 1822 502 Loquitur
1853 456 1947 489 enim
1981 457 2024 488 de
2056 456 2292 499 expectatione

1311 504 1481 546 Messiae‚
1508 513 1541 540 et
1567 507 1787 540 liberationis
1813 519 1873 550 per
1897 506 2074 542 Messiam.
2126 505 2204 539 Hoc
2226 506 2293 549 igi-

1312 563 1369 589 tur
1389 557 1508 590 sentit:
1535 556 1648 591 lustus
1675 559 1762 598 fide,
1790 558 1823 589 id
1851 565 1918 596 est,
1943 557 2070 590 fiducia
2096 557 2295 590 misericor·

1313 607 1389 639 diae
1410 615 1550 650 propter
1565 607 1729 641 Messinm
1749 608 1958 652 promissae,
1981 620 2051 640 non
2075 607 2294 651 opprimetur

1313 658 1573 700 desperatione,
1597 671 1668 692 non
1687 666 1764 693 ruet
1784 659 1819 691 in
1839 666 2018 692 aeternnm
2037 658 2182 692 exitium
2195 685 2204 698 ‚
2231 658 2292 691 sed

1313 709 1567 742 sustentabitur
1597 707 1662 743 hac
1693 722 1773 742 vera
1806 709 2068 749 consolatione,
2110 720 2174 742 nec
2197 708 2295 743 fallet

1316 771 1394 792 eum
1416 760 1627 802 expectatio,
1652 762 1710 794 sed
1731 760 1826 794 Deus
1848 761 2046 793 credentem
2064 759 2228 795 servabit.

1418 809 1485 843 Hic
1500 822 1620 843 rursus
1636 812 1740 845 astuti
1758 811 1902 856 quidam
1920 822 2030 844 novos
2048 809 2220 844 tumultus
2236 821 2296 844 ex-

1313 860 1433 899 citant,
1461 861 1613 895 clamant
1630 862 1779 895 Paulum
1796 863 1910 896 aliena
1926 862 2017 895 dicta
2035 862 2078 894 ad
2095 872 2193 895 suam
2211 873 2295 895 cau-

1313 922 1385 944 sam
1404 913 1623 956 detorquere.
1673 911 1841 946 Abrahae
1866 912 2085 956 promittitur
2101 912 2295 955 posteritas,

1314 962 1500 1006 inquiunt:
1529 961 1627 996 Sicut
1645 962 1806 996 Gedeoni
1825 963 1981 996 victoria.
2036 962 2130 1005 Quid
2152 959 2236 995 haec
2250 963 2295 995 ad

1314 1013 1555 1045 remissionem
1582 1020 1824 1056 peccatorum,
1852 1025 1911 1046 seu
1938 1015 1980 1046 ad
2010 1012 2210 1046 iusticiam?
2243 1012 2295 1046 De

1315 1061 1379 1096 hac
1396 1064 1548 1106 speciosa
1564 1062 1837 1107 reprehensione
1861 1075 1998 1097 necesse
2023 1070 2073 1098 est
2098 1063 2173 1108 pias
2196 1074 2298 1096 men-

1314 1121 1366 1147 tes
1387 1122 1478 1148 recte
1505 1114 1649 1150 erudiri.
1704 1113 1755 1148 Ac
1778 1115 1931 1158 primum
1956 1114 2066 1147 sciant
2089 1125 2211 1147 omnes
2238 1114 2299 1158 pii,

1315 1176 1452 1209 semper
1476 1165 1513 1197 in
1540 1166 1607 1198 fide
1624 1192 1634 1206 ‚
1675 1177 1876 1211 quanquam
1908 1165 2103 1208 corporalia
2129 1164 2296 1198 beneficia

1313 1223 1496 1260 petuntur,
1522 1223 1682 1260 oportere
1702 1217 1901 1260 praelucere
1919 1215 2040 1255 fidem,
2064 1227 2153 1260 qnae
2170 1215 2295 1259 accipit

1313 1267 1554 1299 remissionem
1571 1274 1810 1312 peccatorum,
1837 1273 1868 1299 et
1888 1266 2211 1299 reconciliationem
2237 1277 2297 1298 seu

1314 1317 1582 1360 imputationem
1603 1318 1770 1353 iusticiae.
1823 1315 1938 1350 David
1959 1328 2031 1349 non
2049 1322 2162 1360 potest
2180 1323 2297 1360 petere

1315 1368 1368 1399 vel
1396 1375 1575 1410 expectare
1607 1368 1810 1408 victoriam,
1853 1368 1965 1400 donec
1997 1379 2095 1399 rnens
2124 1366 2299 1400 existimat

1315 1418 1414 1450 irasci
1439 1418 1573 1458 Deum,
1607 1426 1639 1450 et
1663 1419 1798 1462 trepida
1834 1430 1873 1450 ac
1902 1417 2055 1459 fugitans
2086 1429 2159 1449 non
2192 1417 2297 1450 audet

1314 1475 1492 1510 expectare
1510 1469 1689 1501 auxilium.
1736 1468 1881 1501 Necesse
1899 1475 1948 1500 est
1968 1467 2074 1509 igitur
2089 1467 2297 1511 praecedere

1314 1519 1475 1551 fiduciam
1511 1519 1790 1559 misericordiae,
1819 1526 1851 1552 et
1874 1519 2015 1562 quidem
2047 1517 2296 1560 promissiones

1314 1569 1512 1612 corporales
1537 1582 1658 1602 omnes
1684 1577 1825 1612 propter
1845 1568 2074 1612 principalem
2093 1568 2297 1611 promissio-

1315 1631 1393 1651 nem
1414 1620 1456 1651 de
1474 1618 1603 1651 Messia
1627 1627 1659 1652 et
1682 1622 1781 1652 datae
1799 1626 1881 1652 sunt
1898 1625 1931 1652 et
1950 1618 2084 1658 valent,
2112 1618 2194 1661 qnia
2216 1630 2299 1661 pro-

1315 1676 1392 1713 pter
1409 1669 1636 1702 mediatorem
1656 1671 1929 1702 intercedentem
1956 1680 2020 1716 pro
2044 1668 2147 1701 nobis
2170 1670 2299 1701 dantur

1314 1721 1432 1752 omnia
1454 1720 1556 1752 bona.
1610 1719 1661 1753 Ac
1678 1729 1791 1764 patres
1809 1719 2054 1753 universaliter
2069 1730 2192 1752 omnes
2217 1731 2299 1763 pro-

1314 1770 1496 1803 missiones
1514 1772 1555 1803 ad
1577 1771 1723 1812 primam
1745 1771 1841 1803 illam
1860 1777 1893 1804 et
1918 1770 2137 1813 praecipuam
2162 1771 2294 1802 resere-

1317 1822 1414 1854 bant.
1469 1820 1637 1854 Petebant
1658 1829 1690 1855 et
1708 1821 1934 1865 expectabant
1962 1820 2153 1853 necessaria
2179 1819 2298 1853 omnia

1318 1879 1461 1915 propter
1485 1871 1670 1910 Messian),
1713 1878 1856 1915 propter
1882 1883 1984 1915 quem
2010 1878 2040 1903 et
2072 1871 2240 1914 populum
2266 1877 2298 1903 et

1316 1922 1507 1955 Ecclesiam
1526 1921 1591 1955 Dei
1609 1935 1642 1955 se
1659 1934 1730 1954 esse
1750 1923 1915 1955 sciebant.
1970 1919 2019 1953 lta
2042 1920 2077 1952 in
2099 1921 2297 1962 precatione

1317 1972 1503 2006 Dominica
1522 1984 1679 2016 expresse
1700 1973 1881 2015 copulatae
1906 1978 1987 2004 sunt
2013 1971 2197 2015 petitiones
2221 1983 2299 2004 cor-

1317 2024 1489 2067 poralium
1507 2030 1537 2056 et
1553 2023 1787 2067 spiritualium
1814 2022 2076 2056 beneficiorum.
2132 2020 2220 2055 Cum
2240 2033 2300 2065 pe-

1316 2074 1423 2107 timus
1450 2086 1594 2118 panem,
1632 2086 1710 2106 mox
1742 2072 1954 2106 conscientia
1985 2072 2181 2116 obstrepit:
2225 2071 2298 2106 Cur

1318 2125 1424 2169 petis,
1456 2137 1533 2157 cnm
1560 2125 1606 2157 sis
1632 2124 1830 2167 indignus?
1872 2122 2004 2157 Addita
2030 2130 2081 2156 est
2106 2123 2214 2166 igitur
2239 2135 2298 2156 ex-

1318 2187 1432 2219 pressa
1457 2175 1601 2219 petitio:
1642 2174 1796 2209 Remitte
1821 2174 1924 2207 nobis
1949 2174 2065 2207 debita
2091 2180 2208 2206 nostra
2233 2180 2295 2206 etc.

1317 2226 1463 2269 Semper
1487 2226 1593 2269 igitur
1619 2226 1814 2269 praeluceat
1841 2223 1923 2258 haec
1946 2225 2049 2263 fides,
2076 2231 2230 2256 statuens
2253 2224 2297 2255 de

1317 2277 1522 2310 remissione
1541 2283 1779 2320 peccatorum,
1806 2283 1839 2310 et
1863 2276 1898 2308 in
1925 2275 2128 2320 quotidiana
2153 2274 2296 2305 invoca-

1317 2328 1414 2361 tione
1442 2325 1523 2360 baec
1549 2328 1740 2360 necessaria
1767 2326 1925 2360 doctrina
1950 2331 2158 2357 exerceatur.
2213 2323 2298 2356 Vult

1316 2378 1414 2412 Deus
1438 2379 1485 2411 sic
1511 2379 1577 2410 coli
1597 2378 1783 2421 petitione,
1809 2388 1869 2421 spe
1886 2382 1919 2409 et
1939 2375 2174 2419 expectatione
2191 2374 2297 2418 spiri-

1317 2430 1465 2462 tualium
1486 2435 1519 2461 et
1535 2429 1769 2473 corporalium
1793 2429 1986 2464 bonorum,
2015 2433 2044 2458 et
2064 2426 2204 2470 quidem
2223 2425 2299 2458 vult

1316 2480 1351 2511 in
1369 2479 1538 2523 petitione
1555 2479 1789 2523 corporalium
1807 2477 1909 2510 simul
1929 2476 2046 2509 lucere
2064 2477 2165 2508 fidem
2179 2503 2187 2516 ,
2207 2487 2296 2520 quae

1316 2531 1437 2563 statuit
1464 2532 1506 2572 de
1529 2530 1732 2562 remissione
1751 2535 1980 2572 peccatorum.
2034 2527 2085 2560 De
2112 2524 2176 2560 hoc
2200 2527 2297 2559 cnlttt

1316 2581 1518 2626 pugnabant
1540 2578 1734 2623 Prophetae
1752 2590 1829 2611 cum
1849 2576 2051 2623 hypocritis.

1417 2630 1491 2664 Etsi
1508 2637 1621 2663 autem
1640 2629 1809 2661 differunt
1829 2628 1964 2670 negotia
1984 2636 2122 2661 externa
2135 2626 2297 2660 Abrahae

1315 2688 1347 2715 et
1367 2680 1564 2723 Gedmnis,
1583 2679 1727 2714 Davidis
1747 2679 1969 2724 praeliantis,
1998 2686 2029 2712 et
2047 2678 2202 2712 mulieris
2220 2689 2298 2722 par·
