2415 2942
849 458 1002 500 Pfflu.
1042 459 1188 500 MEL.

335 527 821 571 COMMENTARIUS
860 532 924 571 IN
962 531 1147 573 EPls'r.
1185 529 1370 571 PAULI
1411 531 1494 571 AD
1533 531 1909 576 CORINTHIOS.

192 621 278 652 Hunc
303 624 547 653 commentarium
571 623 749 653 Melantbon
774 635 852 654 anuo
879 626 971 656 1551.
1004 626 1125 664 scripsit
1156 632 1183 655 et
1207 626 1287 656 dedit
1313 625 1408 655 Paulo
1432 626 1551 665 Ebero>
1581 627 1728 666 discipulo
1765 639 1818 658 suo
1850 639 1886 658 ac
1916 629 2072 667 collegae,
2106 633 2137 658 ut

112 672 178 692 eum
200 666 340 703 privatim
364 667 550 696 auditoribus
582 666 645 696 suis
678 667 821 703 dictaret,
862 667 967 706 quibus
1001 668 1159 698 succisisis
1195 669 1280 698 boris
1319 668 1432 698 dierum
1469 670 1614 699 festorum
1648 671 1880 708 explicationem
1910 671 2138 710 grammaticam

113 706 308 745 epistularum
334 709 420 739 Pauli
444 710 515 738 clare
539 709 667 740 solebat.
690 726 731 731 —-
776 710 848 739 Post
873 710 984 740 obitum
1009 711 1214 741 Melantbouis
1232 711 1361 742 Eberus
1384 713 1464 742 hunc
1488 713 1735 744 commentarium
1759 714 1868 751 edidit,
1893 724 2017 753 eumque
2039 714 2135 743 wulr-

108 758 209 789 gango
231 751 339 781 Comiti
363 751 500 782 Palatino
525 751 645 781 dicavit.
687 752 801 782 Prodiit
826 752 935 791 igitur:

149 809 280 848 „Breiis
311 815 339 840 et
370 809 451 839 utilis
481 808 721 840 Commentarius
758 811 787 841 iu
818 812 950 851 priorem
981 812 1140 851 epistolam
1177 812 1264 842 Pauli
1295 813 1331 842 ad
1364 812 1557 851 Corinthios,
1587 819 1614 844 et
1640 814 1671 844 in
1702 814 1815 854 aliquot
1848 815 1949 853 capita
1973 816 2133 852 secundae,

189 852 318 890 scriptus
354 862 372 882 a
403 852 541 891 Philippo
571 853 776 885 Melanthoue.
830 854 938 886 Witeb.
972 856 1063 886 1561.

187 894 225 925 Τ.
250 895 298 925 IV.
335 906 364 935 p.
387 894 460 926 210.

1109 856 1124 884 1
1147 854 1236 893 Alph.
1281 856 1312 886 8.
1323 856 1340 869 ’²

1364 872 1406 879 -
1459 856 1588 897 Legitur
1620 857 1652 888 iu
1683 868 1751 897 opp.
1784 857 1930 888 Melanth.
1962 858 2132 898 Witeberg.

103 1070 351 1113 Clarissimo
383 1072 571 1123 Principi
599 1085 647 1112 ac
682 1072 883 1126 Domino,
908 1073 960 1114 D.
986 1071 1269 1129 JVolfiqan‘qo
1303 1073 1451 1115 Comiti
1480 1075 1673 1116 Palatino
1705 1078 1757 1118 ad
1779 1077 1992 1129 Rhenum,
2019 1080 2129 1119 Duci

100 1130 334 1183 Bas-ariae,
366 1129 514 1171 Comiti
533 1129 760 1168 Vale-uuae
787 1134 826 1170 et
844 1131 1039 1181 Bipoutii.

416 1186 758 1240 Kitthingonsis,
788 1186 942 1226 Pastor
961 1187 1183 1228 Ecclesiae
1216 1187 1572 1244 Vitebergensis,

99 1291 190 1346 Diu
209 1310 386 1351 dubitavi,
404 1317 521 1342 utrum
542 1307 635 1341 hunc
652 1309 980 1342 commentariolum
996 1307 1083 1352 Epi-

97 1363 206 1396 stolae
224 1363 265 1394 ad
283 1358 500 1397 Cdrintbios,
529 1372 631 1404 quem
645 1359 875 1393 lieverendus
894 1366 926 1393 ct
945 1360 1081 1392 incom-

122 1412 266 1447 flrabilis
284 1412 422 1444 virtutis
443 1418 473 1443 ct
492 1411 702 1442 eruditionis
722 1411 774 1442 vir
793 1409 969 1443 Dominus
989 1407 1081 1442 1)]ιί-

97 1464 219 1511 lippus
243 1458 487 1501 Blelanllzon,
519 1459 729 1504 Praeceptor
763 1469 881 1494 noster
917 1469 950 1495 et
978 1460 1082 1494 Pater

95 1517 171 1560 piae
207 1514 420 1553 memoriae,
464 1510 551 1544 milii
587 1520 667 1545 aute
703 1524 815 1544 annos
849 1514 967 1544 decem
1003 1520 1080 1556 post

95 1572 288 1608 susceptam
316 1563 411 1596 dorni
445 1575 541 1595 meae
570 1563 836 1606 explicationem
863 1562 1076 1595 Grammati-

95 1629 168 1651 cam
196 1614 433 1659 Epistolarum
459 1612 585 1653 Pauli,
613 1613 792 1645 succisivis
818 1611 913 1645 boris
941 1614 1076 1646 dierum

96 1668 278 1702 Festorurn
298 1666 333 1698 in
351 1663 445 1698 bunc
463 1676 564 1696 usum
584 1664 737 1707 scripsit,
752 1671 789 1696 ut
808 1676 887 1696 eum
915 1665 1076 1706 privatim

97 1718 317 1753 auditoribus
344 1716 428 1748 meis
452 1715 637 1753 dictarem,
665 1716 758 1759 quod
786 1715 867 1753 feci,
897 1715 933 1746 iu
959 1715 1076 1758 publi-

94 1772 172 1804 cum
193 1769 403 1802 emitterem:
432 1778 475 1798 an
503 1778 585 1797 vero
608 1777 748 1809 prorsus
771 1765 1026 1808 supprimerent
1045 1772 1076 1797 et

94 1821 325 1859 occultarem,
353 1830 430 1850 curn
455 1823 487 1849 et
512 1816 636 1849 exilior
658 1816 719 1853 sit,
748 1828 853 1861 quam
879 1816 939 1860 qui
960 1817 1074 1861 requi—

94 1872 254 1906 rentibus
278 1870 429 1914 prolixas
447 1875 479 1900 et
496 1867 762 1900 declamatorias
779 1867 1000 1910 singulorum
1020 1868 1073 1899 di-

93 1930 230 1958 ctorum
254 1920 512 1955 enarrationes,
539 1918 734 1952 satisfacere
760 1926 880 1963 queat,
914 1925 947 1950 et
974 1931 1073 1961 prae—

93 1982 185 2008 terea
205 1974 308 2006 etiam
325 1971 471 2005 mutilus
493 1970 557 2009 sit,
585 1970 641 2003 vix
659 1969 723 2003 tria
742 1971 913 2003 secundae
931 1967 1072 2013 Episto-

93 2025 145 2058 lae
163 2024 273 2067 capita
292 2022 479 2065 explicans.

192 2074 420 2116 Praecipuum
459 2083 541 2105 vero
584 2071 771 2104 dubitandi
809 2083 947 2105 causam
983 2069 1069 2104 mihi

91 2125 253 2172 praebuit
272 2122 376 2156 buius
401 2123 507 2155 seculi
532 2123 754 2166 perversitas,
786 2135 874 2168 quae
893 2135 932 2155 eo
953 2135 1069 2155 nitu-o-

89 2177 199 2211 sitalis
225 2183 257 2208 et
283 2174 480 2219 iniquitatis
513 2173 680 2217 processit
704 2176 868 2214 tandem,
909 2181 946 2207 ut
979 2172 1067 2206 nihil

88 2236 159 2263 tam
179 2227 312 2260 sincere
339 2225 442 2258 scribi
469 2232 527 2257 aut
551 2224 620 2256 dici
643 2225 713 2256 sere
731 2225 797 2257 iam
817 2226 944 2268 possit,
973 2226 1065 2269 quod

90 2292 162 2313 non
199 2279 235 2311 in
272 2277 471 2321 aliquorum
515 2275 704 2308 sciolorum
747 2274 1068 2319 reprehensionem,

88 2341 188 2373 saepe
203 2329 305 2362 etiam
323 2327 654 2360 condemnationem
674 2326 849 2368 incurrat,
877 2339 966 2372 quae
984 2339 1066 2360 sane

88 2381 246 2420 licentia,
281 2380 352 2421 ipsa
378 2378 586 2422 impunitate
610 2377 723 2410 indies
748 2378 838 2411 vires
870 2380 1066 2423 acquirens,

87 2433 156 2465 imo
184 2432 228 2464 ab
253 2430 430 2474 aliquibus
463 2441 534 2462 uon
560 2430 665 2461 modo
698 2442 774 2461 curn
810 2429 980 2473 applausu
1007 2443 1064 2462 ex-

86 2488 201 2526 cepta,
228 2493 348 2514 verum
379 2481 480 2513 etiun
506 2481 663 2512 mercede
691 2489 722 2512 et
751 2481 910 2522 praemiis
936 2482 1063 2513 s-li--ubi

84 2534 305 2571 confirmata,
333 2543 495 2574 unz-gnum
523 2529 636 2563 adbuc
662 2532 792 2563 malum
820 2533 916 2564 dabit
941 2531 1046 2565 limi.-

83 2584 173 2625 siae,
197 2584 223 2616 si
249 2595 318 2615 nou
345 2583 411 2615 iam
437 2590 516 2615 ante
534 2582 792 2619 tristissimum,
821 2591 850 2615 et
877 2595 984 2626 prope
1001 2600 1060 2614 ιιι»-

82 2636 165 2669 dum
200 2633 393 2667 insanabile
425 2633 553 2666 vulnus
586 2634 697 2666 eidem
732 2634 869 2669 inlbxit.
944 2633 1060 2668 Bono.

1100 1132 1277 1169 nomino
1306 1144 1384 1171 suo
1409 1133 1750 1174 clementissimo:
1782 1135 1942 1176 Paulus
1961 1137 2129 1177 Eberus

1631 1191 1678 1233 S.
1706 1192 1758 1234 D.

1136 1317 1243 1350 certe,
1272 1318 1304 1344 et
1321 1323 1339 1343 a
1360 1311 1499 1345 rixandi
1516 1315 1633 1347 studio
1651 1316 1785 1350 alienos
1802 1319 1926 1351 merito
1943 1320 2125 1362 absterret,

1136 1373 1177 1393 ue
1198 1362 1282 1406 quid
1316 1373 1458 1395 suarum
1485 1364 1772 1400 lucubrationum
1798 1381 1876 1401 cum
1907 1377 2003 1403 tanto
2030 1372 2124 1413 peri-

1134 1412 1213 1444 culo
1235 1413 1376 1456 publice
1397 1416 1676 1455 communicent,
1712 1431 1800 1461 quae
1821 1427 1935 1453 tamen
1955 1422 2032 1464 plus
2049 1423 2122 1455 sor-

1133 1463 1232 1495 tassis
1258 1470 1291 1496 et
1320 1464 1502 1497 doctrinae
1540 1475 1573 1500 et
1604 1469 1856 1503 consolationis
1885 1473 2120 1512 continerent,

1131 1525 1235 1558 quam
1256 1514 1319 1546 ista
1337 1516 1505 1557 pugnacia
1524 1524 1556 1550 et
1574 1520 1752 1552 mordacia
1780 1524 2006 1564 quorundam
2032 1525 2119 1557 scri-

1131 1572 1207 1606 pta,
1235 1577 1322 1609 quae
1344 1565 1380 1596 iu
1409 1566 1497 1599 alios
1521 1575 1656 1600 tantum
1680 1571 1849 1613 impetum
1875 1570 2117 1608 vehementem

1130 1614 1278 1654 faciunt,
1314 1622 1346 1647 et
1370 1616 1502 1649 alienas
1526 1620 1716 1652 sententias
1743 1622 1839 1654 omni
1866 1631 1993 1657 conatu
2017 1637 2117 1659 ever—

1128 1672 1198 1698 tere
1223 1666 1407 1699 nituntur:
1442 1669 1485 1699 de
1511 1670 1601 1702 veris
1624 1678 1739 1704 autem
1766 1671 2044 1717 Fundfflnezuis,
2080 1684 2114 1711 et

1128 1716 1211 1759 quid
1240 1718 1282 1748 de
1310 1729 1345 1749 re
1369 1717 1503 1761 integra
1531 1721 1677 1754 firmiter
1703 1723 1927 1758 sentiendum
1953 1727 2016 1764 sit,
2052 1735 2114 1762 aut

1129 1764 1217 1799 nibil
1239 1775 1298 1800 aut
1318 1780 1439 1808 parum
1462 1771 1609 1811 docent,
1637 1785 1676 1804 ex
1700 1775 1829 1817 quibus
1856 1776 1883 1808 si
1902 1777 2061 1810 convicia
2081 1786 2115 1813 et

1126 1818 1192 1850 alia
1214 1830 1253 1850 ex
1270 1820 1505 1852 acerbissimis
1529 1822 1732 1864 invectivis,
1760 1826 1811 1857 vel
1829 1838 2030 1861 scurrarum
2050 1842 2113 1873 po-

1125 1869 1192 1901 tius
1219 1869 1359 1902 circulis
1386 1872 1550 1905 accersita
1577 1873 1753 1916 pigmenta
1775 1877 1977 1918 sustuleris,
2011 1881 2108 1915 nuda

1125 1931 1160 1952 ea
1179 1926 1211 1952 et
1228 1920 1345 1953 inania
1369 1933 1510 1964 prorsus
1528 1922 1780 1968 deprehendes.

1224 1969 1318 2004 Ilaec
1342 1984 1397 2004 me
1421 1973 1630 2016 solicitudo,
1659 1983 1691 2009 et
1716 1986 1828 2011 metus
1845 1979 1967 2013 talium
1990 1993 2109 2026 repre-

1124 2019 1334 2054 hensionum
1363 2021 1530 2058 hactenus
1555 2028 1832 2062 cunctantiorern
1858 2030 1939 2065 fecit
1963 2033 2005 2064 ad
2031 2034 2107 2066 edi-

1123 2073 1253 2105 tionem
1279 2071 1383 2106 huius
1406 2075 1504 2107 utilis
1529 2077 1665 2120 scripti,
1702 2092 1805 2124 quem
1831 2087 1946 2115 tamen
1965 2084 2107 2118 tandem

1123 2124 1203 2157 vicit
1221 2132 1251 2157 et
1273 2126 1420 2158 excussit
1447 2125 1534 2160 mibi
1560 2128 1698 2162 assidua
1725 2130 1893 2172 flagitatio
1912 2133 2105 2168 multorum

1122 2175 1257 2217 piorum
1277 2183 1308 2209 et
1329 2176 1548 2210 eruditorum
1574 2177 1778 2221 bominum,
1806 2182 1866 2226 qui
1890 2180 1985 2217 hunc
2008 2196 2105 2218 com—

1121 2228 1330 2260 mentarium
1358 2228 1594 2270 perlegerant,
1623 2231 1885 2274 obiurgantium
1906 2247 1978 2273 me,
2007 2237 2104 2279 quod

1117 2278 1233 2310 studio
1273 2278 1408 2311 vitandi
1438 2279 1641 2324 iniquorum
1676 2282 1824 2315 iniustas
1852 2290 1885 2316 et
1910 2286 2104 2321 malitiosas

1117 2329 1368 2369 cavillationes,
1386 2342 1472 2374 quas
1489 2344 1602 2376 neque
1619 2332 1769 2375 effugere
1786 2334 1970 2379 quisquam
1989 2350 2102 2382 quan-

1116 2380 1244 2413 tumvis
1262 2386 1383 2413 cautus
1401 2393 1555 2426 uuquam
1574 2383 1758 2426 potuisset,
1788 2397 1902 2429 neque
1925 2387 1992 2420 sibi
2016 2400 2102 2422 cou-

1115 2430 1205 2463 srius
1239 2432 1323 2464 recti
1351 2444 1472 2464 curare
1500 2434 1665 2474 deberet,
1703 2447 1880 2477 pergerem
1906 2437 2045 2480 pietatis
2067 2447 2101 2474 et

1117 2482 1270 2514 veritatis
1301 2490 1458 2515 amantes
1490 2484 1584 2515 viros
1615 2485 1779 2518 fraudare
1810 2487 1960 2522 lectione
1992 2487 2099 2523 huius

1113 2534 1134 2565 d
1154 2545 1173 2564 ιι
1201 2532 1341 2577 expetiti
1373 2542 1403 2566 et
1427 2535 1596 2576 expectati
1622 2534 1876 2570 Comruentarii
1897 2565 1905 2579 ‚
1946 2540 2006 2584 qui
2034 2542 2097 2574 etsi

1115 2585 1229 2616 brevis
1254 2592 1360 2622 esset,
1391 2595 1504 2617 tari-eu
1531 2597 1582 2617 res
1606 2587 1811 2630 praecipuas
1837 2589 1882 2622 ita
1913 2591 2097 2633 perspicue

1113 2635 1315 2679 explicaret,
1345 2643 1381 2669 ut
1399 2636 1490 2669 inter
1504 2636 1655 2670 aliorum
1674 2639 1892 2673 eruditorum
1911 2638 2097 2675 hominum
