2415 2942
293 97 389 133 1047

293 181 526 217 Ecclesiarum
543 175 743 210 Fridericus
759 172 968 218 Myconius,
1002 179 1039 208 ,et
1058 170 1173 205 Iustus
1190 168 1270 203 Me-

297 235 377 266 nius
400 238 431 264 et
457 241 518 271 ego
540 227 780 261 recitassemus
805 225 841 257 in
861 224 973 258 literis
989 222 1126 267 scriptis
1147 222 1191 255 ad
1208 233 1272 265 op-

298 285 421 316 timum
439 279 637 322 Principem
654 276 786 310 Ducem
810 274 982 309 saxoniae
998 272 1198 307 Electorem
1218 271 1274 305 lo-

300 333 471 369 hanuem,
505 331 539 362 iu
562 329 690 373 quibus
713 327 915 370 petebamus
933 337 1067 358 annuas
1091 323 1276 368 pensiones

300 383 491 416 mediocres
508 392 545 413 ex
565 379 664 412 certis
682 377 819 416 fundis,
846 387 933 421 quos
958 376 1276 412 nominaveramuS,

301 433 445 467 attribui
467 430 646 469 Ecclesiis,
675 430 719 462 ita
738 428 927 460 delectatus
944 434 993 460 est
1009 427 1162 470 optimus
1173 424 1278 457 Prin-

301 495 380 527 ceps
398 481 460 515 hac
477 481 668 519 sententia,
694 486 730 512 ut
748 478 862 511 statim
877 478 1010 511 Esaiam
1031 478 1102 520 ipse
1119 477 1279 518 inspexe-

303 535 364 574 rit,
404 540 435 566 et
467 533 555 565 lecto
581 538 654 565 toto
683 530 793 573 capite
825 529 934 561 laetus
965 527 1203 571 responderit,
1248 537 1282 558 se

304 596 440 627 semper
458 581 562 616 huius
581 581 772 614 sententiae
798 591 987 611 memorem
1011 580 1105 618 fore,
1132 583 1165 610 et
1190 576 1283 609 redi-

304 643 359 669 tus
380 635 459 667 illos
475 632 661 675 Ecclesiis‚
692 632 734 663 de
753 630 881 674 quibus
900 630 1168 672 scripseramus,
1196 627 1283 659 libe-

304 686 424 719 raliter
439 683 643 721 donaverit,
671 689 703 715 et
724 681 862 713 iusserit
887 681 1115 713 donationem
1135 677 1287 722 publicis

305 737 414 770 literis
438 746 516 768 mox
538 732 751 767 confirmari.

651 870 786 923 Caput
821 869 942 909 XVI.

409 981 449 1015 ln
466 987 642 1026 postremo
660 979 771 1023 capite
787 977 981 1020 adscriptae
999 984 1079 1010 sunt
1107 978 1290 1011 salutatio-

309 1046 390 1074 nes,
427 1039 460 1065 et
485 1032 611 1064 deinde
634 1029 851 1069 admonitio,
894 1039 938 1060 ne
972 1028 1188 1072 recipiantur
1214 1029 1291 1071 opi-

309 1086 433 1118 niones
460 1087 654 1126 pugnantes
672 1092 750 1113 cum
773 1077 836 1111 hac
862 1090 984 1111 norma
1003 1091 1107 1123 quam
1134 1080 1291 1118 tradidit,

309 1137 397 1170 sicut
411 1134 495 1167 alibi
516 1131 645 1177 inquit:
674 1130 712 1164 Si
730 1130 808 1175 quis
825 1130 919 1162 aliud
932 1127 1162 1172 Evangelium
1181 1131 1291 1170 docet,

309 1183 493 1220 anathema
522 1183 576 1217 sit.

411 1235 464 1268 De
482 1231 770 1271 salutationibus,
790 1230 852 1263 etsi
869 1241 940 1262 non
959 1229 1068 1262 multa
1087 1229 1198 1262 dicam
1211 1257 1219 1270 ,
1240 1236 1291 1263 ta-

310 1299 392 1320 men
416 1283 482 1318 hoc
505 1295 649 1317 monere
665 1282 776 1315 visum
796 1288 856 1313 est.
909 1279 1003 1312 Ilaec
1020 1280 1122 1321 longa
1144 1292 1291 1313 nomen-

312 1339 445 1372 clatura
474 1334 654 1373 ostendit,
701 1332 813 1376 qualis
840 1332 945 1363 fuerit
982 1329 1148 1362 Ecclesia.
1214 1329 1290 1363 Etsi

313 1389 406 1422 enim
430 1384 487 1418 hic
511 1396 583 1417 non
609 1383 755 1426 legimus
773 1382 963 1415 multorum
984 1380 1119 1423 Regum
1139 1387 1170 1413 et
1187 1380 1290 1413 Prin-

314 1439 431 1482 cipum
459 1436 622 1472 nomina,
651 1440 765 1466 tamen
785 1434 927 1475 adparet
945 1431 1050 1463 fuisse
1068 1438 1202 1464 coetum
1228 1430 1291 1463 ho-

314 1496 492 1522 nestorum
514 1484 719 1522 hominum,
754 1489 786 1515 et
804 1483 930 1514 multas
949 1479 1110 1514 honestas
1131 1482 1292 1516 familias.

313 1539 411 1573 Talis
427 1544 476 1570 est
486 1535 639 1569 Ecclesia
659 1545 774 1576 sparsa
794 1533 828 1564 in
847 1533 1001 1564 diversas
1021 1533 1190 1574 regiones,
1209 1544 1292 1564 con-

315 1589 468 1624 sentiens
492 1588 534 1619 de
557 1584 770 1626 Evangelio,
804 1590 894 1615 recte
918 1594 1107 1624 agnoscens
1136 1590 1166 1616 et
1189 1583 1292 1615 invo-

314 1651 395 1675 cans
425 1637 539 1672 Deum
575 1643 608 1669 et
639 1634 833 1668 Dominum
864 1640 1022 1666 nostrum
1049 1632 1163 1665 lesum
1188 1631 1292 1666 Chri-

316 1698 428 1728 stum,
470 1686 605 1721 etiamsi
634 1697 698 1718 nec
729 1683 833 1718 habet
864 1684 1009 1727 imperia
1044 1684 1187 1722 mundi,
1230 1696 1293 1717 nec

317 1741 517 1775 continetur
531 1737 637 1771 unius
655 1737 750 1779 regni
773 1735 963 1774 militibus,
993 1741 1030 1767 ut
1049 1741 1132 1767 tunc
1151 1735 1293 1777 collige-

315 1793 421 1826 batur
445 1788 617 1826 Ecclesia,
643 1799 716 1820 non
741 1793 876 1819 tantum
901 1786 936 1817 in
953 1784 1118 1818 Romano
1135 1785 1294 1829 imperio,

318 1843 376 1876 sed
394 1841 497 1874 etiam
514 1839 551 1871 in
568 1849 675 1881 regno
692 1835 902 1870 Parthorum
925 1842 957 1868 et
980 1836 1075 1868 alibi.
1130 1834 1193 1868 Est
1217 1848 1293 1869 om-

317 1893 405 1927 nino
430 1896 562 1924 moesta
587 1888 717 1933 species
739 1886 915 1920 Ecclesiae
943 1887 979 1918 in
1005 1884 1066 1919 hac
1082 1887 1170 1924 vita,
1199 1887 1294 1931 quod

317 1955 391 1977 non
411 1941 612 1976 continetur
627 1939 731 1972 unico
749 1946 780 1971 et
799 1939 918 1970 eodem
945 1937 1114 1980 imperio,
1143 1949 1205 1970 nec
1231 1935 1296 1970 ha-

317 1995 378 2028 bet
403 1999 495 2026 certa
520 1990 691 2035 praesidia
716 1989 876 2032 politica,
903 1988 960 2020 sed
981 1994 1030 2021 est
1057 1988 1151 2021 velut
1172 1999 1294 2031 agmen

320 2043 565 2078 scholasticum
597 2052 753 2085 sparsum
787 2040 822 2072 in
857 2040 1010 2071 diversas
1039 2039 1198 2081 regiones
1222 2039 1296 2071 sine

321 2094 499 2140 potentia,
534 2092 611 2125 sine
642 2091 789 2135 opibus,
827 2090 902 2122 sine
932 2089 1058 2129 armis,
1099 2089 1174 2122 sine
1207 2101 1297 2133 rege,

321 2146 473 2190 denique
499 2150 538 2177 ut
554 2143 711 2181 videtur,
737 2141 810 2174 sine
833 2141 968 2173 ordine.
1021 2138 1115 2172 Haec
1130 2141 1297 2173 deformi-

322 2203 375 2231 tas
395 2195 524 2229 alienat
547 2193 684 2226 animos
703 2203 822 2235 regum
849 2198 881 2224 et
898 2197 1099 2234 potentum,
1132 2192 1191 2224 sed
1211 2192 1298 2224 scia-

324 2258 400 2281 mus
418 2246 454 2279 in
469 2243 534 2278 hac
551 2244 621 2277 vita
637 2243 740 2277 talem
757 2249 892 2275 coetum
911 2253 980 2274 esse
996 2239 1200 2276 Ecclesiam.
1252 2240 1299 2275 Et

324 2304 441 2332 tamen
465 2296 596 2330 interea
621 2293 960 2336 circumspiciamus,
989 2293 1108 2336 quales
1134 2293 1203 2325 sint
1233 2291 1297 2326 ho-

324 2347 455 2390 mines,
478 2346 599 2391 quales
613 2344 782 2386 familiae,
808 2355 896 2388 quae
917 2343 1156 2376 testimonium
1176 2344 1299 2377 dicunt

324 2398 368 2432 de
391 2397 562 2431 doctrina.
620 2394 700 2429 Non
724 2402 771 2428 est
794 2394 884 2427 enim
908 2392 1100 2438 Cyclopum
1128 2401 1187 2427 aut
1207 2395 1298 2428 Cen-

324 2454 505 2482 taurorum
531 2447 720 2486 exercitus,
749 2446 806 2478 sed
826 2445 952 2489 aliquis
970 2446 1057 2476 ordo
1072 2451 1140 2483 est,
1168 2453 1200 2479 et
1218 2452 1298 2478 sunt

326 2497 442 2532 studia
464 2498 644 2530 doetrinae
677 2503 710 2530 et
736 2496 890 2539 exempla
915 2495 1097 2528 virtutum.
1149 2493 1196 2529 Et
1218 2504 1298 2529 sunt

327 2549 466 2595 aliquae
481 2545 646 2581 honestae
662 2547 828 2587 familiae,
845 2553 876 2579 et
893 2554 984 2579 recte
1000 2546 1212 2578 sententium
1234 2547 1297 2578 ali-

327 2613 393 2646 qua
413 2597 615 2633 coniunctio
640 2603 706 2635 est,
735 2605 772 2630 nt
796 2598 956 2641 quamvis
981 2597 1016 2628 in
1039 2595 1163 2629 Iudaea
1182 2598 1295 2629 diver-

325 2663 381 2685 sae
396 2658 506 2685 sectae
530 2654 644 2689 erant,
671 2660 759 2693 quae
776 2649 868 2681 inter
889 2660 923 2681 se
940 2647 1174 2687 dimicabant,
1204 2646 1295 2681 Pba-
1319 2680 1324 2697 ι
1347 2649 1451 2682 Tales
1469 2649 1680 2691 imposturae
1696 2648 1825 2681 multae
1842 2647 2008 2690 leguntur
2024 2648 2060 2680 in
2078 2645 2323 2685 Mahometicis
2341 2655 2345 2662 '

874 86 1001 123 PlllL.
1027 85 1144 121 MEL.
1173 83 1382 120 SCRIPTA
1406 79 1706 118 EXEGETICA.

2210 83 2309 120 1048

1324 169 1428 204 risaei
1458 175 1491 202 et
1514 167 1726 201 Zadducaei.
1794 165 1840 200 Et
1870 178 1929 201 rex
1954 166 2118 202 Herodes
2142 175 2175 202 ct
2199 169 2314 203 aulica

1327 221 1430 254 turba
1448 226 1548 253 erant
1565 215 1671 252 Athei
1685 244 1694 259 ,
1720 225 1837 251 tamen
1854 225 1956 251 erant
1970 217 2147 253 Ecclesiae
2173 216 2238 253 hae
2260 221 2312 253 fa-

1329 272 1465 311 miliae,
1500 266 1693 302 Zachariae
1724 268 1922 310 Simeonis,
1955 267 2102 313 loseph,
2129 269 2314 310 Zebedaei,

1328 329 1359 355 et
1386 322 1518 355 multae
1541 320 1639 354 aliae.
1706 318 1749 353 Et
1774 317 1839 352 hae
1865 320 1907 352 de
1932 320 2093 352 doctrina
2119 322 2314 356 consentie-

1329 375 1437 410 bant,
1470 379 1503 405 et
1528 372 1647 404 eadem
1673 381 1756 403 voce
1783 369 1897 403 Deum
1921 370 2134 403 invocabant
2161 378 2194 404 et
2227 373 2316 405 ccle-

1330 424 1500 463 brabant,
1530 428 1561 455 et
1582 420 1869 454 coniunctionem
1888 432 1986 453 suam
2008 422 2220 462 tuebantur,
2243 434 2317 457 non

1331 474 1545 507 dimicabant
1563 472 1656 504 inter
1673 481 1744 505 sese
1761 479 1800 505 ut
1811 470 1979 505 Cadmaei
1994 471 2128 513 fratres,
2152 478 2212 506 aut
2227 471 2319 506 Cen-

1334 525 1426 559 tauri
1448 531 1479 557 et
1498 520 1679 566 Lapithae.

1436 573 1526 608 Cum
1552 573 1658 616 igitur
1680 571 1782 605 Pauli
1808 571 2035 605 salutationes
2058 571 2225 614 legimus,
2251 571 2322 607 Ec-

1336 625 1475 659 clesiam
1495 624 1591 669 pingi
1612 623 1712 656 nobis
1729 623 1980 660 existimemus,
2005 622 2153 655 sciamus
2167 623 2320 669 aliquem

1338 675 1522 709 honestum
1547 681 1683 707 coetum
1711 673 1903 714 visibilem,
1931 681 1963 707 et
1984 670 2147 706 honestas
2172 674 2322 708 familias

1339 727 1467 760 multas
1485 725 1610 765 fuisse,
1639 724 1724 757 etin
1745 724 1792 758 eis
1809 724 1988 757 doctrinae
2009 723 2120 756 lucem
2138 724 2262 765 fuisse,
2290 732 2323 759 et

1340 789 1456 810 veram
1476 775 1539 809 Dei
1564 775 1842 816 invocationem,
1869 781 1902 807 et
1926 780 2084 807 mutuam
2108 774 2321 808 benevolen-

1340 828 1424 861 tiam
1456 833 1487 859 ct
1522 826 1677 858 studium
1709 827 1859 859 tuendae
1890 825 2160 860 coniunctionis.
2240 825 2324 861 Vult

1341 879 1433 911 enim
1451 876 1545 910 Deus
1563 888 1622 919 per
1639 876 1740 908 tidem
1757 885 1789 910 et
1806 883 1954 909 caeteras
1971 876 2116 908 virtutes
2132 875 2323 910 Ecclesiam

1342 930 1495 971 fulgere,
1526 938 1598 959 non
1627 926 1701 959 vult
1725 927 1884 960 doctores
1910 926 2101 959 ambitione
2127 927 2324 961 cavillatio-

1342 991 1403 1012 nes
1435 990 1507 1011 non
1542 977 1767 1018 necessarias,
1805 983 1865 1010 ant
1898 974 2109 1020 sophismata
2141 987 2253 1010 serere
2280 980 2324 1011 ad

1343 1030 1557 1064 turbandum
1576 1028 1673 1071 pium
1700 1039 1928 1066 consensum,
1956 1027 2015 1060 sed
2041 1027 2115 1060 vult
2139 1029 2325 1061 candorem

1345 1082 1381 1113 in
1402 1079 1591 1114 iudicando
1612 1077 1787 1114 adhiberi.
1840 1077 1920 1111 Non
1937 1077 2012 1110 vult
2028 1084 2170 1122 propter
2192 1079 2326 1121 privata

1344 1132 1423 1164 odia
1449 1127 1595 1164 distrahi
1620 1130 1790 1174 populum
1819 1129 1855 1161 in
1879 1128 2032 1161 diversas
2056 1128 2241 1170 factiones,
2266 1132 2326 1163 sed

1342 1183 1419 1215 vult
1442 1192 1506 1213 nos
1531 1180 1615 1212 dicti
1643 1178 1748 1213 huius
1766 1190 1936 1212 memores
1954 1190 2042 1212 esse:
2071 1179 2165 1213 Deus
2183 1180 2325 1215 dilectio

1343 1239 1411 1272 est,
1439 1230 1508 1273 Qui
1536 1237 1653 1262 manet
1678 1231 1715 1262 in
1741 1230 1948 1269 dilectione,
1976 1230 2012 1261 in
2035 1228 2109 1262 Deo
2136 1237 2265 1270 manet,
2294 1239 2326 1265 et

1343 1282 1439 1316 Deus
1459 1282 1494 1313 in
1512 1293 1564 1314 eo.
1608 1279 1663 1314 Ad
1682 1278 1749 1313 hoe
1766 1280 1919 1313 studium
1940 1280 2089 1312 tuendae
2105 1280 2325 1315 coniunctio·

1344 1334 1397 1365 nis
1415 1332 1593 1376 pertinent
1608 1329 1694 1364 haec
1716 1330 1873 1374 exempla
1896 1329 2168 1371 salutationum,
2195 1332 2237 1364 de
2256 1345 2326 1377 quo

1343 1384 1453 1416 multa
1479 1382 1629 1424 cogitare
1653 1383 1763 1414 bonas
1789 1387 1921 1413 mentes
1948 1386 1980 1413 et
2010 1388 2152 1424 propter
2177 1382 2324 1424 gloriam

1342 1432 1428 1472 Dei,
1456 1439 1487 1465 et
1506 1439 1647 1476 propter
1664 1430 1839 1465 Ecclesiae
1857 1430 2041 1464 utilitatem
2059 1443 2196 1465 necesse
2212 1440 2273 1469 est.

1484 1514 1555 1549 Per
1570 1513 1780 1549 blandilias
1797 1519 1826 1548 el
1846 1511 2108 1548 benedictiones
2126 1519 2186 1553 etc.

1446 1583 1548 1617 Iubet
1565 1595 1703 1626 cavere,
1729 1595 1772 1616 ne
1792 1582 1928 1626 decepti
1952 1583 2123 1626 recipiant
2146 1593 2327 1630 corrupte-

1343 1636 1392 1668 las
1418 1647 1519 1668 verae
1548 1634 1741 1669 doctrinae.
1795 1632 1877 1666 Duo
1903 1640 2017 1666 autem
2042 1634 2186 1668 artificia
2210 1638 2327 1670 nomi-

1344 1693 1429 1724 nat,
1472 1685 1599 1730 quibus
1631 1682 1833 1730 hypocritae
1860 1685 2004 1726 capiunt
2036 1681 2220 1719 hominum
2252 1688 2328 1721 ani—

1344 1749 1418 1770 mos
1434 1761 1444 1777 ‚
1484 1733 1751 1782 χρησῖολογίας
1798 1742 1831 1768 et
1865 1731 2044 1782 εὐλογίας.
2121 1735 2328 1779 Significant

1344 1795 1460 1821 autem
1483 1784 1746 1833 χρηστολογίαι
1772 1786 1921 1819 blandos
1947 1797 2124 1819 sermones
2141 1787 2177 1820 in
2193 1799 2330 1831 genere,

1345 1846 1377 1873 et
1401 1838 1594 1871 blanditiae
1619 1838 1706 1870 aliae
1721 1843 1802 1870 sunt
1820 1837 1857 1868 in
1875 1836 2048 1876 moribus,
2075 1837 2164 1871 aliae
2183 1839 2220 1871 in
2242 1840 2328 1884 ipsis

1344 1889 1582 1932 dogmatibus,
1610 1900 1698 1932 quae
1721 1888 1885 1921 alludunt
1902 1888 1944 1920 ad
1967 1887 2095 1920 iudicia
2119 1895 2151 1922 et
2172 1890 2327 1925 adfectus

1346 1952 1489 1980 eorum,
1515 1951 1664 1983 quornm
1690 1939 1834 1971 societas
1860 1937 2050 1982 quaeritur.
2106 1937 2145 1971 In
2170 1940 2329 1975 moribus

1325 2008 1328 2011 -
1346 1991 1523 2023 simulatio
1543 1988 1750 2023 humilitatis
1770 1995 1803 2021 et
1824 1988 2011 2031 patientiae
2030 1996 2125 2031 grata
2141 1997 2190 2023 est
2206 1988 2327 2024 homi-

1346 2042 1470 2081 nibus,
1514 2040 1595 2084 quia
1628 2052 1705 2072 cum
1731 2039 1840 2072 simus
1865 2045 1989 2072 natura
2016 2041 2177 2083 superbi,
2219 2043 2328 2086 magis

1347 2103 1503 2124 amamus
1525 2103 1600 2130 eos,
1627 2091 1686 2135 qui
1705 2091 1871 2123 videntur
1887 2101 1959 2122 sese
1977 2089 2067 2123 infra
2087 2103 2150 2124 nos
2165 2092 2326 2130 abiicere.

1351 2142 1527 2176 Usitatum
1547 2147 1594 2174 est
1612 2141 1714 2174 etiam
1733 2152 1859 2184 augere
1873 2141 2142 2174 admirationem
2159 2142 2328 2178 iactandis

1350 2192 1535 2237 colloquiis
1553 2204 1631 2225 cum
1649 2190 1741 2233 Deo,
1767 2203 1826 2224 seu
1844 2189 2111 2233 enthusiasmis,
2137 2203 2196 2225 seu
2218 2194 2330 2228 simu—

1349 2245 1453 2276 landa
1478 2243 1617 2282 ecstasi,
1653 2254 1715 2275 seu
1735 2242 1896 2275 videndis
1919 2243 2074 2286 spectris.
2125 2241 2220 2276 Haec
2243 2246 2328 2279 arti-

1350 2295 1424 2327 ficia
1450 2300 1481 2326 et
1499 2294 1583 2325 otiu·
1603 2300 1731 2326 norant
1756 2291 1938 2333 monachi,
1965 2298 1996 2325 et
2023 2304 2116 2325 nune
2138 2294 2238 2327 multi
2261 2296 2328 2328 im-

1350 2351 1506 2388 postores
1531 2345 1794 2377 circumferunt.
1868 2343 1909 2376 ln
1943 2343 2029 2386 urbe
2055 2342 2327 2380 Monasteriensi

1348 2397 1413 2429 suit
1431 2396 1571 2439 qnidam
1587 2395 1741 2434 Nelmlo,
1770 2394 1828 2439 qni
1848 2405 1947 2437 saepe
1970 2393 2006 2425 in
2028 2394 2178 2437 publicis
2200 2397 2266 2429 viis
2294 2405 2327 2431 et

1351 2446 1532 2479 homiuum
1563 2446 1757 2490 frequentia
1785 2445 1899 2478 subito
1934 2444 2050 2487 lapsus
2084 2452 2158 2485 est,
2195 2454 2228 2480 et
2260 2448 2324 2482 ali-

1349 2498 1505 2541 quandiu
1525 2497 1640 2528 iacens
1655 2497 1774 2528 oculos
1791 2496 1827 2528 in
1845 2494 1979 2527 coelum
1998 2496 2150 2534 sustulit,
2172 2504 2203 2530 et
2218 2498 2326 2532 miros

1349 2555 1462 2588 gestus
1485 2548 1617 2580 edidit:
1655 2555 1771 2590 postea
1797 2545 1943 2588 protulit
1975 2554 2064 2578 certa
2095 2548 2256 2581 mandata
2281 2551 2324 2582 ad

1350 2599 1539 2641 populum,
1569 2599 1664 2641 quasi
1690 2597 1829 2630 oracula
1853 2595 1979 2628 tradita
1998 2596 2033 2629 in
2053 2597 2230 2642 colloquio
2247 2597 2325 2633 Dei.

2388 118 2389 122 ¹
2405 108 2407 134 l
