2415 2942
281 116 347 151 171

280 199 506 237 accusabant,
541 196 598 229 sed
621 191 818 227 mirabilius
847 197 914 227 cst,
956 189 1051 233 quod
1075 187 1200 220 sedens
1226 185 1264 219 in

283 251 434 294 templo,
461 255 492 281 et
511 246 684 279 inclinans
704 253 774 275 sese
795 241 904 283 digito
926 239 1048 272 scribit
1071 239 1265 275 interram,

285 308 318 334 et
348 301 383 333 iu
416 297 481 331 hoc
513 302 609 339 gestu
639 298 835 337 perseverat
869 290 1057 333 tantisper,
1098 289 1181 321 dum
1213 287 1265 320 illi

285 360 406 384 omnes
423 346 651 390 egrediuntur
677 355 694 375 e
721 341 869 385 templo,
904 342 1045 373 tandem
1071 339 1113 371 ad
1142 338 1267 371 mulie-

284 412 357 433 rem
380 407 588 433 conversus,
629 400 730 436 negat
759 404 794 426 se
818 403 889 424 esse
922 391 1072 423 iudicem
1096 389 1155 434 qui
1183 400 1268 421 con-

285 452 444 487 demnet,
473 448 530 481 scd
549 445 695 478 dimittit
711 455 808 481 eam,
836 442 956 475 addita
981 452 1064 474 voce
1087 440 1268 473 condona-

284 499 410 538 tionis,
438 509 497 530 seu
513 494 729 530 remissionis
748 493 888 538 peccati.

388 549 427 582 ln
448 548 513 581 hac
529 553 600 581 tota
618 543 762 578 historia
782 543 989 592 praecipuus
1006 541 1103 574 locus
1120 547 1180 578 est,
1208 539 1267 584 qui

287 601 387 634 docet
400 601 442 632 de
457 597 660 632 discrimine
673 594 964 631 ministeriorum,
984 591 1145 624 videlicet
1163 590 1270 622 mini-

287 650 384 684 sterii
397 650 491 693 legis,
519 648 611 693 quod
633 646 742 679 sancit
760 644 980 688 disciplinam
999 649 1032 675 et
1048 653 1177 685 poenas
1193 652 1269 673 cor-

288 701 441 746 porales,
469 706 502 733 et
519 696 726 737 ministerii,
759 697 854 741 quod
879 701 927 726 est
952 692 1133 736 proprium
1151 690 1270 724 Evan-

289 752 392 795 gelii,
427 751 485 783 scd
511 750 553 782 de
578 746 644 781 hoc
668 746 869 779 discrimine
900 744 1005 787 paulo
1038 748 1114 786 post
1147 741 1272 780 dicam,

287 802 386 847 prius
403 801 494 833 enim
518 797 585 832 hoc
609 797 867 835 consideretur,
900 795 993 838 qnod
1020 790 1182 825 Christus
1206 789 1273 823 hoc

289 852 447 898 exemplo
469 851 585 889 docet,
612 860 683 881 non
708 858 779 879 esse
804 857 904 878 suum
928 853 1055 875 munus
1079 842 1169 874 serre
1192 852 1272 874 sen-

291 903 419 938 tentias
435 903 477 934 de
497 899 619 944 poenis
635 898 863 937 delictorum,
890 905 985 926 more
1012 892 1146 936 politici
1164 891 1273 933 magi-

290 959 433 991 stratus,
462 963 525 983 nec
541 949 615 982 vult
631 958 707 987 eos,
741 946 799 991 qui
827 951 908 977 sunt
931 944 967 975 in
991 942 1185 975 ministerio
1210 943 1273 974 do-

291 1003 393 1037 cendi
422 999 606 1042 Evangelii
630 1009 767 1030 sumere
797 995 864 1028 sibi
897 999 1101 1038 potestatem
1132 1004 1192 1024 seu
1221 992 1275 1024 ius

291 1052 523 1096 cognoscendi
557 1049 709 1082 actiones
734 1046 916 1091 capitales,
951 1050 1010 1077 aut
1033 1043 1098 1075 alia
1123 1041 1274 1074 forensia

292 1116 352 1137 seu
374 1101 551 1136 iudicialia
578 1098 735 1142 negotia,
777 1108 865 1141 quae
887 1095 1075 1139 ¹pertinent
1101 1094 1143 1125 ad
1170 1092 1276 1124 inris-

293 1154 483 1188 dictionem
500 1151 697 1195 politicam,
724 1148 800 1181 vult
815 1146 909 1179 enim
930 1157 1001 1178 esse
1025 1143 1191 1177 distincta
1209 1142 1275 1174 mi-

294 1204 461 1242 nisteria,
494 1213 538 1234 ne
571 1201 716 1243 obrepat
743 1197 892 1231 carnalis
923 1194 1146 1237 imaginatio,
1178 1193 1276 1237 quasi

294 1266 442 1298 regnum
458 1251 590 1286 Christi
607 1251 650 1283 sit
667 1255 808 1282 externa
826 1259 883 1280 seu
906 1245 1096 1290 corporalis
1117 1243 1277 1277 domina-

294 1307 344 1340 tio
357 1330 366 1344 ,
394 1316 453 1337 seu
473 1302 604 1346 politia,
632 1312 720 1345 quae
739 1306 797 1332 aut
815 1298 902 1331 ferat
919 1307 1025 1329 novas
1042 1296 1132 1338 leges
1147 1296 1189 1327 de
1209 1294 1277 1326 im-

295 1356 424 1401 periis,
459 1354 501 1386 de
521 1351 694 1385 divisione
722 1361 856 1389 rerum,
883 1349 926 1380 de
950 1346 1205 1383 contractibus,
1235 1345 1278 1376 de

296 1406 437 1452 poenis,
466 1411 498 1436 ct
518 1402 701 1445 disciplina
728 1400 840 1438 civili,
864 1404 923 1430 ant
941 1397 1117 1441 permittat
1135 1395 1278 1427 liberta-

297 1467 366 1491 tem
384 1453 594 1489 Christianis
616 1450 818 1485 exsolvendi
833 1460 868 1482 se
887 1447 1037 1481 vinculis
1059 1446 1278 1490 publicarum

297 1509 426 1551 legum,

400 1557 502 1591 Hanc
527 1553 681 1597 regulam
714 1550 833 1584 multis
857 1549 898 1582 de
931 1547 1042 1581 causis
1066 1548 1207 1591 prodest
1229 1552 1280 1579 te-

301 1620 403 1645 nere,
432 1606 524 1651 qnod
552 1615 695 1646 regnum
712 1598 841 1635 Christi
862 1611 932 1632 non
952 1599 1079 1631 condat
1098 1604 1155 1630 aut
1173 1602 1282 1629 mutet

301 1658 541 1693 ordinationes
572 1666 632 1687 seu
662 1654 752 1695 leges
777 1650 945 1695 politicas.
1004 1648 1097 1691 Quia
1121 1646 1282 1680 Christus

302 1722 375 1743 non
393 1706 571 1752 apparuit,
605 1711 643 1737 ut
666 1709 752 1736 esset
779 1701 972 1744 legislator,
1005 1700 1062 1731 sed
1090 1698 1191 1731 affert
1215 1697 1282 1729 alia

301 1767 441 1794 aeterna
459 1756 644 1796 beneficia,
672 1752 868 1786 doctrinam
893 1750 1075 1783 coelestem
1099 1750 1141 1781 de
1158 1748 1284 1780 volun-

302 1817 371 1845 tate
389 1809 473 1849 Dei,
502 1809 544 1840 de
561 1804 763 1839 remissione
788 1807 1029 1846 peccatorum,
1056 1798 1283 1832 donationem

304 1860 457 1905 Spiritus
475 1857 600 1896 sancti,
628 1862 660 1888 et
676 1853 910 1886 incoationem
936 1862 1047 1884 novae
1070 1856 1103 1883 et
1125 1856 1285 1882 aeternae

302 1911 458 1944 iusticiae
475 1909 511 1941 in
532 1906 694 1940 cordibus
719 1902 947 1936 credentium.
1001 1900 1146 1934 Interim
1169 1907 1285 1933 tamen

304 1961 464 1996 concedit
489 1958 555 2003 piis
581 1957 617 1988 in
648 1954 711 1988 hac
737 1954 807 1987 vita
838 1951 1012 1994 corporali
1038 1951 1091 1985 uti
1122 1948 1286 1992 legitimis

304 2009 589 2046 ordinationibus
605 2005 766 2050 politicis,
793 2000 958 2036 sicuthac
978 2003 1064 2039 luce,
1090 2004 1179 2040 aere,
1207 1999 1285 2031 cibo

306 2070 340 2096 et
365 2068 467 2106 potu,
509 2066 542 2092 et
564 2057 736 2091 similibus
764 2055 866 2087 rebus
891 2052 1092 2086 necessariis
1113 2052 1155 2083 ad
1180 2049 1286 2082 vitam

307 2111 539 2157 corporalem.
599 2107 708 2140 Modo
736 2105 844 2138 sciant
871 2104 937 2146 pii,
977 2103 1014 2135 in
1043 2100 1098 2134 his
1121 2112 1194 2133 non
1217 2109 1288 2132 esse

307 2165 411 2198 situm
435 2171 579 2203 regnum
594 2156 745 2193 Christi,
773 2156 830 2187 sed
850 2153 1115 2186 discernendam
1140 2162 1210 2183 esse
1226 2149 1288 2182 ad-

306 2212 601 2247 ministrationem
636 2207 857 2251 politicarum
888 2216 1027 2243 rerum,
1054 2214 1072 2235 a
1093 2199 1289 2234 ministerio

308 2262 514 2305 Evangelii,
547 2272 610 2292 nec
627 2256 874 2291 confundenda
894 2265 965 2286 esse
983 2251 1067 2286 haec
1085 2251 1289 2288 ministeria,

310 2315 398 2348 sicut
416 2311 666 2354 Anabaptistae
694 2314 726 2340 et
749 2306 898 2344 similes,
935 2309 1112 2347 praetextu
1131 2301 1290 2334 ministe-

310 2365 375 2404 rii,
402 2359 685 2406 reprehendunt,
713 2364 771 2390 ant
796 2362 930 2388 mutant
954 2354 1123 2397 legitimas
1147 2352 1291 2385 ordina-

311 2416 424 2450 tiones
443 2417 485 2445 de
504 2410 663 2449 decimis,
699 2406 952 2444 contractibus,
986 2412 1045 2437 aut
1070 2415 1178 2435 novas
1202 2402 1292 2444 leges

312 2465 472 2499 sanciunt
489 2463 531 2494 de
548 2459 795 2493 communione
814 2468 949 2496 rerum,
976 2456 1018 2487 de
1043 2454 1202 2490 indiciis,
1230 2459 1292 2486 etc.

313 2516 385 2549 Aut
403 2521 439 2546 ut
457 2512 641 2545 Pontifices
657 2508 828 2547 Romani,
851 2513 1027 2549 praetextu
1045 2503 1222 2548 potestatis
1239 2515 1293 2535 ec-

314 2563 541 2604 clesiasticae,
584 2561 650 2593 sibi
686 2564 885 2591 sumserunt
916 2557 1045 2599 regiam
1082 2553 1294 2587 dominatio-

315 2627 415 2654 nem,
443 2617 648 2654 arrogarunt
667 2609 732 2641 sibi
752 2609 803 2640 ius
822 2607 997 2639 adimendi
1015 2617 1118 2649 regna
1131 2631 1139 2644 ,
1166 2604 1294 2648 quibus

315 2666 464 2704 vellent,
491 2670 523 2696 et
541 2663 582 2695 ad
610 2661 696 2694 alios
720 2657 971 2699 transferendi,
999 2664 1061 2690 etc.
1113 2654 1179 2688 His
1197 2665 1294 2687 erro—

867 104 992 142 PHIL.
1018 101 1134 139 MEL.
1163 98 1372 137 SCRIPTA
1398 94 1700 136 EXEGETICA.·

2216 98 2287 136 172

1316 187 1414 221 ribus
1430 186 1681 231 opponendum
1707 192 1757 220 est
1780 183 1849 219 hoc
1871 187 2067 231 exemplum
2084 183 2237 227 Christi,
2263 192 2298 220 et

1317 238 1450 271 similia
1470 238 1562 270 dicta
1581 243 1615 270 et
1632 237 1738 278 facta,
1762 237 1890 281 quibus
1907 235 2069 271 Christus
2092 237 2184 270 clare
2204 236 2299 270 refu-

1319 294 1367 321 tat
1383 289 1468 322 talcs
1491 287 1779 330 imaginationes,
1807 299 1845 320 ac
1869 289 2022 322 ostendit
2045 287 2247 321 discrimina
2266 292 2300 320 et

1321 339 1406 372 fines
1422 338 1719 379 ministeriorum,
1745 337 1909 371 videlicet
1932 338 2119 372 ministerii
2134 337 2301 381 spiritua-

1321 390 1382 430 lis,
1408 401 1468 422 seu
1485 389 1664 422 doctrinae
1679 388 1876 432 Evangelii,
1904 395 1937 422 et
1954 388 2219 431 gubernationis
2235 398 2301 431 po-

1320 440 1453 480 liticae,
1489 446 1528 473 nt
1551 439 1664 472 simile
1689 439 1885 483 exemplum
1909 438 2023 472 Lucae
2043 439 2099 473 12.
2123 438 2302 476 scribitur,

1321 502 1398 523 cum
1424 488 1586 523 Christus
1608 490 1745 522 cuidam
1770 489 1923 533 petenti,
1958 496 1996 522 ut
2019 489 2161 522 fratrem
2186 488 2303 522 iubeat

1323 541 1389 574 sibi
1408 542 1543 573 tradere
1561 547 1693 583 partem
1714 538 1955 579 haereditatis,
1982 539 2185 583 respondet:
2213 536 2305 580 Quis

1324 603 1378 624 me
1397 590 1580 624 constituit
1598 590 1749 624 iudicem
1768 597 1827 623 aut
1845 590 2032 623 divisorem
2052 590 2144 622 inter
2160 588 2247 622 vos?

1426 641 1612 679 Secunde,
1654 640 1748 684 quod
1771 638 1933 674 Christus
1956 640 2076 673 scribit
2102 640 2140 672 in
2162 645 2307 679 terram,

1324 698 1356 725 et
1377 691 1590 725 instantibus
1609 688 1805 723 Pharisacis
1825 691 2024 733 respondet:
2060 688 2132 731 Qui
2149 700 2187 722 ex
2205 688 2307 722 vobis

1325 743 1398 775 sine
1415 748 1553 786 peccato
1570 748 1637 781 est,
1666 741 1800 785 primus
1822 740 1925 773 iaciat
1947 740 2098 783 lapidem
2123 739 2160 771 in
2179 738 2308 772 mulie-

1324 804 1409 825 rem.
1454 791 1557 824 Haud
1577 791 1683 824 dubie
1700 789 1765 824 hoc
1782 797 1855 824 toto
1874 796 1969 833 gestu
1984 796 2082 823 notat
2098 787 2308 823 Pharisaeo-

1325 855 1402 875 rum
1422 839 1624 887 hypocrisin
1637 868 1646 882 ,
1674 842 1768 886 quod
1786 841 1873 873 falso
1891 852 1972 884 prae
1989 852 2023 873 se
2049 840 2162 873 ferant
2184 839 2308 882 singu-

1328 893 1436 925 larem
1465 893 1595 932 zelum,
1630 892 1730 936 quasi
1751 892 1853 924 valde
1874 892 2089 925 detestentur
2112 897 2145 924 et
2165 889 2309 924 oderint

1327 949 1525 986 peccatum,
1563 954 1601 974 ac
1630 943 1725 975 iuxta
1757 942 1867 984 legem
1892 942 2001 974 velint
2032 952 2105 974 esse
2133 940 2311 984 punitum,

1327 1004 1405 1025 cum
1424 999 1538 1025 tamen
1560 992 1626 1035 ipsi
1653 1004 1725 1025 non
1743 993 1860 1024 minus
1883 992 1953 1025 sint
1973 991 2023 1024 rei
2042 1002 2159 1024 coram
2176 989 2252 1024 Deo
2274 996 2310 1024 et

1327 1042 1482 1076 damnati
1502 1042 1631 1074 iudicio
1652 1042 1759 1085 legis,
1792 1054 1895 1086 quam
1921 1042 1980 1087 qui
2007 1042 2120 1086 palam
2140 1047 2172 1074 et
2194 1039 2311 1074 mani-

1328 1093 1414 1126 festo
1445 1092 1515 1124 sint
1547 1098 1759 1135 peccatores,
1800 1092 1982 1133 videlicet,
2024 1092 2106 1136 quia
2133 1097 2214 1124 sunt
2235 1091 2311 1124 sine

1330 1141 1542 1187 poenitentia
1558 1148 1591 1175 et
1609 1149 1704 1175 metu
1719 1141 1840 1175 iudicii
1857 1142 1993 1180 divini,
2028 1142 2110 1174 item
2133 1141 2231 1185 pleni
2255 1141 2313 1174 in-

1330 1193 1451 1227 teriori
1474 1192 1714 1234 immunditia,
1756 1192 1892 1225 vitiosis
1923 1192 2106 1225 affectibus
2128 1198 2161 1225 et
2186 1197 2313 1225 contu-

1331 1243 1441 1276 macia
1462 1249 1583 1275 contra
1607 1243 1734 1284 legem:
1772 1243 1879 1285 igitur
1896 1240 2058 1275 Christus
2081 1241 2208 1275 omissa
2232 1253 2313 1274 mu-

1332 1295 1415 1327 liere
1434 1293 1516 1336 ipsis
1534 1294 1773 1327 concionatur.
1827 1291 1984 1336 Cumque
2005 1292 2058 1325 illi
2074 1304 2114 1325 ex
2135 1292 2212 1335 lege
2229 1303 2314 1336 pro-

1332 1344 1520 1383 nuncient,
1555 1343 1748 1376 adulteram
1777 1343 1995 1386 plectendam
2025 1353 2116 1381 esse,
2159 1342 2314 1376 vicissim

1333 1394 1502 1437 significat
1526 1393 1618 1437 ipsos
1640 1394 1712 1436 lege
1731 1392 1903 1443 damnari.
1956 1391 2074 1435 Quare
2101 1392 2233 1437 inquil:
2275 1390 2316 1425 Si

1334 1445 1412 1489 quis
1433 1451 1585 1477 vestrum
1609 1444 1683 1476 sine
1708 1449 1847 1487 peccato
1872 1449 1941 1485 est,
1968 1443 2066 1487 quasi
2084 1443 2192 1477 dicat:
2221 1440 2316 1484 Quia

1334 1496 1443 1537 legem
1474 1493 1647 1537 allegatis,
1686 1500 1720 1528 et
1751 1505 1861 1526 meam
1895 1493 2101 1526 sententiam
2125 1492 2315 1538 requiritis,

1336 1557 1397 1588 ego
1415 1547 1458 1577 de
1477 1556 1586 1589 poena
1605 1544 1777 1588 corporali
1795 1541 1885 1576 nihil
1901 1550 2034 1582 statuo,
2063 1543 2144 1588 quia
2160 1542 2226 1576 hoc
2241 1554 2316 1576 non

1336 1595 1485 1640 pertinet
1502 1596 1544 1628 ad
1564 1606 1680 1627 meum
1701 1605 1849 1635 munUS‚
1873 1594 1918 1627 sit
1939 1605 2021 1626 sane
2040 1594 2166 1627 mulier
2187 1604 2315 1626 secun-

1337 1648 1420 1679 dum
1445 1646 1556 1687 legem
1579 1645 1789 1688 lapidanda,
1825 1645 1884 1677 sed
1908 1644 1989 1688 quia
2015 1656 2131 1676 meum
2157 1643 2317 1676 ministe-

1337 1698 1428 1729 rium
1446 1696 1628 1739 spirituale
1647 1702 1714 1735 est,
1741 1695 1845 1727 iubeo
1859 1705 1920 1727 vos
1940 1694 2049 1737 legem
2068 1693 2202 1732 audire,
2228 1704 2317 1738 quae

1338 1759 1376 1779 ex
1393 1758 1504 1791 aequo
1522 1746 1652 1779 iudicat
1675 1756 1815 1786 omnes,
1843 1744 1903 1789 qui
1921 1756 1994 1777 non
2010 1751 2117 1787 agunt
2134 1744 2318 1788 poeniten-

1340 1798 1441 1835 tiam,
1476 1803 1509 1830 et
1533 1795 1743 1840 pronunciat
1766 1807 1843 1828 reos
1867 1794 1938 1827 irae
1955 1801 1987 1828 et
2007 1794 2130 1828 mortis
2147 1801 2318 1830 aeternae,

1339 1847 1417 1880 Hoc
1434 1847 1531 1891 prius
1551 1846 1763 1889 agnoscatis,
1790 1853 1822 1878 et
1847 1845 1954 1888 legem
1979 1845 2022 1877 de
2039 1845 2138 1877 vobis
2158 1844 2319 1878 iudican-

1339 1905 1408 1931 tem
1427 1897 1589 1938 audiatis,
1618 1908 1723 1942 quam
1743 1895 1903 1928 miseram
1922 1894 2013 1927 hanc
2033 1894 2217 1928 mulierem
2235 1905 2320 1928 con-

1343 1948 1524 1982 demnetis.

1440 1997 1517 2030 Hoc
1547 2003 1580 2030 et
1609 1996 1684 2040 ipso
1713 2002 1825 2039 gestu,
1863 2007 1941 2028 cum
1967 1995 2087 2028 scribit
2120 1995 2156 2028 in
2180 2002 2321 2036 terram,

1342 2048 1438 2081 velut
1463 2048 1561 2089 signo
1586 2047 1733 2087 indicat,
1767 2046 1930 2079 videlicet
1952 2046 2145 2079 admonens
2161 2057 2219 2078 eos
2237 2046 2322 2088 legis

1342 2098 1530 2131 iudicantis
1550 2098 1754 2132 interiorem
1771 2094 1985 2142 hypocrisin,
2012 2103 2043 2130 et
2060 2096 2322 2130 immunditiem

1343 2149 1474 2189 cordis,
1496 2160 1599 2193 quam
1620 2148 1721 2181 tacite
1749 2147 1917 2191 significat
1936 2160 1953 2180 a
1970 2145 2045 2180 Deo
2063 2148 2158 2180 cerni
2177 2155 2209 2179 et
2228 2147 2322 2180 iudi-

1343 2200 1431 2239 cari,
1467 2199 1601 2232 etiamsi
1628 2196 1789 2231 homines
1811 2210 1883 2230 non
1909 2198 2083 2241 iudicant,
2121 2197 2209 2230 sicut
2237 2197 2324 2230 alibi

1343 2249 1572 2283 concionatur
1588 2249 1734 2283 talibus:
1763 2248 1835 2280 Vos
1854 2249 1934 2281 estis
1951 2248 2010 2291 qui
2036 2247 2226 2280 iustificatis
2243 2259 2323 2280 vos-

1344 2300 1508 2344 metipsos
1541 2311 1657 2332 coram
1684 2297 1900 2332 hominihus.
1959 2297 2053 2331 Deus
2083 2304 2196 2330 autem
2224 2298 2324 2332 novit

1344 2352 1448 2384 corda
1480 2357 1604 2384 vestra.
1674 2349 1779 2391 Quod
1817 2355 1931 2381 autem
1961 2348 1999 2380 in
2029 2355 2156 2381 terram
2190 2348 2324 2388 scribit,

1345 2401 1600 2444 simplicissime
1634 2399 1820 2442 significari
1858 2398 2035 2438 existimo,
2085 2399 2178 2443 quod
2216 2399 2324 2432 simili

1346 2452 1463 2495 phrasi
1490 2451 1656 2484 Ieremiae
1682 2450 1817 2482 decimo
1842 2449 1989 2492 septimo
2025 2449 2171 2482 dicitur:
2212 2448 2325 2482 Rece-

1348 2504 1468 2535 dentes
1494 2502 1555 2534 abs
1582 2508 1634 2541 te,
1671 2500 1707 2532 in
1741 2507 1830 2532 terra
1862 2499 2078 2537 scribentur,
2108 2506 2172 2534 etc.
2226 2498 2326 2541 Quae

1349 2551 1485 2596 phrasis
1509 2552 1666 2597 opposita
1688 2557 1739 2583 est
1762 2550 1832 2590 illi,
1868 2561 1936 2594 qua
1958 2550 2042 2582 alibi
2070 2549 2216 2582 dicitur:
2251 2549 2325 2583 No-

1349 2603 1444 2636 mina
1463 2609 1575 2635 vestra
1594 2602 1718 2644 scripta
1737 2607 1817 2633 sunt
1833 2600 1868 2632 in
1884 2600 2008 2638 coelis,
2041 2600 2203 2632 videlicet
2225 2607 2264 2633 ut
2287 2600 2322 2633 in

1349 2660 1477 2688 terram
1496 2653 1618 2694 scribi,
1646 2651 1815 2695 significet
1834 2651 1918 2685 tales
1941 2662 2056 2684 coram
2073 2649 2148 2684 Deo
2171 2662 2244 2683 non
2263 2648 2326 2684 ha-
