2415 2942
86 77 161 112 735
267 74 365 111 xul.

84 163 187 202 bant,
217 167 249 194 et
280 159 403 193 iubent
429 160 610 200 dubitare,
642 160 775 193 accedit
804 160 871 194 alia
897 161 1071 205 impietas,

82 213 248 246 invocant
274 211 363 245 sicut
390 218 529 254 gentes,
558 210 660 243 tacite
688 211 879 253 cogitantes
904 214 995 254 apud
1024 225 1071 254 se,

82 274 118 296 se
143 275 214 296 non
240 262 387 306 respici,
421 273 494 295 non
517 261 653 301 curari,
682 272 755 293 non
774 261 931 294 exaudiri
948 274 965 294 a
984 261 1070 304 Deo,

80 314 236 347 fortassis
262 314 365 346 etiam
388 313 541 346 abiectos
564 323 646 345 esse.
701 310 796 344 llaec
819 320 984 355 perpetua
1003 315 1068 346 du-

80 365 206 399 bitatio
227 370 276 397 est
293 363 473 407 impietas,
500 362 636 397 etiamsi
655 364 808 394 mundus
828 374 903 395 eam
924 375 995 396 non
1012 364 1067 397 iu-

79 416 172 449 dicat
189 421 378 459 peccatum.

181 466 370 508 Quomodo
401 463 508 507 igitur
538 462 672 496 dictum
699 460 900 496 Salomonis
931 463 1064 498 intelli-

78 517 232 562 gendum
258 521 325 549 est:
348 514 463 548 Nescit
481 511 604 552 homo,
631 523 675 545 an
699 523 818 545 amore
836 514 890 546 vel
907 516 990 548 odio
1010 516 1063 548 di-

78 579 167 611 gnus
199 566 266 600 sit?
326 564 537 609 Respondeo
571 562 846 606 simplicissime:
893 564 1061 600 Salomon

78 629 152 651 non
171 617 330 662 loquitur
351 617 394 649 de
421 614 552 648 iudicio
576 614 811 647 conscientiae
836 627 914 658 erga
932 615 1059 658 Deum,

76 670 120 702 de
138 670 247 711 gratia
273 667 328 699 vel
350 665 561 703 abiectione,
588 665 647 697 sed
667 665 709 697 de
731 666 916 699 eventibus
941 668 976 699 in
997 665 1060 701 hac

76 720 164 760 vita,
199 717 262 752 hos
294 717 379 750 dicit
411 727 483 749 esse
508 716 680 756 incertos,
710 722 744 748 et
778 716 883 750 bonis
906 724 937 750 et
958 719 1059 752 malis

73 769 203 802 similia
238 768 393 802 accidere
424 767 462 799 in
488 763 553 799 hac
575 766 657 799 vita.
718 764 813 800 Haec
842 768 1057 803 incertitudo

69 820 221 854 offendit
244 817 456 862 EpicureOS,
491 828 531 849 ac
557 823 692 857 movet,
719 823 758 850 ut
782 826 909 861 negent
937 821 1056 863 provi-

67 871 236 905 dentiam.
289 869 381 901 Abel
406 874 455 900 est
479 868 576 911 pius,
619 875 652 901 et
674 874 792 901 tamen
816 870 1012 904 trucidatur
1037 883 1055 904 a

68 921 185 953 fratre.
240 917 390 951 loannes
408 917 564 962 Baptista
584 918 813 960 interficitur,
841 922 981 955 interim
1000 929 1055 967 ty-

69 982 201 1004 rannus
234 970 365 1003 fruitur
400 970 567 1003 omnibus
600 970 859 1013 voluptatibus,
894 980 927 1006 et
952 973 1052 1007 multi

67 1022 167 1066 impii
185 1033 256 1054 non
288 1019 488 1054 habuerunt
516 1020 672 1063 tragicos¹
700 1021 822 1054 exitus.
876 1021 971 1056 Haec
997 1036 1051 1056 ar-

66 1081 229 1116 gumenta
252 1072 391 1114 collegit
410 1071 599 1111 Salomon,
635 1078 672 1103 ut
689 1074 877 1106 admoneat
901 1086 980 1113 nos,
1008 1087 1052 1107 ne

66 1129 208 1167 propter
234 1122 299 1155 hoc
331 1123 534 1155 scandalum
558 1121 761 1155 deficiamus
792 1136 809 1155 a
834 1122 927 1165 Deo,
964 1137 1052 1158 neve

64 1185 104 1208 ex
127 1174 310 1207 eventibus
334 1173 529 1206 iudicemus
555 1174 598 1205 de
618 1175 796 1207 voluntate
816 1173 901 1214 Dei,
930 1178 986 1208 scd
1011 1188 1050 1209 ex

65 1225 184 1259 verbo.
240 1223 338 1265 item,
356 1236 399 1256 ne
418 1224 467 1267 pii
489 1225 574 1257 fiant
589 1225 722 1264 securi,
751 1232 782 1258 et
799 1234 925 1259 exuant
944 1227 1049 1259 timo-

65 1287 139 1308 rem
164 1274 250 1315 Dei,
294 1286 337 1307 ne
368 1274 495 1307 fiducia
530 1275 691 1318 propriae
722 1275 880 1309 iusticiae
914 1277 1048 1322 aliquid

62 1333 228 1360 moveant
247 1326 322 1358 sine
341 1326 524 1359 vocatione
542 1332 607 1359 etc.

122 1416 182 1448 De
206 1412 401 1445 Ecclesia
424 1419 462 1443 et
484 1416 727 1444 autoritate
751 1414 872 1445 verbi
894 1416 986 1448 Dei.

160 1477 270 1521 Saepe
295 1475 470 1519 disputari
493 1476 598 1514 solet,
628 1483 797 1520 quantum
815 1478 1044 1512 tribuendum

60 1530 103 1563 sit
124 1526 301 1561 Ecclesiae
328 1526 530 1566 sententiis,
565 1527 712 1560 decretis
735 1528 983 1573 Synodorum,
1012 1538 1044 1564 et

57 1579 267 1622 scriptorum
291 1577 406 1609 dictis.
457 1575 534 1609 Etsi
559 1578 652 1609 enim
678 1580 833 1620 regulam
870 1586 1041 1621 tenemus,

56 1636 96 1663 ut
113 1630 257 1661 verbum
276 1626 342 1660 Dei
358 1626 629 1669 amplectamur,
657 1634 773 1660 tamen
800 1642 877 1661 cum
896 1631 1041 1663 videan-

56 1690 114 1716 tur
144 1680 181 1712 in
207 1677 408 1722 apostolicis
441 1678 579 1721 scriptis
613 1690 795 1711 occurrere
829 1680 895 1712 loci
928 1682 1039 1714 ambi-

55 1731 135 1776 gui,
169 1729 349 1772 disputant
378 1727 487 1772 aliqui
519 1728 635 1771 potius
659 1740 731 1761 esse
761 1731 950 1764 sententias
973 1730 1040 1765 Ec-

54 1781 178 1818 clesiae
195 1781 411 1824 sequendas,
439 1791 542 1823 quam
563 1779 688 1821 scripta
710 1778 975 1823 Apostolorum.

156 1831 293 1864 Deinde
309 1830 480 1871 affingunt
504 1830 727 1863 autoritatem
746 1830 921 1864 Ecclesiae
942 1839 1038 1866 ante-

53 1883 234 1919 serendam
252 1893 324 1914 esse
343 1884 449 1912 verbo
468 1881 548 1918 Dei,
572 1893 610 1913 ac
630 1893 728 1923 posse
748 1881 939 1915 Ecclesiam
960 1896 1037 1917 mu-

53 1945 127 1971 tare
144 1933 271 1968 tradita
289 1932 326 1963 in
347 1934 454 1963 verbo
471 1930 549 1964 Dei.
603 1931 723 1965 Citant
750 1935 790 1965 ad
813 1931 872 1966 lias
895 1935 1036 1977 opinio-

52 1999 112 2021 nes
138 1985 269 2017 dictum
289 1981 495 2024 Augustini:
523 1980 719 2025 Evangelio
748 1996 818 2016 non
843 1988 1035 2027 crederem,

52 2038 123 2071 nisi
145 2046 201 2067 me
221 2033 396 2066 Ecclesiae
425 2030 616 2065 catholicae
642 2043 878 2068 commoveret
901 2037 1035 2069 autori-

53 2096 116 2124 tas.
145 2085 266 2129 ltaque
285 2084 371 2115 falso
391 2090 567 2126 praetextu
586 2085 740 2117 nominis
752 2084 926 2119 Ecclesiae
946 2100 1034 2130 pon-

51 2140 159 2174 tifices
183 2138 395 2174 decernunt,
430 2141 464 2167 et
498 2134 718 2177 praecipiunt
741 2137 849 2169 multa
871 2150 933 2180 pro
951 2138 1035 2171 libi-

48 2191 131 2224 dine
150 2193 269 2220 contra
294 2187 439 2217 vei-buin
456 2183 541 2225 Dei,
569 2186 776 2220 confirmant
798 2195 829 2220 et
848 2189 1033 2223 stabiliunt

50 2241 193 2285 impiam
223 2236 440 2275 doctrinam,
469 2243 501 2268 et
519 2236 645 2279 impios
663 2237 777 2270 cultus
805 2252 842 2270 ac
861 2240 1031 2282 plurimos

49 2293 151 2326 etiam
177 2301 271 2321 nunc
303 2290 453 2319 deterret
485 2298 504 2319 a
541 2298 621 2319 vera
650 2288 809 2321 doctrina
835 2288 1032 2332 Evangelii,

50 2355 151 2389 quam
170 2341 392 2384 profitemur,
419 2338 532 2370 solum
555 2349 686 2370 nomen
705 2337 891 2374 Ecclesiae.
947 2340 1029 2374 ldeo

51 2405 186 2426 necesse
202 2399 251 2424 est
268 2393 308 2422 de
327 2389 511 2423 autoritate
529 2387 704 2422 Ecclesiae
732 2399 822 2424 recte
847 2393 1029 2425 admoneri
1055 2424 1056 2428 ,

49 2444 219 2479 homines.

150 2493 286 2527 Prursns
303 2492 405 2525 etiam
430 2491 601 2536 quaedam
620 2491 856 2538 petulantiora
875 2492 1027 2538 ingenia,

47 2558 126 2582 cum
142 2545 275 2587 fingunt
292 2555 331 2575 ex
346 2543 446 2575 dictis
464 2542 656 2586 scripturae
682 2542 771 2576 male
793 2545 938 2577 detortis
961 2557 1026 2579 no-

47 2610 106 2631 vas
125 2596 328 2639 opiniones,
356 2602 388 2627 et
406 2605 547 2637 prorsus
565 2600 797 2636 aspernantur
815 2606 1024 2629 consensum

46 2660 145 2684 verae
161 2644 348 2686 Ecclesiae,
364 2651 396 2678 et
412 2655 533 2677 omnes
551 2645 704 2690 synodos
720 2645 794 2679 sine
811 2645 1024 2688 discrimine,
1047 2682 1051 2693 Δ

416 76 450 110 2.
477 70 842 111 COMMENTARII
871 75 920 111 IN
947 75 1100 116 EPIST.

1127 73 1273 90 πινττ,

1128 87 1274 116 ΡΛυιΛ
2037 79 2122 130 734,

1299 76 1366 115 ΑΙ)
1394 74 1655 118 ROMANOS.
1707 75 1813 118 CAP.
1837 77 1935 121 XIV,

1125 172 1162 199 ut
1194 178 1271 199 cum
1300 166 1466 201 Servetus
1496 167 1629 201 rixatur
1661 180 1738 201 cum
1765 167 1920 203 Ecclesia
1945 171 2106 204 omnium

1126 222 1343 259 temporum,
1387 225 1418 252 et
1443 220 1606 262 depravat
1636 220 1726 252 dicta
1761 221 1803 252 de
1830 222 1934 253 verbo
1964 221 2105 255 loannis

1123 267 1257 308 primo,
1293 276 1324 300 et
1350 270 1484 312 quaerit
1509 270 1789 312 concinniorem,
1831 278 1867 304 ut
1900 272 1972 314 ipse
1997 279 2105 315 putat,

1122 316 1458 360 interpretationem.
1512 318 1557 352 Ut
1577 320 1682 362 igitur
1699 321 1776 353 talis
1794 323 1985 365 petulantia
2004 330 2102 357 coer-

1120 373 1255 407 ceatur,
1283 369 1402 413 aliquo
1426 370 1535 401 inodo
1560 371 1683 414 septiS,
1715 378 1751 404 ut
1777 373 1820 405 ita
1846 374 1977 411 dicam,
2015 385 2103 417 opus

1119 424 1169 449 est
1200 416 1395 459 Ecclesiae,
1421 419 1671 455 sicutiveteres
1702 424 1824 466 synodi
1855 430 1886 456 et
1916 423 2102 468 scriptores

1118 468 1269 510 allegant
1302 470 1413 512 prima
1450 470 1649 504 testimonia
1675 472 1718 504 ab
1742 471 1926 517 Apostolis
1950 482 1982 508 et
1998 475 2100 508 certis

1116 520 1299 552 autoribus
1318 528 1467 564 accepta.

1213 577 1456 612 Tertullianus
1488 588 1608 614 contra
1640 580 1806 614 Praxeam
1842 582 1975 627 inquit,
2009 581 2098 617 hanc

1114 629 1269 671 regulam
1289 632 1475 662 tenendam
1497 643 1567 663 esse
1585 632 1753 665 adversus
1779 645 1899 666 omnes
1919 631 2095 668 haereses:

1113 677 1261 712 Rectum
1294 688 1341 713 est
1373 682 1609 726 quodcunque
1635 684 1788 726 primum
1818 691 1885 724 est,
1927 685 2097 717 adulteri-

1113 741 1195 762 num
1229 743 1329 772 vero,
1374 733 1610 777 quodcunque
1634 734 1817 777 posterius.
1876 733 1921 768 Et
1953 735 2096 780 quidem

1112 788 1209 813 vocat
1237 783 1408 825 primum,
1446 785 1538 827 qnod
1566 784 1729 827 Apostoli
1754 792 1847 818 certo
1865 786 2097 827 tradiderunt,

1110 831 1158 864 sic
1175 833 1267 864 enim
1291 833 1364 876 ipse
1383 846 1455 868 sese
1474 834 1735 878 interpretatur.

1211 888 1376 924 Irenaeus
1402 899 1522 925 contra
1555 892 1739 926 Florinum
1774 894 1901 937 allegat
1925 895 2094 928 autorita-

1108 945 1175 971 tem
1207 942 1450 989 superiorum,
1485 955 1522 975 ac
1553 944 1761 977 nominatim
1792 944 1996 990 polycarpi,
2031 947 2093 991 qui

1106 991 1216 1024 fuerat
1241 993 1382 1025 auditor
1417 993 1558 1027 loannis
1579 993 1754 1038 Apostoli.
1834 995 1956 1041 lnquit
1986 998 2093 1038 enim,

1106 1050 1344 1076 execraturum
1363 1045 1467 1077 fuisse
1493 1048 1652 1087 dogmata
1672 1045 1827 1086 Florini,
1857 1047 1884 1079 si
1910 1060 1947 1079 ea
1973 1048 2091 1081 audis-

1105 1099 1175 1132 set,
1203 1101 1234 1126 et
1255 1096 1445 1128 vitaturum
1465 1096 1598 1137 locum,
1626 1097 1663 1129 in
1689 1109 1758 1141 quo
1779 1097 1837 1129 illa
1857 1098 1947 1131 dicta
1965 1106 2090 1138 essent,

1106 1150 1270 1188 tanquan]
1291 1146 1476 1188 pollutum.

1206 1202 1358 1237 Basilius
1382 1205 1506 1248 allegat
1535 1205 1708 1240 nutricem
1736 1217 1853 1247 suam,
1890 1207 1988 1241 cuius
2013 1208 2089 1252 pie-

1103 1259 1206 1285 tatem
1226 1255 1270 1287 ait
1289 1262 1371 1287 tunc
1391 1256 1425 1287 in
1448 1257 1570 1299 primis
1587 1257 1692 1289 suisse
1714 1258 1910 1299 laudatam,
1936 1266 1970 1292 et
1991 1259 2089 1293 addit

1102 1315 1176 1335 eam
1211 1306 1381 1348 accepisse
1413 1307 1612 1339 doctrinam
1645 1319 1662 1340 a
1691 1306 1865 1351 Gregorio
1896 1308 2088 1342 Neocaesa—

1102 1354 1228 1393 riensi,
1263 1357 1324 1400 qui
1351 1357 1412 1388 illo
1437 1364 1592 1401 tempore
1625 1359 1824 1392 eruditione
1851 1366 1883 1393 et
1908 1361 2088 1393 miraculis

1100 1405 1246 1446 claruit,
1282 1414 1314 1440 et
1346 1408 1511 1442 refutavit
1545 1408 1833 1448 Samosatenum,
1869 1422 1907 1443 ac
1942 1411 2087 1456 reliquit

1098 1455 1239 1488 brevem
1259 1458 1511 1491 confessionem
1530 1460 1629 1501 fidei,
1657 1473 1745 1505 quae
1765 1461 1923 1495 continet
1949 1462 2085 1495 illustre

1098 1507 1340 1540 testimonium
1358 1510 1400 1541 de
1418 1509 1610 1551 Trinitate,
1638 1518 1727 1545 extat
1747 1519 1861 1545 autem
1880 1513 1916 1545 in
1936 1513 2027 1547 libro
2049 1512 2083 1548 7.

1096 1556 1358 1592 Ecclesiasticae
1386 1557 1562 1594 historiae.

1198 1614 1370 1659 Origenes
1396 1618 1517 1661 allegat
1539 1620 1728 1662 Apostolos
1757 1621 1800 1653 de
1823 1621 1995 1665 baptismo
2023 1621 2082 1655 in-

1094 1666 1242 1701 fantum.
1297 1667 1358 1701 Ait
1385 1671 1477 1700 enim
1515 1671 1549 1702 in
1584 1682 1657 1713 cap.
1682 1672 1717 1706 6.
1748 1673 1788 1704 ad
1815 1671 1920 1707 Rom.
1956 1671 2078 1706 Eccle-

1093 1717 1159 1749 sias
1176 1718 1347 1761 accepisse
1364 1721 1588 1753 traditionem
1615 1722 1658 1754 ab
1683 1721 1879 1765 Apostolis‚
1907 1730 1945 1756 ut
1965 1724 2080 1768 bapti-

1092 1775 1216 1800 zentur
1243 1769 1403 1804 infantes.
1471 1770 1516 1803 lli
1550 1779 1640 1805 recte
1671 1773 1821 1815 allegant
1854 1775 2077 1808 autoritatem

1093 1817 1278 1851 Ecclesiae.
1334 1820 1452 1863 Quare
1477 1824 1602 1855 ordine
1621 1824 1757 1867 dicam,
1784 1825 1867 1869 quid
1893 1825 1937 1858 sit
1954 1825 2076 1858 Eccle-

1090 1869 1159 1909 sia,
1187 1877 1219 1902 et
1237 1873 1330 1915 quod
1351 1873 1523 1906 audienda
1547 1874 1608 1915 sit,
1636 1886 1674 1907 ac
1693 1875 1849 1918 probatis
1866 1876 2076 1909 testimoniis

1090 1923 1285 1961 utendum,
1326 1928 1359 1955 et
1394 1930 1511 1956 tamen
1545 1926 1705 1958 doctrina
1739 1926 1926 1960 iudicanda
1961 1927 2004 1960 sit
2035 1940 2074 1960 ex

1089 1972 1195 2004 verbo
1228 1972 1315 2010 Dei,
1349 1980 1386 2006 ut
1421 1982 1559 2009 maneat
1598 1988 1732 2009 summa
1766 1978 1934 2010 autoritas
1965 1978 2075 2019 verbi,

1088 2021 1181 2054 iuxta
1208 2023 1314 2057 illud:
1351 2023 1388 2057 Si
1420 2026 1498 2069 quis
1522 2027 1616 2059 aliud
1647 2026 1879 2071 Evangelium
1903 2029 2074 2070 docuerit,

1087 2070 1272 2106 anathema
1292 2074 1346 2109 sit.

1189 2131 1347 2165 Primum
1366 2141 1480 2167 autem
1500 2148 1577 2168 cum
1597 2136 1744 2169 nomino
1760 2135 1970 2177 Ecclesiam,
1998 2151 2071 2173 non

1086 2182 1244 2225 intelligo
1270 2182 1474 2225 Pontifices,
1503 2185 1713 2230 EpiscopOS,
1749 2196 1781 2222 et
1805 2196 1975 2230 caeteros,
2009 2191 2071 2235 qui

1086 2234 1237 2276 probant
1255 2235 1409 2278 ipsorum
1429 2237 1624 2279 opiniones.
1678 2237 1766 2271 Nam
1794 2237 1829 2271 hi
1848 2247 1929 2273 sunt
1954 2239 2070 2275 hostes

1086 2297 1185 2317 verae
1204 2282 1399 2328 Ecclesiae,
1429 2288 1554 2330 partin]
1581 2288 1765 2332 Epicurei,
1803 2292 1928 2334 partim
1956 2292 2069 2325 idola-

1085 2341 1156 2367 trae
1173 2336 1357 2370 manifesti.
1409 2338 1476 2371 Sed
1506 2351 1589 2371 voco
1616 2338 1806 2372 Ecclesiam
1834 2349 1970 2375 coetum
1987 2355 2069 2376 vere

1055 2381 1057 2396 ³
1083 2387 1318 2426 credentium,
1361 2389 1419 2432 qui
1459 2388 1590 2423 habent
1621 2388 1855 2434 Evangelium
1889 2400 1923 2426 et
1953 2405 2067 2427 sacra-

1083 2444 1219 2478 menta,
1262 2445 1293 2472 et
1331 2441 1594 2472 sanctificantur
1627 2440 1763 2484 Spiritu
1801 2449 1937 2484 sancto,
1979 2445 2067 2479 sicut

1079 2485 1209 2531 Ephes.
1230 2486 1265 2523 5.
1298 2490 1509 2523 describitur
1538 2490 1710 2532 Ecclesia,
1750 2500 1783 2527 et
1815 2492 1958 2528 Ioannis
1988 2496 2064 2529 10.:

1051 2533 1053 2560 <¹
1079 2535 1175 2571 Oves
1193 2551 1289 2572 meae
1304 2553 1422 2573 vocem
1442 2553 1552 2574 meam
1571 2543 1735 2578 audiunt.

1177 2597 1252 2630 Etsi
1275 2605 1390 2632 autem
1416 2611 1553 2633 necesse
1579 2607 1648 2642 est,
1682 2599 1773 2636 hanc
1798 2615 1915 2636 veram
1942 2604 2062 2639 Eccle-

1077 2647 1164 2682 siam
1182 2660 1319 2694 semper
1339 2650 1484 2694 duraoe,
1502 2651 1583 2697 quia
1600 2663 1747 2696 regnum
1767 2651 1899 2689 Christi
1916 2662 1964 2689 est
1981 2667 2062 2700 per-
