2415 2942
115 130 190 167 305
522 130 604 166 ΧΗ.

114 230 211 259 meo,
247 216 284 250 id
310 221 379 254 est,
415 226 472 248 me
501 221 726 258 agnoscentes
759 213 1008 254 mediatorem,
1034 220 1102 246 sta-

112 275 254 302 tuentes
290 278 352 300 vos
379 273 521 310 propter
543 279 598 299 nie
622 265 738 308 recipi.
803 264 848 297 Et
872 261 956 296 haec
980 265 1099 296 eadem

659 126 956 164 ENARRATto
987 126 1035 162 IN
1062 125 1246 163 EVANG.
1274 124 1486 161 lOANle.
1538 124 1641 159 CAP.
1669 123 1768 159 XIV.

2077 126 2149 160 306

1156 211 1489 251 comminiscuntur,
1517 217 1600 245 tunc
1618 210 1771 254 diligetis
1790 221 1862 248 me,
1891 222 1969 243 cum
1996 210 2063 254 legi
2089 222 2144 243 sa-

1155 262 1360 296 tisfeceritis.
1423 261 1503 295 Non
1536 269 1585 295 est
1613 259 1698 294 haee
1719 259 1876 294 'ilosaica
1899 261 2042 302 concio,
2082 264 2141 294 sed

113 320 198 351 fides
217 324 346 352 statuat
363 317 491 360 recipi,
519 324 553 350 et
568 316 726 351 exaudiri
743 326 862 359 preces
878 320 1034 358 nostras,
1066 321 1098 348 et
1123 309 1126 363 j
1152 311 1304 351 Christi,
1333 313 1393 357 qui
1410 314 1554 346 mandat
1580 312 1690 356 accipi
1715 319 1747 346 et
1771 312 1914 346 retineri
1941 313 2140 345 doctrinam

113 381 187 403 non
205 370 279 402 fore
297 380 351 400 eas
369 368 498 401 irritas.

215 419 373 462 Quinto:
411 417 620 460 Cogitentur
643 416 680 449 in
707 415 875 459 petitione
901 425 956 446 res
979 421 1099 457 peten-

111 471 196 510 dae,
220 471 312 503 bona
331 469 474 513 spiritus
498 474 533 501 et
546 467 719 510 corporiS,
745 466 834 498 sicut
862 471 894 498 et
916 465 990 509 ipsa
1011 477 1099 509 quo-

111 521 247 554 tidiana
278 520 400 564 petitio
435 519 618 561 utriusque
650 517 787 560 generis
819 516 914 549 bona
941 516 1098 560 comple-

113 572 231 606 ctitur.

214 621 310 654 Haec
336 622 379 654 de
403 619 604 664 precatione
623 617 780 650 breviter
803 617 982 657 recensui,
1017 618 1098 662 quia

110 672 282 705 illustrari
300 670 365 704 hoc
381 672 511 703 dictum
532 675 644 702 textus
670 668 744 700 sine
762 667 826 701 hac
843 681 1097 701 commemora-

110 724 205 756 tione
226 735 298 755 non
317 728 438 766 potest.
473 719 575 753 Nunc
594 720 630 751 in
649 719 855 764 quotidiana
875 719 1098 752 invocatione

110 771 177 807 hoc
195 775 326 807 dictum
345 772 446 805 nobis
464 781 721 815 proponamUS,
749 777 781 803 et
802 770 1029 808 inculcemus,
1058 778 1097 804 ut

108 825 272 858 accedere
292 825 334 856 ad
355 823 489 863 Deum,
519 828 550 854 et
568 827 684 865 petere
705 821 796 853 bona
816 821 998 856 discamus.
1055 820 1096 854 ln

108 872 173 908 hac
199 874 414 918 experientia
448 874 531 906 fient
556 870 641 904 haec
667 872 773 904 verba
807 872 1020 906 illustriora:
1055 872 1097 904 In

108 925 253 958 nomine
270 937 367 965 meo,
398 925 432 956 id
452 930 513 963 est,
542 935 595 955 me
613 929 838 964 agnoscentes
856 923 1098 964 mediatorem,

107 975 231 1008 confisi
257 987 310 1008 me
336 976 564 1007 intercessore
588 980 619 1007 et
646 974 872 1016 deprecatore
897 986 959 1017 pro
985 974 1097 1014 vobis,

106 1025 164 1058 cui
191 1033 288 1070 pater
312 1032 473 1059 aeternus
498 1025 683 1068 praecipue
714 1025 860 1057 tradidit
889 1025 1096 1068 promissio-

104 1088 186 1108 nem
213 1077 416 1116 sacerdotii,
453 1082 597 1120 propter
620 1087 674 1107 me
699 1082 792 1108 certo
819 1075 895 1108 vult
919 1076 1096 1116 exaudire,

104 1133 137 1159 et
151 1138 185 1159 se
202 1127 277 1160 vult
295 1127 342 1161 sic
358 1127 445 1167 coli,
476 1133 509 1159 et
534 1124 600 1159 hoc
623 1123 759 1158 honore
783 1126 894 1165 affici,
931 1126 1094 1159 videlicet

103 1177 328 1210 invocatione
353 1178 441 1210 sacta
465 1177 550 1214 fide,
585 1188 645 1209 seu
671 1176 796 1208 fiducia
823 1176 959 1208 domiui
984 1176 1096 1210 nostri

103 1227 183 1261 Iesu
209 1226 361 1267 Christi,
401 1235 432 1261 et
458 1227 506 1259 sic
539 1227 743 1258 invocantes
775 1226 995 1270 experiemur
1020 1227 1095 1259 sine

102 1278 175 1310 ulla
195 1278 417 1310 dubitatione
435 1288 551 1320 preces
569 1276 721 1309 efficaces
740 1288 829 1318 esse,
864 1284 895 1310 et
916 1278 1095 1318 salutaria,

105 1339 193 1372 quae
211 1335 355 1372 petunt,
384 1328 591 1371 impetrare,
627 1333 689 1362 etc.

444 1409 490 1445 Si
507 1409 670 1457 diligitis
688 1422 753 1447 me.

203 1478 321 1513 Multa
346 1485 428 1512 sunt
453 1476 560 1512 huius
583 1478 708 1523 capitis
734 1478 886 1522 insignia
914 1478 1025 1519 dicta,
1061 1486 1093 1513 et

101 1531 203 1564 valde
221 1531 326 1573 digna
344 1531 533 1570 memoria,
569 1537 607 1564 ut
633 1542 752 1573 supra:
790 1529 901 1563 Nemo
926 1530 1022 1563 venit
1049 1532 1092 1563 ad

100 1589 254 1626 patrem,
297 1581 366 1613 nisi
396 1593 458 1625 per
487 1581 612 1614 filium.
670 1581 776 1614 Item:
806 1580 878 1623 Qui
905 1580 1000 1614 videt
1028 1594 1092 1621 me,

101 1633 196 1665 videt
219 1639 364 1675 patrem.
425 1630 528 1664 Item:
559 1631 738 1676 Quicquid
764 1631 933 1675 petieritis
959 1639 1090 1675 patrem

101 1683 138 1714 in
164 1683 309 1714 nomine
343 1694 444 1725 meo,
493 1679 561 1714 hoc
592 1682 729 1716 faciam.
797 1681 862 1715 Ilis
895 1682 1091 1725 insignibus

101 1733 205 1766 etiam
233 1732 403 1776 quaedam
427 1739 610 1777 sequentes
636 1733 826 1775 particulae
854 1734 1091 1765 adnumeran-

101 1785 165 1816 dae
183 1789 305 1823 erunt,
333 1783 369 1815 in
388 1780 441 1815 his
457 1790 489 1815 et
509 1781 591 1815 haec
610 1783 782 1815 sententia
805 1790 872 1815 est:
909 1782 947 1815 Si
972 1784 1090 1826 diligi-

101 1834 144 1867 tis
165 1845 238 1871 me,
268 1834 429 1865 mandata
449 1844 523 1865 mea
542 1839 695 1870 servate,
731 1839 763 1865 et
789 1844 850 1875 ego
876 1834 1007 1875 rogabo
1029 1846 1086 1876 pa·

101 1892 205 1927 trem,
234 1890 267 1915 et
284 1883 383 1916 dabit
400 1883 500 1915 vobis
519 1883 626 1915 alium
644 1883 869 1928 paracletum.
922 1883 1011 1916 *Nam
1034 1882 1090 1917 hic

100 1935 197 1967 locus
214 1934 366 1977 primum
385 1934 485 1966 docet
503 1933 631 1977 quibus
650 1934 752 1967 detur
769 1933 923 1977 Spiritus
940 1942 1090 1969 sanctus.

99 1984 239 2019 Deinde
271 1984 356 2029 quid
383 1984 443 2016 sit:
485 1984 589 2017 tertio
614 1996 703 2028 quae
725 1985 794 2018 sint
818 1985 983 2018 beneficia
1008 1998 1090 2029 pro-

99 2036 193 2080 pria,
220 2047 279 2068 seu
296 2035 357 2080 qui
375 2034 516 2067 effectus
534 2035 682 2078 proprii.
735 2036 788 2068 Ac
804 2037 1016 2080 proponitur
1033 2035 1089 2069 hic

101 2086 290 2129 descriptio
309 2098 348 2119 ac
365 2085 557 2118 consolatio
576 2083 750 2119 Ecclesiae
771 2087 988 2122 dulcissima.

203 2135 267 2170 Est
311 2143 426 2169 autem
464 2136 578 2179 prima
623 2144 655 2169 et
692 2138 878 2181 praecipua
919 2137 1089 2182 quaestio,

98 2188 269 2233 quidnam
301 2193 334 2220 et
363 2186 424 2219 ubi
459 2187 503 2220 sit
528 2186 703 2225 Ecclesia,
743 2199 803 2220 seu
827 2188 956 2233 quibus
988 2190 1090 2222 detur

98 2239 251 2284 Spiritus
276 2238 442 2271 sanctus?
483 2238 539 2269 Ad
566 2235 655 2269 hanc
679 2239 917 2282 quaestionem
943 2251 1089 2284 respon-

99 2291 183 2323 dent
200 2289 306 2322 verba
323 2295 451 2322 textus:
485 2288 523 2321 Si
547 2288 695 2331 diligitis
721 2301 793 2327 me,
821 2291 986 2323 mandata
1012 2302 1087 2324 ntea

99 2347 250 2381 servate,
286 2347 318 2374 et
339 2340 470 2382 rogabo
490 2346 623 2382 patrem
642 2346 722 2380 etc.‚
762 2339 798 2372 id
823 2347 892 2378 est,
927 2341 986 2373 ille
1011 2354 1089 2374 coe-

101 2398 176 2432 tus,
206 2391 266 2436 qui
285 2403 401 2424 meum
419 2388 653 2433 Evangelium
673 2391 790 2431 docet,
817 2391 934 2430 audit,
962 2399 994 2425 et
1014 2405 1088 2425 am—

103 2442 286 2486 plectitur,
321 2448 371 2475 est
396 2448 512 2474 coetus
539 2441 690 2484 diligens
711 2454 789 2482 me,
824 2449 857 2475 et
884 2443 1087 2484 donabitur,

101 2499 259 2535 regetur,
305 2500 338 2526 et
365 2492 642 2525 sanctificabitur
667 2492 804 2537 Spiritu
829 2500 959 2526 sancto.
1020 2493 1088 2528 Hic

102 2551 221 2577 coetus
242 2550 291 2577 est
307 2542 460 2576 Ecclesia
481 2544 563 2577 Dei.
617 2542 714 2576 Haec
737 2550 787 2577 est
803 2556 902 2583 vera,
930 2545 1087 2588 simplex,

101 2594 244 2638 propria
263 2600 294 2626 et
311 2594 427 2627 nativa
445 2594 617 2627 sententia
636 2591 742 2628 huius
760 2595 845 2638 loci,
875 2607 938 2628 nec
954 2595 1087 2629 iutelli-

100 2652 229 2688 gantur
249 2642 333 2677 haec
350 2645 454 2678 verba
471 2647 515 2678 de
539 2645 624 2688 legis
648 2646 809 2679 doctrina
833 2646 907 2679 sine
925 2645 1087 2690 Evange-

98 2696 169 2736 lio,
197 2703 234 2729 ut
258 2693 426 2729 Monachi
449 2708 594 2740 prorsus
618 2696 769 2731 alienam
796 2697 1004 2732 sententiam
1030 2697 1086 2732 hic

153 2749 330 2780 ΜῑιΛπτΗ.
362 2748 463 2779 Orza.
493 2749 574 2780 Vox„
596 2748 673 2782 XV.
713 2782 718 2790 ,

1152 360 1336 404 Evangelii
1355 363 1426 401 sui,
1453 369 1485 395 et
1512 363 1605 395 credi
1624 361 1838 405 Evangelio,
1871 369 1905 396 ct
1927 363 2141 406 amplecten-

1152 413 1245 445 tibus
1261 411 1494 453 Evangelium
1513 424 1588 456 pro
1581 413 1686 446 mittit
1703 389 1876 456 Spiritiim
1897 421 2077 454 sanctum,
2106 422 2140 448 et

1152 462 1300 496 affirmat
1318 461 1412 496 hunc
1430 470 1566 496 coetum
1585 474 1656 495 esse
1673 461 1862 495 Ecclesiam
1875 490 1883 504 ‚
1911 465 1946 496 id
1967 471 2034 504 cst,
2067 476 2139 498 esse

1151 520 1287 546 coetum
1313 514 1480 547 dilectum
1509 513 1602 553 Deo,
1646 513 1705 557 qui
1734 513 1860 546 retinet
1883 515 2065 554 mandata,
2103 516 2137 548 id

1152 571 1219 607 est,
1248 565 1465 604 doctrinam,
1493 576 1597 609 quam
1615 562 1776 597 Christus
1795 565 1958 604 tradidit,
1992 572 2024 598 et
2048 565 2138 599 sicut

1151 616 1314 655 tradidit,
1341 616 1503 648 videlicet
1531 613 1785 655 Evangelium,
1822 615 1917 659 quod
1945 616 2044 648 docet
2072 628 2137 648 nos

1151 667 1193 698 de
1226 666 1440 711 poenitentia
1465 673 1497 699 et
1521 665 1728 698 remissione
1750 671 1992 709 peccatorum,
2038 672 2070 698 et
2095 668 2137 699 de

1152 717 1221 750 vita
1247 724 1386 750 aeterna
1408 724 1552 761 propter
1576 713 1774 755 Christum,
1811 722 1845 749 et
1866 717 1968 749 docet
1993 716 2070 761 quis
2094 717 2138 750 sit

1149 766 1313 802 Christus
1332 768 1516 803 mediator.

1251 817 1296 852 Et
1313 819 1454 863 copulat
1477 817 1544 852 hoc
1564 818 1641 851 loco
1659 815 1820 851 Christus
1845 815 2075 860 Evangelium
2104 825 2137 852 et

1150 869 1328 928 Spiiitum
1351 877 1529 908 sanctum,
1570 881 1633 902 nec
1661 868 1744 902 ullis
1768 868 1940 912 promittit
1947 843 2135 912 DSpiritiim

1151 922 1186 955 S.
1211 922 1279 953 nisi
1306 921 1366 959 iis,
1403 921 1464 965 qni
1489 922 1635 960 docent,
1669 919 1818 953 audiunt
1853 926 1885 953 et
1914 920 2136 963 amplectun-

1150 979 1206 1004 tur
1230 971 1259 1003 E
1264 985 1282 1003 v
1287 972 1474 1014 angelium.
1532 969 1664 1004 Eadem
1698 970 1868 1004 sententia
1895 982 1974 1003 mox
1998 979 2135 1014 repete-

1150 1030 1221 1055 tur:
1260 1023 1297 1056 Si
1315 1023 1392 1067 quis
1411 1021 1525 1064 diligit
1542 1033 1615 1062 me,
1649 1032 1848 1054 sermonem
1871 1032 1988 1053 meum
2017 1033 2134 1054 serva—

1151 1074 1218 1114 bit,
1253 1080 1285 1107 et
1303 1080 1400 1117 pater
1413 1084 1511 1106 meus
1529 1073 1650 1114 diliget
1668 1083 1765 1112 eum,
1800 1078 1832 1104 et
1849 1072 1890 1103 ad
1908 1083 1987 1103 eum
2016 1073 2135 1104 venie-

1150 1136 1244 1164 mus,
1273 1132 1305 1157 et
1326 1124 1544 1156 mansionem
1570 1124 1662 1166 apud
1690 1134 1769 1154 eum
1792 1121 1970 1155 faciemus,
2024 1121 2133 1155 Pror-

1150 1187 1206 1207 sus
1228 1176 1319 1207 idem
1337 1181 1402 1214 est,
1431 1174 1523 1217 quod
1551 1173 1620 1205 iam
1647 1172 1738 1211 dixi,
1765 1173 1807 1204 de
1821 1171 1986 1204 Ecclesia.
2040 1172 2134 1206 Haec

1150 1232 1198 1258 est
1230 1225 1325 1258 enim
1355 1224 1512 1264 mansio,
1554 1224 1589 1256 id
1619 1230 1686 1262 est,
1726 1223 1896 1266 templum
1923 1221 2006 1263 Dei,
2043 1224 2133 1257 sicut

1148 1287 1247 1318 saepe
1265 1282 1297 1308 et
1317 1287 1395 1307 vere
1413 1274 1566 1308 Ecclesia
1584 1280 1728 1306 vocatur
1744 1274 1914 1316 templum
1934 1274 2020 1306 Dei:
2049 1274 2134 1308 Ser-

1149 1332 1271 1358 vantes
1303 1337 1499 1358 sermonem
1533 1337 1668 1362 meum,
1712 1324 1747 1356 id
1774 1331 1843 1363 est,
1884 1324 2132 1367 amplectentes

1147 1376 1402 1419 Evangelium,
1429 1377 1576 1420 diligent
1596 1388 1668 1414 me,
1697 1387 1777 1407 vere
1796 1386 1851 1407 me
1869 1374 2003 1415 colent,
2025 1384 2055 1409 et
2076 1377 2132 1408 di-

1146 1428 1300 1470 ligentur
1316 1439 1333 1460 a
1353 1435 1449 1471 patre
1467 1439 1563 1465 meo,
1599 1433 1631 1459 et
1648 1427 1683 1458 in
1709 1423 1763 1458 his
1788 1423 2043 1467 habitabimus,
2071 1428 2132 1471 qui

1147 1486 1249 1511 erunt
1265 1479 1434 1522 templum
1454 1485 1486 1511 et
1505 1477 1660 1511 Ecclesia
1680 1483 1797 1509 nostra
1815 1483 1971 1515 aeterna,
2002 1475 2055 1509 his
2080 1479 2132 1509 vi-

1147 1536 1216 1562 tam
1242 1536 1274 1562 et
1299 1530 1445 1572 gloriam
1470 1535 1645 1561 aeternam
1673 1528 1846 1562 dabimus.
1913 1527 1992 1560 Non
2024 1528 2131 1570 igitur

1147 1581 1318 1612 incertum
1337 1587 1385 1612 est
1403 1592 1492 1623 quae
1509 1580 1574 1620 sit,
1600 1586 1632 1613 et
1647 1578 1710 1611 ubi
1727 1578 1770 1611 sit
1783 1577 1955 1618 Ecclesia,
1984 1591 2056 1610 non
2081 1586 2131 1612 est

1147 1631 1266 1674 politia
1286 1630 1483 1669 Platonica,
1515 1637 1555 1663 ut
1584 1628 1744 1662 homines
1776 1629 1874 1672 impii
1908 1629 2129 1669 cavillantur,

1146 1682 1204 1714 sed
1231 1688 1281 1715 est
1304 1681 1421 1725 aliqua
1443 1681 1593 1713 visibilis
1610 1679 1785 1717 Ecclesia,
1820 1679 1897 1712 vult
1923 1680 2016 1712 enim
2034 1679 2131 1712 Deus

1145 1745 1242 1765 suam
1273 1733 1468 1765 doctrinam
1501 1731 1594 1765 inter
1624 1728 1786 1763 homines
1819 1729 1961 1772 spargi,=
1995 1741 2130 1771 sonare,

1147 1783 1323 1823 exaudiri,
1358 1783 1447 1815 sicut
1471 1782 1640 1826 scriptum
1665 1787 1732 1814 est:
1768 1779 1807 1812 ln
1832 1792 1972 1813 omni-m
2000 1788 2128 1815 terram

1145 1833 1252 1866 exivit
1274 1845 1380 1866 sonus
1403 1844 1536 1868 eorum.
1596 1832 1674 1866 Non
1709 1831 1783 1864 vult
1806 1829 1998 1864 Ecclesiam
2027 1833 2129 1864 abdi-

1146 1891 1213 1917 tam
1246 1896 1316 1917 esse
1343 1885 1378 1916 in
1402 1884 1563 1921 latebris,
1598 1889 1658 1916 aut
1680 1882 1856 1924 ignotam,
1897 1881 1967 1913 imo
1993 1893 2129 1925 semper

1144 1947 1218 1967 eam
1235 1935 1272 1967 in
1289 1935 1478 1968 certamina
1496 1946 1574 1968 cum
1592 1933 1750 1978 imperiis
1776 1939 1808 1967 et
1832 1929 2024 1978 hypocritis
2047 1945 2129 1977 pro-

1144 1986 1259 2019 traxit.

1244 2034 1307 2069 Est
1336 2036 1444 2079 igitur
1475 2041 1594 2069 coetus
1617 2034 1788 2074 visibilis,
1823 2033 1973 2074 scilicet,
2007 2040 2045 2067 ut
2071 2031 2127 2067 hic

1143 2087 1371 2125 describitur,
1396 2087 1608 2131 amplectens
1636 2093 1667 2120 et
1695 2085 1943 2119 circumferens
1965 2082 2128 2128 Evange-

1141 2138 1250 2178 lium,
1286 2145 1319 2171 et
1349 2144 1490 2171 renatus
1518 2137 1653 2181 Spiritu
1684 2143 1822 2177 sancto,
1857 2147 2057 2180 quanquam
2089 2136 2128 2168 in

1143 2187 1207 2222 hac
1232 2189 1301 2223 vita
1326 2186 1409 2222 huic
1432 2188 1563 2222 visibili
1586 2187 1700 2221 coetui
1731 2199 1804 2219 non
1837 2186 1950 2220 renati
1980 2186 2127 2219 admixti

1142 2247 1242 2278 sunt,
1271 2240 1332 2285 qui
1353 2247 1492 2280 tamen,
1526 2238 1608 2284 quia
1637 2239 1679 2271 de
1705 2237 1862 2270 doctrina
1890 2248 1968 2269 cum
1995 2237 2125 2270 renatis

1142 2291 1383 2332 consentiunt,
1410 2291 1447 2324 in
1470 2288 1533 2323 hac
1553 2290 1622 2322 vita
1646 2300 1719 2322 non
1743 2288 1978 2321 excluduntur
2001 2299 2040 2320 ex
2059 2285 2127 2321 Ec-

1142 2342 1258 2375 clesia.
1311 2341 1424 2376 Sensu
1444 2340 1604 2384 cognosci
1622 2346 1735 2383 potest
1754 2336 1838 2371 haec
1861 2345 1963 2378 nota,
1997 2338 2127 2372 scilicet

1142 2406 1208 2426 vox
1235 2392 1440 2437 Evangelii,
1485 2392 1534 2425 ibi
1559 2398 1651 2424 certo
1678 2396 1728 2423 est
1752 2387 1907 2422 Ecclesia
1941 2401 2020 2422 vera
2048 2388 2125 2427 Dei,

1141 2445 1203 2477 ubi
1221 2452 1321 2478 sonat
1339 2456 1424 2488 pura
1450 2455 1515 2476 vox
1530 2441 1735 2484 Evangelii,
1768 2452 1831 2473 nec
1856 2439 1961 2480 alibi,
1995 2440 2063 2472 nisi
2089 2440 2126 2472 in

1141 2493 1207 2528 hoc
1226 2503 1326 2529 coetu
1344 2493 1535 2540 quaerendi
1552 2499 1633 2526 sunt
1646 2491 1762 2531 electi,
1789 2491 1882 2524 iuxta
1901 2491 2008 2523 illud:
2026 2489 2125 2533 Quos

1141 2547 1260 2589 elegit,
1295 2545 1358 2579 lios
1377 2553 1407 2578 et
1428 2545 1574 2577 vocavit.
1626 2543 1721 2577 Haec
1738 2543 1780 2575 de
1798 2540 1954 2575 Ecclesia
1972 2542 2125 2586 primum

1140 2595 1207 2631 hoc
1225 2598 1300 2630 loco
1319 2596 1541 2630 considerare
1559 2595 1710 2639 prodest,
1731 2590 1980 2627 ethocdictum
1992 2590 2124 2625 Christi

1141 2649 1311 2682 addamus
1329 2647 1474 2681 caeteris
1491 2646 1615 2687 dictis,
1644 2657 1733 2691 quae
1754 2644 1907 2678 citantur
1929 2644 1973 2676 de
1996 2642 2127 2675 descri-

1141 2700 1262 2744 ptione
1278 2697 1470 2739 Ecclesiae,
1498 2704 1537 2731 ut
1557 2709 1638 2731 oves
1663 2708 1760 2730 meae
1784 2706 1903 2728 vocem
1928 2705 2040 2726 meam
2063 2705 2126 2726 au-

1383 2751 1432 2783 ΞΟ
