2415 2942
296 113 368 149 899

299 197 368 231 cari
395 208 412 229 a
439 197 510 237 lege
541 206 610 226 non
643 193 783 226 liberari
809 204 827 225 a
852 200 1010 236 peceato,
1053 200 1084 226 et
1115 193 1279 236 deinceps

301 257 420 281 omnes
436 245 545 278 sancti
565 252 676 288 patres
701 244 947 277 intellexerunt
967 255 1001 275 se
1025 244 1097 286 lege
1116 244 1281 284 accusari,

302 297 381 341 quia
402 296 453 327 lex
474 307 545 327 non
570 302 704 328 tantum
724 301 900 327 externam
919 293 1142 337 disciplinam
1161 301 1280 337 postu-

300 348 370 385 lat,
397 346 454 378 sed
475 353 522 378 est
542 346 637 378 triste
658 345 825 377 iudicium
845 342 926 383 Dei,
954 356 1023 388 quo
1047 343 1142 377 Deus
1165 352 1282 378 osten-

301 397 352 430 dit
377 396 479 428 nobis
505 397 659 436 iugentia
685 395 775 427 mala
809 394 844 426 in
871 395 998 427 nostris
1025 396 1209 435 cordibus,
1251 401 1281 427 ct

299 446 467 490 opprimit
493 444 652 478 homines
676 453 807 478 terrore
833 451 865 477 et
888 445 1030 485 dolore,
1072 446 1107 477 in
1132 458 1200 490 quo
1227 446 1282 478 su-

302 498 400 540 giunt
419 495 531 529 Deum
553 494 716 529 horribili
732 495 890 535 fremitu,
905 496 992 529 sicut
1010 496 1159 529 dicitur:
1190 495 1283 528 Deus

303 555 352 580 est
371 547 461 590 ignis
479 558 699 582 consumens.
751 545 855 580 Item:
885 544 966 579 Non
988 554 1038 580 est
1057 559 1120 590 pax
1146 546 1284 580 ossibus

303 609 389 630 meis
419 605 481 630 etc.

405 655 515 687 Addit
540 654 645 696 igitur
672 654 974 687 confirmationem
999 653 1124 686 maiori
1156 666 1284 697 propo-

304 705 439 738 sitioni:
469 705 539 737 Lex
559 705 645 736 iram
667 704 792 744 efficit,
813 705 849 737 id
868 711 938 746 est,
958 705 1039 748 quia
1058 702 1142 736 haec
1160 705 1284 747 depra-

306 763 382 788 vata
406 763 534 788 naturav
556 766 776 798 nequaquam
799 756 960 797 congruit
979 766 1056 786 cum
1078 755 1161 796 lege.
1202 754 1283 787 Ideo

306 817 442 849 semper
468 812 603 838 accusat
626 816 689 836 nos
715 805 786 844 lex,
813 805 920 838 efficit
938 805 1046 844 iram,
1073 805 1107 837 id
1127 811 1193 845 est,
1223 817 1283 848 pa·

306 868 426 895 vores,
453 856 566 889 tristes
589 855 748 887 fremitus
766 855 802 887 in
827 856 950 896 corde,
977 862 1009 889 et
1033 855 1196 888 exitiosos
1220 857 1285 887 do-

306 907 396 940 lores
412 907 447 938 in
467 917 569 938 sensu
588 905 709 937 iudicii
727 912 758 938 et
777 906 849 938 irae
866 904 954 946 Dei,
990 905 1080 939 sicut
1097 906 1182 938 alibi
1198 906 1284 938 dici-

306 964 378 990 tur:
412 955 564 989 Aculeus
582 956 704 988 mortis
723 963 900 998 peccatum
920 962 989 996 est,
1025 957 1179 999 potentia
1204 969 1285 989 vero

308 1007 437 1051 peccati
468 1007 519 1039 lex
546 1015 614 1048 est,
658 1006 780 1043 idest,
810 1018 889 1039 vera
916 1006 1048 1049 agnitio
1073 1007 1219 1050 peccati:
1249 1013 1286 1040 ut

307 1069 385 1090 cum
410 1055 547 1090 Nathan
575 1057 733 1098 obiurgat
757 1056 945 1097 Davidem,
982 1055 1077 1089 Deus
1101 1069 1163 1100 per
1188 1057 1285 1089 illam

305 1107 585 1150 obiurgationein
610 1115 774 1152 tanquam
800 1118 861 1140 suo
889 1108 1037 1139 fulmine
1060 1108 1190 1140 iudicat
1216 1107 1286 1140 Da-

306 1158 420 1191 videm
437 1182 446 1196 ,
499 1164 531 1190 et
563 1159 713 1190 ostendit
750 1159 778 1189 ei
817 1158 1096 1201 magnitudinem
1146 1159 1287 1201 peccati.

308 1207 404 1241 Idem
424 1209 514 1240 infra
534 1208 676 1240 dicitur:
705 1208 776 1240 Lex
794 1209 923 1242 occidit
947 1215 1008 1243 etc.
1046 1208 1099 1241 Ex
1115 1206 1170 1241 his
1185 1209 1284 1241 dictis

307 1267 485 1303 utcunque
508 1258 653 1301 intelligi
680 1260 791 1291 maior
816 1259 1007 1302 propositio
1037 1266 1167 1303 potest,
1199 1271 1287 1304 quae

308 1310 398 1342 insra
420 1309 655 1342 declarabitur
678 1309 713 1341 in
738 1311 848 1352 capite
870 1310 1031 1352 septime.

407 1374 638 1409 Confirmatio
669 1375 817 1407 minoris
852 1376 1048 1408 illustratur
1075 1388 1113 1408 ex
1146 1376 1286 1408 maiore.

309 1425 402 1469 Quia
420 1427 511 1459 enim
530 1426 582 1458 lex
607 1438 678 1458 uon
703 1427 893 1459 annunciat
909 1427 1148 1458 remissionem
1167 1438 1286 1470 pecca-

307 1484 443 1517 torum,
472 1477 540 1508 imo
560 1488 695 1519 semper
710 1484 863 1513 accusat,
891 1477 973 1510 satis
990 1477 1139 1519 intelligi
1165 1483 1286 1520 potest,

309 1539 380 1559 non
399 1528 548 1570 potuisse
571 1525 729 1558 homines
746 1528 859 1558 salvos
881 1527 973 1566 fieri,
1001 1527 1067 1559 nisi
1092 1527 1183 1559 edita
1207 1539 1284 1570 per—

308 1577 424 1620 spicua
444 1584 474 1609 et
491 1577 639 1619 gratuita
668 1577 898 1619 promissione
917 1578 959 1609 de
978 1577 1182 1609 remissione
1208 1589 1285 1620 pec-

309 1634 483 1668 catorum,
502 1636 533 1660 et
551 1628 592 1659 de
611 1627 830 1660 restitutione
846 1627 1003 1660 iusticiae
1018 1634 1051 1660 et
1068 1627 1157 1660 vitae
1175 1634 1284 1660 aeter-

311 1690 387 1712 nae.
430 1678 528 1711 Sicut
546 1678 660 1710 Adam
679 1684 711 1711 et
727 1675 800 1710 Eva
820 1677 1124 1711 ratiocinabantur
1140 1689 1175 1710 se
1192 1677 1286 1722 peri-

309 1735 406 1761 turos
424 1739 513 1766 esse,
541 1735 575 1761 et
598 1728 800 1771 periissent,
825 1729 894 1761 nisi
910 1727 1005 1761 Deus
1029 1728 1197 1760 immensa
1219 1727 1285 1760 mi-

309 1779 497 1812 sericordia
521 1791 611 1811 nova
633 1779 919 1812 reconciliatione
936 1778 1145 1812 reddidisset
1163 1779 1211 1811 eis
1232 1778 1280 1810 vi-

309 1836 398 1869 tam,
438 1837 470 1863 et
500 1829 654 1862 reddidit
681 1829 912 1872 Promissione
943 1829 1035 1862 edita
1070 1830 1111 1861 de
1144 1829 1284 1869 semine.

309 1879 390 1912 Ideo
408 1879 525 1924 inquit
541 1878 734 1913 Dominus:
770 1879 828 1913 Sic
845 1878 939 1913 Deus
957 1879 1079 1913 dilexit
1102 1880 1286 1918 mundum,

308 1936 345 1963 ut
367 1930 478 1963 filium
503 1941 603 1962 suum
626 1930 846 1972 unigenitum
864 1931 1000 1964 dederit
1017 1937 1078 1964 etc.

408 1995 504 2029 Haec
527 1996 738 2038 amplissima
766 1997 951 2040 promissio
974 1997 1066 2030 edita
1089 2002 1138 2030 est
1162 1997 1284 2040 depre-

309 2054 407 2081 cante
433 2047 522 2087 filio,
558 2047 727 2079 immensa
750 2047 906 2080 bonitate
928 2046 1014 2088 Dei,
1048 2059 1120 2080 non
1145 2054 1286 2090 propter

309 2097 418 2140 legem
435 2104 495 2131 aut
510 2097 631 2130 merita
650 2097 805 2130 ullorum
824 2095 1029 2136 hominnm,
1050 2103 1083 2130 et
1100 2097 1281 2130 confirma-

309 2148 455 2181 viteam
481 2147 575 2180 Deus
608 2148 729 2181 multis
759 2148 938 2180 miraculis
970 2154 1003 2181 et
1035 2147 1284 2188 iureiurando,

308 2198 401 2231 iuxta
426 2196 509 2231 haec
533 2198 642 2232 dicta:
673 2196 804 2231 Iuravit
827 2197 1019 2240 Dominus,
1047 2204 1080 2231 et
1103 2210 1173 2230 non
1201 2210 1284 2241 poe-

307 2248 433 2283 nitebit
460 2261 549 2282 eum.
603 2247 705 2282 Item:
750 2247 839 2281 Vivo
866 2260 947 2291 ego,
988 2248 1073 2282 dicit
1095 2247 1284 2289 Dominus,

308 2299 390 2332 nolo
417 2306 565 2332 mortem
594 2300 782 2342 peccatoris
800 2306 862 2332 etc.
916 2297 979 2332 Est
1005 2298 1111 2342 igitur
1132 2305 1225 2332 certa
1250 2307 1281 2333 et

308 2355 379 2382 rata
403 2350 590 2393 promissio
613 2350 655 2382 de
677 2349 740 2382 filii
767 2349 949 2389 missione,
983 2356 1016 2383 et
1041 2350 1084 2382 de
1106 2349 1281 2383 beneficiis

306 2399 379 2432 eius
408 2406 549 2443 propter
574 2400 754 2433 veritatem
778 2398 863 2440 Dei,
905 2412 976 2433 non
1008 2406 1150 2444 propter
1171 2400 1279 2433 ullam

302 2446 486 2482 hominum
517 2450 731 2493 dignitatem.

395 2506 463 2540 Hic
481 2508 565 2540 utile
581 2515 630 2542 est
646 2510 782 2542 moneri
797 2508 952 2541 iuniores
970 2508 1012 2540 de
1029 2519 1157 2547 errore,
1174 2520 1276 2552 quem

303 2555 464 2591 monachi
495 2558 690 2592 docuerunt
713 2567 744 2593 et
769 2561 914 2599 docent,
953 2565 985 2591 et
1008 2558 1173 2603 Synodus
1195 2557 1278 2591 Tri-

302 2608 446 2642 dentina
461 2608 643 2648 stabilivit,
666 2609 838 2649 videlicet,
854 2609 1169 2653 Unumquemlibet
1185 2620 1277 2642 sem-

298 2671 359 2703 per
374 2659 499 2693 debere
516 2659 676 2692 dubitare
690 2684 702 2699 ,
733 2671 778 2692 an
796 2660 863 2694 sibi
880 2660 1021 2693 remissa
1037 2660 1107 2693 sint
1122 2666 1271 2704 peccata,

875 108 1001 144 PHlL.
1035 107 1150 144 MEL.
1189 107 1397 144 SCRIPTA
1432 106 1730 143 EXEGETICA.

1319 2074 1323 2078 ·
1338 2055 1572 2089 invocatione.

2236 110 2313 145 900

1334 199 1366 225 et
1388 203 1432 224 an
1455 191 1528 225 Deo
1553 191 1704 236 placeat,
1739 198 1772 225 et
1797 189 1887 226 hanc
1909 193 2165 228 dubitationem
2189 193 2313 228 dicunt

1334 254 1424 286 piam
1454 253 1538 278 esse.

1435 291 1502 325 Ilic
1533 292 1749 336 perniciosus
1786 304 1885 326 error
1918 293 2011 327 delet
2043 295 2311 337 promissionem

1332 342 1535 386 Evangelii,
1561 350 1594 377 et
1611 350 1742 386 pugnat
1756 355 1835 376 cum
1854 341 1917 376 hac
1934 349 2006 377 tota
2023 344 2180 378 doctrina
2199 345 2312 384 Pauli,

1334 400 1366 426 et
1389 404 1559 425 summam
1584 394 1860 426 consolationem
1886 394 1953 437 piis
1976 394 2090 437 eripit.
2142 395 2311 429 Doctrina

1334 442 1507 476 Ecclesiae
1525 444 1561 476 in
1578 451 1700 477 neutra
1718 451 1814 488 parte
1831 444 1999 489 relinquit
2016 441 2177 478 homines
2194 445 2231 478 in
2246 447 2313 480 du-

1336 493 1518 527 bitatione.

1436 543 1624 577 Tenendae
1649 551 1731 577 sunt
1750 543 1856 586 igitur
1873 541 1937 577 hae
1954 544 2152 578 verissimae
2175 550 2316 578 senten-

1335 595 1413 627 tiae.
1447 593 1519 637 Qui
1545 602 1742 638 perseverat
1766 595 1803 626 in
1827 595 1965 628 delictis
1989 603 2110 629 contra
2135 595 2315 629 conscien-

1337 646 1439 685 tiam,
1481 645 1509 678 is
1536 653 1630 679 certo
1654 651 1782 678 statuat
1807 657 1843 678 se
1868 657 1966 678 reum
1990 657 2063 679 esse
2090 646 2161 679 irae
2186 646 2256 679 Dei
2281 653 2315 680 et

1336 702 1496 729 aeternae
1512 707 1653 738 poenae,
1671 696 1764 729 iuxta
1782 692 1867 729 haec
1882 696 1991 729 dicta:
2021 695 2123 729 Talia
2140 696 2315 736 facientes,

1338 758 1409 779 non
1441 746 1670 789 possidebunt
1692 758 1837 789 regnum
1861 745 1939 779 Dei.
1999 745 2101 780 item:
2138 745 2212 789 Qui
2235 747 2315 780 facit

1337 803 1535 840 peccatum,
1551 808 1591 829 ex
1609 796 1751 830 diabolo
1770 803 1830 829 est.
1879 795 2012 831 Contra
2029 809 2128 838 vero,
2155 797 2315 842 quisquis

1336 846 1552 880 convertitur
1569 847 1612 879 ad
1629 845 1744 880 Deum
1762 858 1843 880 vera
1867 847 2100 891 poenitentia,
2128 848 2232 882 debet
2251 860 2314 892 ap-

1337 895 1553 940 prehendere
1583 897 1650 930 fide
1673 897 1959 940 promissionem,
2000 905 2035 932 et
2060 905 2211 932 statuere
2234 910 2316 932 vere

1338 948 1403 980 sibi
1430 947 1558 980 remitti
1583 955 1739 990 peccata,
1777 955 1809 980 et
1834 959 1869 980 se
1892 948 2056 993 deinceps
2081 948 2216 992 placere
2242 948 2314 983 Deo

1339 1005 1479 1042 propter
1511 998 1757 1035 mediatorem,
1791 1009 1862 1030 non
1893 1005 2034 1042 propter
2058 999 2236 1043 propriam
2260 999 2315 1031 di-

1339 1055 1496 1091 gnatem,
1531 1055 1565 1082 et
1591 1059 1625 1080 se
1647 1048 1816 1080 vivificari
1840 1054 1871 1081 et
1891 1049 2098 1082 sanctificari
2116 1061 2134 1082 a
2152 1049 2224 1082 filio
2248 1047 2316 1082 Dei

1340 1111 1400 1141 per
1415 1097 1587 1142 Spiritum
1607 1105 1782 1139 sanctum,
1805 1098 1893 1132 sicut
1911 1099 2059 1133 dicitur:
2087 1098 2163 1143 Ipse
2176 1100 2236 1134 dat
2251 1112 2318 1133 no-

1343 1150 1394 1182 bis
1417 1150 1461 1181 de
1492 1149 1617 1193 spiritu
1641 1160 1715 1183 suo,
1971 1191 1976 1194 .

1442 1197 1487 1233 Et
1512 1211 1711 1244 quanquam
1730 1199 1767 1231 in
1786 1196 1849 1232 hac
1867 1205 1986 1232 nostra
2006 1199 2208 1234 infirmitate
2227 1212 2317 1234 sem-

1342 1262 1401 1293 per
1418 1251 1454 1282 in
1473 1250 1619 1292 singulis
1638 1247 1755 1282 haeret
1772 1246 1887 1282 adhuc
1904 1261 2027 1292 magna
2045 1250 2238 1291 dubitatio,
2263 1258 2316 1285 ta-

1341 1313 1420 1333 men
1441 1301 1534 1333 vinci
1552 1300 1806 1333 dubitationem
1833 1301 1900 1332 fide
1923 1312 2060 1333 necesse
2086 1307 2155 1339 est,
2182 1302 2316 1347 alioqui

1340 1363 1398 1383 cor
1421 1363 1493 1383 non
1517 1351 1688 1383 eluctatur
1704 1362 1742 1382 ex
1762 1351 1945 1382 doloribus
1972 1350 2177 1386 inferorum.
2231 1351 2314 1385 Ideo

1341 1400 1468 1433 Paulus
1495 1400 1635 1444 inquit:
1678 1399 1854 1433 iustificati
1886 1400 1954 1432 fide
1986 1411 2103 1443 pacem
2136 1399 2314 1439 habemus.

1341 1450 1440 1484 item:
1466 1450 1534 1483 Per
1550 1448 1644 1483 hunc
1661 1447 1829 1482 habemus
1847 1461 2019 1482 accessum
2044 1451 2086 1482 ad
2104 1449 2216 1484 Deum
2237 1452 2314 1488 fide.

1341 1500 1442 1534 ltem:
1479 1499 1695 1534 Accedamus
1720 1512 1796 1532 cum
1823 1500 1948 1533 tiducia
1972 1501 2014 1532 ad
2043 1497 2208 1534 thronum
2233 1514 2313 1544 gra-

1339 1552 1416 1583 tiae.
1469 1551 1568 1584 Item:
1605 1549 1734 1584 Omnis
1760 1551 1821 1594 qui
1848 1550 1957 1582 credit
1982 1550 2018 1582 in
2041 1550 2170 1590 filium,
2210 1549 2314 1586 habet

1340 1602 1445 1634 vitam
1469 1608 1658 1636 aeternam.
1716 1599 1817 1633 Item:
1847 1599 1917 1641 Qui
1944 1611 2015 1632 non
2041 1601 2150 1634 credit
2168 1602 2204 1633 in
2222 1614 2312 1641 eum,

1338 1651 1450 1693 arguit
1467 1663 1546 1684 eum
1564 1650 1747 1685 mendacii.
1799 1649 1879 1682 Non
1897 1649 1986 1682 velle
2001 1650 2142 1683 credere
2165 1653 2314 1695 promis—

1337 1702 1428 1734 sioni
1446 1701 1512 1735 Dei
1531 1708 1672 1745 propter
1687 1701 1798 1733 filium
1815 1700 1981 1740 traditae,
2008 1707 2058 1734 est
2083 1701 2212 1744 fingere
2234 1715 2313 1746 pec-

1339 1759 1452 1785 catum
1471 1759 1503 1786 et
1519 1763 1664 1794 regnum
1687 1751 1819 1784 diaboli
1847 1751 2023 1794 potentius
2045 1762 2118 1784 esse
2139 1751 2211 1786 filio
2235 1752 2314 1792 Dei,

1338 1809 1369 1836 et
1390 1809 1519 1845 pugnat
1542 1815 1621 1836 cum
1646 1800 1711 1835 hoc
1734 1801 1844 1835 dicto:
1871 1799 1995 1836 Gratia
2019 1802 2184 1836 exuberat
2212 1815 2314 1848 supra

1339 1853 1516 1887 delictum.

1439 1903 1535 1937 Haec
1562 1902 1719 1935 doctrina
1743 1902 1953 1946 opponenda
1976 1908 2027 1935 est
2049 1902 2159 1946 impio
2176 1904 2313 1939 decreto

1339 1953 1474 1999 Synodi
1496 1953 1745 1995 Tridentinae,
1781 1959 1815 1985 et
1833 1952 2037 1995 perniciosis
2060 1951 2314 1988 monachorum

1339 2005 1593 2045 deliramentis,
1633 2010 1666 2036 et
1691 2003 1873 2046 cogitanda
1901 2009 1951 2036 est
1974 2003 2132 2047 quotidie
2157 2004 2193 2036 in
2216 2005 2314 2038 omni

1625 2053 1710 2088 Item
1729 2053 1766 2086 in
1784 2053 1961 2098 symbolo:
2001 2052 2115 2087 Credo
2139 2055 2315 2089 remissio-

1338 2118 1416 2138 nem
1440 2111 1673 2149 peccatorum.

1437 2154 1489 2189 Ex
1514 2154 1569 2188 his
1591 2154 1814 2199 perspicuum
1842 2160 1891 2187 est
1907 2151 2101 2187 Ecclesiam
2125 2154 2275 2189 discerni
2292 2169 2310 2190 a

1336 2207 1479 2240 caeteris
1500 2206 1680 2249 gentibus,
1707 2205 1836 2238 noticia
1857 2204 2098 2248 promissionis
2119 2205 2163 2237 de
2178 2206 2309 2238 media-

1336 2264 1410 2291 tore
1437 2263 1470 2290 et
1494 2258 1566 2290 eius
1584 2256 1781 2296 beneficiis,
1804 2255 1892 2289 sicut
1909 2254 2039 2288 Paulus
2055 2255 2184 2298 inquit:
2212 2254 2308 2289 Fun-

1335 2308 1538 2341 damentum
1556 2307 1650 2340 aliud
1671 2306 1755 2349 poni
1771 2318 1843 2338 non
1861 2312 1989 2349 potest,
2005 2310 2142 2348 praeter
2158 2304 2192 2336 id
2213 2308 2306 2350 quod

1335 2358 1486 2405 positum
1511 2365 1578 2398 est,
1614 2357 1708 2401 quod
1738 2363 1788 2390 est
1811 2355 1905 2389 Iesus
1928 2352 2099 2388 Christus.
2151 2353 2231 2388 Non
2257 2364 2306 2390 est

1334 2409 1440 2449 igitur
1455 2408 1607 2441 Ecclesia
1626 2406 1709 2447 Dei,
1737 2407 1797 2440 ubi
1820 2417 1892 2439 non
1916 2412 1966 2438 est
1988 2404 2118 2437 noticia
2135 2406 2306 2440 mediato-

1333 2459 1380 2491 ris
1404 2466 1436 2492 et
1457 2459 1706 2492 beneficiorum
1729 2457 1821 2496 eius,
1859 2454 1994 2488 etiamsi
2027 2461 2077 2488 est
2106 2455 2155 2487 ibi
2187 2457 2305 2502 aliqua

1331 2510 1415 2552 legis
1435 2510 1582 2547 noticia,
1610 2508 1693 2553 quia
1714 2519 1777 2540 nec
1799 2505 1955 2539 remissio
1979 2511 2216 2548 peccatorum,
2243 2519 2306 2541 nec

1331 2571 1410 2592 vera
1426 2559 1600 2592 invocatio
1618 2558 1692 2591 fieri
1708 2563 1837 2601 potest,
1855 2555 1921 2587 nisi
1939 2556 2005 2587 fide
2021 2554 2305 2599 apprehendatur

1329 2610 1513 2652 promissio
1530 2611 1573 2643 de
1590 2608 1740 2654 gratuita
1755 2606 2040 2640 reconciliatione
2065 2614 2208 2651 propter
2231 2620 2304 2641 me-

1327 2661 1510 2698 diatorem.
