2415 2942
284 101 354 136 567

855 87 978 122 PHlL.
1007 85 1122 122 MEL.
1151 83 1358 121 SCRIPTA
1387 81 1682 120 EXEGETch.

2229 86 2303 121 568

289 187 394 220 stium
406 211 413 222 ,
439 187 569 215 certum
588 186 774 211 numerum
792 173 1004 218 specierum,
1030 178 1063 206 et
1080 169 1267 216 propagari
1319 171 1362 204 ad
1378 168 1608 214 imperiorum
1625 167 1910 204 constitutionem
1923 197 1932 213 ,
1959 177 2018 205 aut
2034 172 2078 206 ad
2103 178 2197 206 artes
2220 170 2305 205 illu-

293 235 419 270 similia
446 244 485 264 ex
509 229 682 262 similibus
704 237 776 259 non
801 224 999 270 promiscue
1023 223 1089 256 alia
1114 234 1156 256 ex
1181 221 1269 255 aliis.

293 286 463 317 Videmus
481 290 599 314 causas
615 277 734 311 finales
756 287 890 309 rerum:
918 273 1065 317 Singula
1080 279 1273 307 nascuntur

294 337 337 369 ad
355 335 507 377 aliquam
523 329 721 364 utilitatem.
767 324 829 360 Est
846 333 879 361 et
895 325 1067 359 mirabilis
1085 334 1273 358 consensus

296 385 515 429 superiorum
531 388 562 414 et
582 379 787 412 inferiorum
805 388 1006 420 corporum.
1060 374 1180 408 Motus
1195 385 1274 407 coe-

297 437 397 469 lestes
418 440 526 466 certas
552 431 643 463 vices
666 428 803 463 aestatis
821 435 854 461 et
876 425 1011 472 hyemis
1029 427 1072 460 ad
1088 426 1275 459 utilitatem

297 485 490 518 viventium
515 482 681 515 efficiunt.
739 479 835 522 Quid
861 478 1012 511 fontium
1033 484 1066 511 et
1088 476 1276 510 fluminum

299 534 522 581 perennitas?
565 532 660 574 Quid
687 531 724 562 in
756 540 902 573 corpore
936 526 1092 561 humano
1124 526 1277 571 partium

302 586 518 629 singularum
544 580 770 616 distributio?
807 579 904 622 Quid
928 579 1000 623 ipsa
1017 578 1155 612 numeri
1171 584 1204 610 et
1221 588 1280 609 or-

302 638 396 671 dinis
418 633 574 678 agnitio?
617 631 742 665 Nonne
767 636 938 664 testantur
962 630 1053 662 clare
1072 626 1162 661 hanc
1177 634 1280 659 natu-

303 700 378 721 ram
408 698 479 719 non
514 683 665 717 extitisse
696 693 795 721 casu,
835 681 893 714 sed
919 680 964 713 ab
997 680 1115 724 aliqua
1142 684 1281 710 aeterna

304 744 420 771 mente
450 743 561 768 ortam
596 732 697 766 esse?
736 730 955 774 Impossibile
987 736 1038 762 est
1073 728 1167 761 enim
1198 725 1283 760 haec

306 800 440 831 semper
459 787 503 819 ita
522 784 595 816 fieri
613 795 713 822 casu,
740 780 957 824 impossibile
974 786 1024 813 est
1046 779 1193 812 noticias
1217 789 1284 810 nu-

308 839 394 871 meri
413 846 445 870 et
462 835 598 868 ordinis
617 844 718 872 casu,
743 839 803 865 aut
820 842 860 863 ex
876 831 1020 864 materia
1039 837 1175 863 tantum
1193 835 1286 862 ortas

307 900 392 922 esse.
447 884 480 919 O
501 895 614 918 caecas
629 881 813 915 hominum
830 887 982 921 mentes,
1010 892 1099 925 quae
1117 886 1187 913 tam
1207 890 1287 923 per-

311 939 439 983 spicuis
453 934 686 978 argumentis,
714 939 783 966 tam
801 932 969 974 expressis
988 930 1141 973 vestigiis
1156 929 1288 962 divini-

307 990 387 1023 tatis
414 999 486 1020 non
510 990 712 1023 moventur,
744 989 784 1016 ut
808 981 934 1015 melius
960 983 1003 1015 de
1019 981 1092 1015 Deo
1122 980 1289 1020 sentiant,

309 1048 342 1073 et
359 1050 438 1072 eum
455 1042 692 1070 revereantur.

411 1096 598 1139 Quintum.
652 1092 708 1126 Ad
726 1091 862 1126 ordinis
876 1089 1195 1124 considerationem
1211 1100 1291 1132 per-

309 1149 398 1185 tinet
414 1154 446 1180 et
461 1145 595 1191 politici
619 1143 754 1177 ordinis
769 1141 1012 1176 consideratio.
1064 1139 1105 1173 In
1121 1138 1187 1173 hoc
1203 1151 1292 1184 quo-

311 1212 378 1246 que
396 1200 513 1232 lucent
534 1195 702 1239 sapientia
725 1201 758 1227 et
774 1193 912 1226 bonitas
925 1192 1005 1225 Dei:
1043 1190 1147 1233 Quod
1167 1198 1291 1224 natura

311 1250 466 1285 humana
482 1249 522 1280 ad
539 1247 736 1279 societatem
750 1244 889 1277 condita
907 1249 968 1283 est,
985 1243 1080 1287 quod
1097 1241 1292 1274 consociata

313 1301 433 1334 multis
458 1297 608 1331 vinculis
625 1321 633 1334 ‚
674 1294 934 1331 contractibus,
974 1293 1101 1336 pactis,
1143 1291 1293 1331 iudiciis,

316 1350 489 1395 imperiis,
522 1347 656 1392 poenis,
721 1345 834 1377 'l'otus
857 1341 914 1376 hic
939 1344 1024 1376 ordo
1049 1349 1194 1376 testatur
1225 1339 1293 1374 hu-

314 1413 458 1435 manum
480 1410 587 1442 genus
605 1407 676 1429 non
694 1403 844 1429 extitisse
859 1405 951 1427 casu.

416 1458 570 1492 Sextum.
624 1453 655 1488 A
676 1454 797 1498 poenis
821 1451 1077 1486 homicidarum
1096 1457 1129 1484 et
1151 1460 1293 1483 conser-

317 1511 457 1544 vatione
481 1520 518 1540 ac
540 1506 718 1539 eversione
751 1504 990 1547 imperiorum.
1063 1501 1292 1534 Manifestum

317 1569 366 1595 est
383 1558 574 1593 homicidas
590 1552 720 1588 retrahi
737 1555 779 1587 ad
799 1564 945 1597 poenas,
972 1564 1043 1585 non
1061 1549 1216 1584 humana
1238 1551 1293 1582 di-

316 1611 471 1655 ligentia,
489 1608 546 1642 sed
559 1606 740 1645 divinitus,
753 1611 792 1638 ut
802 1609 1026 1637 conservetur
1041 1602 1184 1635 societas
1193 1601 1293 1634 vitae.

318 1663 369 1696 Ita
388 1660 608 1694 manifestum
625 1663 675 1689 est
694 1655 840 1699 imperia
859 1653 1044 1693 constitui,
1070 1663 1144 1685 non
1168 1649 1294 1684 buma-

317 1713 373 1746 nis
407 1711 564 1749 viribus,
601 1708 659 1740 sed
691 1707 733 1739 ab
760 1706 879 1750 aliquo
911 1704 1076 1743 numine,
1106 1714 1145 1736 ac
1175 1712 1294 1735 rursus

319 1762 427 1798 everti
450 1766 593 1806 propter
615 1757 819 1803 tyrannides
835 1762 868 1789 et
884 1755 1068 1788 libidines:
1103 1753 1185 1798 quia
1201 1751 1296 1785 Deus

319 1813 422 1859 punit
440 1812 476 1844 in
493 1810 653 1844 societate
671 1808 765 1841 civili
787 1806 916 1840 atrocia
934 1805 1075 1839 delicta:
1099 1804 1188 1837 sicut
1205 1802 1296 1836 Tar-

320 1864 463 1910 quinius
480 1862 600 1906 pulsus
617 1865 680 1892 est:
709 1858 791 1892 victi
807 1856 1097 1896 Lacedaemonii,
1122 1866 1201 1888 cum
1219 1853 1297 1898 qui-

321 1917 400 1949 dam
425 1925 485 1958 per
508 1912 578 1944 vim
606 1916 820 1953 stuprassent
842 1905 990 1952 hospitis
1017 1907 1105 1940 filias
1131 1912 1163 1938 et
1178 1912 1296 1950 postea

320 1977 375 1999 eas
390 1962 653 1997 interfecissent.

420 2029 629 2075 Septimum.
679 2025 710 2060 A
729 2025 1040 2069 significationibus
1062 2035 1178 2057 rerum
1201 2023 1298 2057 futu-

321 2094 457 2121 rarum,
491 2079 622 2112 multae
646 2084 726 2111 sunt
750 2074 911 2121 physicae
933 2075 1202 2118 significationes
1225 2085 1299 2106 cer-

323 2142 395 2171 tae,
423 2132 476 2164 vel
501 2130 698 2167 stellarum,
723 2127 778 2159 vel
802 2126 1009 2158 inferiorum
1028 2137 1232 2168 corporum:
1260 2131 1299 2157 ut

325 2183 513 2217 certissima
536 2187 567 2213 et
592 2184 755 2223 perpetua
781 2176 991 2220 experientia
1015 2183 1179 2215 testatur,
1213 2187 1300 2207 con-

324 2246 458 2277 gressus
479 2231 658 2265 stellarum
683 2226 909 2261 humidarum
936 2227 973 2259 in
999 2227 1108 2268 signis
1132 2224 1298 2264 humidis,

326 2285 517 2327 significare
543 2281 698 2325 pluvias,
725 2284 953 2322 tempestates.
1006 2277 1111 2317 Item,
1139 2277 1296 2320 prodigia

325 2336 433 2367 multa
452 2338 621 2377 apparent
641 2331 714 2363 sine
741 2336 831 2362 certa
854 2328 945 2371 lege,
971 2334 1003 2360 et
1024 2334 1141 2360 tamen
1165 2327 1298 2369 signifi-

326 2386 449 2419 cantia.
503 2383 587 2416 ltem
610 2393 689 2414 vera
717 2379 897 2418 vaticinia,
924 2385 963 2411 ut
984 2377 1141 2410 Danielis
1166 2378 1208 2410 de
1231 2377 1297 2409 im-

326 2436 503 2480 periorum
529 2433 663 2466 ordine.
724 2429 800 2463 Hae
827 2429 1095 2472 significationes
1119 2440 1190 2461 non
1217 2439 1298 2472 pos-

327 2493 424 2526 sunt,
450 2484 518 2516 nisi
539 2483 582 2516 ab
599 2489 736 2515 aeterna
752 2481 868 2525 aliqua
885 2486 999 2512 mente
1016 2477 1198 2523 proficisci.

427 2549 613 2585 Octavum.
684 2547 825 2580 Heroici
850 2553 965 2580 motus
993 2553 1073 2579 sunt
1102 2553 1216 2579 motus
1240 2558 1298 2579 su-

322 2617 385 2649 pra
405 2602 594 2636 humanam
613 2604 770 2631 naturam
783 2624 792 2637 ,
826 2604 857 2631 et
875 2609 1019 2641 magnae
1035 2597 1182 2630 alicuius
1200 2597 1296 2630 utili-

322 2657 400 2690 tatis
423 2664 524 2688 causa
550 2649 729 2684 interdum
762 2648 968 2692 contingunt
992 2645 1215 2689 hominibus,
1259 2654 1296 2681 ut

1319 222 1498 262 strandas,
1524 220 1616 254 vitae
1641 219 1757 255 utiles.
1809 218 1905 264 Ergo
1927 222 2093 258 oriuntur
2115 223 2160 257 ab
2186 222 2304 268 aliqua

1323 271 1575 318 praestantiore
1591 277 1717 305 natura
1736 277 1770 305 et
1785 270 2012 314 intelligente.

1423 338 1578 373 Nonum.
1639 338 1672 371 A
1696 337 1784 371 serie
1808 348 2004 374 causarum.
2064 337 2198 373 Causae
2219 345 2303 373 sunt

1325 391 1362 424 in
1385 397 1510 424 natura
1529 389 1729 429 ordinatae,
1756 388 1804 422 ita
1830 394 1869 422 ut
1893 399 2031 421 necesse
2055 388 2099 422 sit
2125 389 2305 433 perveniri

1326 443 1368 475 ad
1386 453 1491 475 unam
1512 441 1674 485 primam,
1703 450 1792 484 quae
1809 450 1882 472 non
1900 439 2044 472 aliunde
2061 446 2230 481 movetur,
2245 440 2306 473 sed

1327 499 1444 526 movet
1460 499 1621 526 caeteras.
1675 489 1713 524 Si
1731 496 1781 523 est
1797 490 1929 533 prima,
1954 500 2092 523 necesse
2108 496 2158 523 est
2173 501 2248 523 eam
2265 502 2307 524 ex

1328 554 1400 576 sese
1417 540 1546 576 habere
1570 542 1641 574 vim
1659 541 1844 581 movendi,
1867 538 1962 583 Ergo
1986 547 2036 574 est
2062 539 2219 574 infinitae
2244 552 2309 583 po-

1330 593 1469 627 tentiae.
1536 590 1581 625 Et
1605 604 1676 625 esse
1709 591 1864 636 aliquam
1894 591 2045 635 primam
2073 601 2212 624 necesse
2241 597 2308 624 est:

1331 644 1464 689 alioqui
1482 643 1574 676 enim
1595 642 1714 676 nullus
1737 649 1825 675 esset
1839 642 1926 674 ordo
1944 652 2143 680 causarum,
2169 641 2197 674 si
2214 652 2311 685 spar-

1333 706 1389 728 sae
1407 701 1520 727 essent
1538 694 1725 727 infinitum.
1776 691 1854 725 Hoc
1871 699 2115 735 argumentum
2137 692 2174 724 in
2190 689 2313 737 physi-

1333 746 1382 778 cis
1401 745 1533 789 prolixe
1550 751 1737 786 tractatur,
1765 749 1798 776 et
1815 743 1897 776 satis
1913 743 2053 776 firmum
2071 748 2137 775 est:
2171 742 2229 775 sed
2252 752 2312 775 su-

1334 795 1471 840 periora
1491 802 1571 828 sunt
1590 794 1698 838 magis
1714 793 1883 832 illustria,
1911 805 2000 838 quae
2023 805 2041 826 a
2066 799 2194 826 natura
2209 803 2312 826 men-

1335 846 1400 884 tis,
1428 857 1446 878 a
1464 845 1664 878 discrimine
1682 843 1910 878 honestorum
1934 850 1967 877 et
1983 843 2160 888 turpium,
2187 843 2231 877 ab
2252 854 2312 876 or-

1337 897 1420 929 dine
1436 895 1473 928 in
1490 902 1613 928 natura
1632 902 1664 929 et
1683 895 1844 929 societate
1866 901 1979 929 sumta
1996 900 2094 928 sunt:
2128 905 2217 938 quae
2232 893 2315 938 qui·

1338 948 1416 980 dem
1433 952 1603 980 testantur
1620 957 1693 978 non
1709 946 1822 978 solum
1840 945 1999 989 opificem
2015 956 2085 978 esse
2101 943 2228 985 Deum,
2254 945 2315 977 sed

1339 997 1441 1030 etiam
1461 997 1654 1036 vindicem,
1681 1007 1813 1040 nosque
1829 997 1872 1028 ad
1888 995 2049 1029 timorem
2067 994 2134 1027 Dei
2151 994 2316 1031 invitant.

1341 1047 1459 1091 Quare
1485 1047 1722 1080 adolescentes
1746 1046 1876 1079 talibus
1899 1045 2170 1089 cogitationibus
2188 1044 2319 1078 confir-

1340 1104 1437 1131 ment
1457 1097 1605 1132 animos.
1671 1096 1760 1130 Nam
1785 1108 1856 1141 quo
1880 1096 2082 1139 diligentius
2105 1094 2190 1129 haec
2213 1106 2318 1138 argu-

1342 1155 1458 1182 menta
1485 1148 1767 1187 consideramus,
1801 1158 1843 1179 eo
1869 1147 1978 1189 magis
2001 1147 2217 1180 adsentimur
2233 1172 2241 1188 ,
2278 1153 2319 1180 ut

1342 1198 1441 1232 Plato
1459 1199 1594 1243 inquit,
1621 1205 1654 1231 et
1671 1209 1736 1231 nos
1758 1197 1825 1241 ipsi
1849 1197 2059 1241 experimur.
2111 1195 2231 1231 Sciant
2255 1208 2319 1230 au-

1342 1256 1410 1283 tem
1442 1249 1609 1289 studiosi,
1651 1248 1769 1281 omnia
1795 1245 1879 1280 haec
1902 1254 2106 1290 argumenta
2129 1258 2201 1280 esse
2225 1247 2318 1291 leges

1342 1307 1508 1340 naturae,
1536 1299 1785 1343 praecipientes
1806 1305 1845 1331 ut
1867 1309 2094 1341 agnoscamus
2108 1296 2222 1331 Deum
2246 1308 2320 1331 esse

1343 1349 1562 1383 conditorem
1587 1349 1768 1390 omnium,
1803 1354 1836 1381 et
1856 1360 1919 1381 nos
1942 1349 1973 1381 ei
1998 1349 2124 1381 debere
2150 1348 2320 1381 obedien-

1344 1401 1440 1435 tiam.
1510 1401 1627 1445 Atque
1650 1400 1696 1434 ita
1722 1399 1961 1432 accommodat
1986 1395 2052 1431 hoc
2073 1399 2151 1431 loco
2176 1397 2318 1431 Paulus.

1343 1450 1431 1484 Cum
1457 1458 1570 1484 autem
1595 1462 1699 1494 supra
1724 1450 1760 1482 in
1781 1449 2020 1493 propositione
2045 1455 2181 1482 accuset
2199 1459 2321 1481 omnes

1344 1499 1522 1542 homines,
1551 1513 1645 1534 nunc
1662 1500 1814 1534 instituit
1831 1499 2133 1533 distributionem:
2161 1498 2321 1532 Primum

1344 1552 1572 1584 concionatur
1593 1552 1774 1594 gentibus,
1803 1556 1920 1594 postea
1944 1549 2098 1583 Iudaeis:
2133 1549 2181 1582 ait
2204 1555 2323 1592 gentes

1345 1613 1416 1635 esse
1438 1602 1503 1635 sub
1528 1608 1665 1644 peccato
1684 1625 1693 1639 ‚
1728 1600 1810 1645 quia
1834 1612 1914 1633 cum
1936 1599 2051 1633 Deum
2077 1600 2217 1640 norint,
2248 1611 2322 1632 non

1344 1659 1460 1685 tamen
1492 1651 1775 1695 glorificaverunt
1804 1657 1843 1684 ut
1866 1648 1981 1684 Deum
2001 1676 2010 1691 ,
2051 1662 2115 1684 nec
2137 1650 2167 1683 ei
2196 1650 2323 1694 gratias

1345 1709 1501 1746 egerunt.

1532 1791 1619 1829 N'on
1634 1790 1927 1839 glorficaverunt
1945 1796 1983 1826 ut
1996 1790 2132 1828 Deum.

1450 1867 1657 1903 Glorificare
1674 1875 1712 1903 ut
1728 1867 1842 1902 Deum
1853 1893 1864 1908 ,
1891 1874 1939 1901 est
1956 1866 2031 1901 Deo
2048 1875 2187 1902 aeterno
2204 1878 2322 1900 rerum

1347 1920 1524 1954 conditori
1552 1920 1706 1953 tribuere
1728 1917 1819 1952 hanc
1842 1918 2006 1962 gloriam,
2032 1919 2126 1962 quod
2151 1918 2196 1952 sit
2216 1916 2324 1959 Deus,

1350 1971 1383 2003 id
1410 1977 1476 2009 est,
1519 1977 1706 2010 aeternus,
1744 1970 1931 2003 immensae
1961 1969 2164 2013 potentiae,
2205 1980 2324 2002 rerum

1349 2021 1512 2054 conditor
1529 2028 1561 2054 et
1576 2026 1814 2061 conservator,
1841 2020 1998 2064 sapiens,
2024 2019 2154 2060 iustus,
2177 2019 2328 2063 puniens

1349 2072 1510 2113 iniustos,
1537 2071 1724 2105 exaudiens
1741 2078 1773 2105 et
1789 2071 1959 2104 adiuvans
1976 2070 2095 2111 iustos,
2121 2070 2222 2115 eique
2240 2071 2326 2104 obe-

1350 2123 1446 2164 dire,
1472 2135 1509 2156 ac
1526 2134 1605 2155 vere
1622 2123 1743 2155 timere
1759 2122 1833 2155 eius
1848 2121 2035 2160 iudicium,
2059 2128 2092 2154 et
2108 2133 2187 2154 vere
2202 2121 2232 2153 ei
2249 2132 2324 2154 cre-

1350 2174 1451 2213 dere,
1479 2180 1512 2207 et
1536 2174 1581 2207 ab
1606 2185 1646 2206 eo
1663 2180 1779 2217 petere
1803 2180 1835 2206 et
1859 2178 2036 2217 expectare
2061 2172 2165 2205 bona.
2218 2170 2324 2204 Hunc

1349 2222 1519 2258 honorem
1545 2223 1619 2257 Deo
1643 2224 1798 2257 tribuere
1817 2234 1938 2256 omnes
1963 2223 2193 2262 debebamus,
2218 2221 2324 2266 idque

1349 2282 1448 2309 vocat
1465 2273 1540 2317 hic,
1565 2274 1758 2318 glorificare
1776 2281 1815 2308 ut
1834 2274 1962 2308 Deum.

1450 2341 1590 2376 Gratias
1608 2353 1724 2386 agere,
1748 2347 1798 2375 est
1816 2341 1955 2374 credere
1977 2340 2071 2385 quod
2087 2338 2182 2374 Deus
2203 2339 2248 2374 sit
2267 2351 2325 2374 re-

1349 2406 1427 2427 rum
1450 2394 1629 2433 conditor,
1656 2393 1750 2437 quod
1770 2392 1802 2425 ei
1822 2403 1923 2424 curae
1943 2390 2068 2431 simus,
2096 2392 2192 2435 quod
2214 2391 2321 2425 vitam

1349 2451 1382 2478 et
1404 2445 1471 2478 alia
1493 2445 1584 2478 bona
1607 2444 1651 2477 ab
1674 2443 1751 2487 ipso
1771 2442 1999 2486 accipiamus,
2025 2441 2195 2475 auxilium
2211 2448 2244 2476 et
2260 2442 2322 2475 de-

1348 2496 1542 2528 fensionem
1561 2495 1604 2528 ab
1621 2506 1660 2527 eo
1679 2500 1793 2537 petere
1812 2500 1844 2526 et
1862 2498 2056 2536 expectare,
2082 2503 2121 2526 ac
2139 2499 2322 2537 propterea

1349 2558 1428 2579 eum
1461 2556 1646 2589 agnoscere
1675 2552 1839 2588 tanquam
1863 2542 2077 2584 Dominum,
2112 2544 2213 2588 eique
2234 2543 2321 2577 obe-

1350 2596 1443 2638 dire,
1478 2592 1521 2629 ne
1548 2597 1655 2629 simus
1677 2594 1824 2637 ingrati,
1859 2600 1892 2627 et
1913 2600 2132 2628 contumaces
2157 2595 2321 2628 adversus

1349 2646 1555 2690 Dominum,
1581 2653 1614 2681 et
1632 2645 1806 2679 celebrare
1821 2656 1859 2678 ac
1876 2644 2075 2689 praedicare
2091 2645 2165 2678 eius
2184 2656 2322 2686 nomen,
