2415 2942
247 125 322 163 215

354 209 463 253 Saepe
485 213 518 241 et
539 206 606 239 hoc
628 202 742 246 cogito
766 198 831 234 hac
848 198 1081 242 descriptione
1098 196 1234 241 signifi-

253 262 335 297 cari.
390 259 462 302 Qui
485 264 552 297 est,
581 256 616 288 id
639 260 706 293 est,
732 252 828 284 iltius
853 251 926 294 ipse
948 249 1040 282 fitius
1059 249 1145 290 Dei,
1172 247 1233 293 qui

255 314 322 346 iam
342 318 422 344 ante
438 308 536 341 vobis
552 312 600 338 est
621 302 828 348 promissus:
858 300 954 334 ldem
973 297 1029 332 hic
1053 300 1122 333 iam
1139 299 1235 332 misit

255 375 330 402 me,
358 359 414 393 hic
432 359 521 391 idem
540 356 605 388 iam
625 364 764 399 quoque
782 352 951 386 liberator
967 350 1044 386 erit.
1098 350 1169 384 Nec
1191 350 1234 383 ab

256 412 321 446 hac
340 406 627 451 interpretatione
652 404 773 448 procul
791 403 908 443 abest,
936 402 1031 447 quod
1053 402 1112 436 alii
1132 413 1235 434 enar-

256 469 356 501 rant,
382 458 492 492 futuri
517 455 684 499 temporis
708 466 828 487 vocem
855 461 1028 497 urgentes.
1080 451 1156 495 Ego
1175 464 1234 485 ero

257 513 318 558 qui
333 523 411 547 ero,
439 509 474 542 id
494 514 562 547 est,
589 518 650 550 ego
667 506 725 538 ille
745 505 935 549 promissus
952 504 1050 538 vobis
1068 504 1236 536 liberator

257 565 382 602 adero,
414 560 474 605 qni
499 559 680 603 aliquanto
706 563 783 600 post
808 568 866 589 ero
890 556 996 588 frater
1021 562 1149 595 vester,
1184 564 1239 586 as-

258 620 372 647 sumta
389 609 541 645 humana
558 615 695 647 natura,
721 614 754 640 et
772 619 832 640 vos
850 619 929 639 vere
949 606 1106 639 liberabo
1123 617 1140 638 a
1159 615 1238 649 pec-

259 671 335 698 cato
355 670 386 696 et
403 674 421 695 a
441 667 570 698 morte,
599 666 631 692 ct
648 659 739 691 inter
756 669 815 691 vos
833 658 868 690 in
892 669 994 690 carne
1018 667 1201 699 resurgens
1221 665 1239 686 a

260 721 392 753 morte,
420 723 566 755 regnum
592 716 772 743 aeternum
798 709 957 740 incoabo.
1011 707 1107 739 Haec
1132 707 1240 739 inter-

261 764 410 811 pretatio
428 764 469 795 de
489 762 560 794 filio
582 759 645 794 Dei
664 761 830 804 loquente
852 766 884 791 et
906 758 1122 801 significante
1145 757 1241 789 futu-

262 828 341 850 rum
360 815 569 852 adventum,
596 811 701 843 simul
716 811 879 842 admonet
897 809 1094 842 auditorem
1113 808 1154 839 de
1180 818 1242 838 na-

263 874 340 901 tura
362 865 480 898 divina
508 863 543 895 in
566 859 726 900 Christo,
754 867 785 893 et
808 866 886 902 apte
909 858 1070 901 congruit
1094 859 1135 890 ad
1162 869 1244 901 pro—

264 917 468 954 missiones,
496 913 593 958 quasi
622 912 729 944 dicat:
767 910 863 952 Quid
887 910 1026 942 dubitas
1050 911 1093 942 de
1117 909 1244 941 libera-

264 967 384 1002 tione?
435 964 509 1007 Ego
527 975 586 995 ero
604 961 664 1006 qui
683 973 760 1001 ero,
787 961 821 993 id
840 967 909 998 est,
938 971 999 1003 ego
1015 972 1093 992 cum
1112 958 1246 1003 promi-

265 1018 368 1051 serim
384 1027 438 1048 me
454 1015 611 1048 futurum
638 1013 780 1045 fratrem
798 1018 965 1051 vestrum,
993 1017 1025 1044 et
1043 1022 1082 1043 os
1100 1022 1139 1043 ex
1157 1009 1246 1043 ossi—

264 1069 332 1102 bus
348 1066 488 1105 vestris,
515 1071 546 1097 et
569 1063 797 1096 collecturum
816 1059 905 1094 mihi
921 1061 1111 1094 Ecclesiam
1136 1067 1247 1093 aeter-

265 1131 366 1156 nam,
394 1128 489 1150 nunc
505 1115 609 1148 etiam
628 1114 754 1153 adero,
782 1124 843 1145 vos
860 1113 1023 1150 servabo,
1050 1124 1095 1144 ne
1117 1109 1174 1144 hic
1193 1117 1247 1156 ty-

265 1180 398 1203 rannus
416 1178 477 1200 vos
493 1165 685 1209 opprimat:
708 1163 781 1206 Ego
800 1164 858 1196 ille
876 1164 947 1206 ipse
965 1161 1078 1201 Deus,
1107 1162 1167 1207 qui
1187 1174 1249 1205 po-

265 1227 336 1254 stea
364 1231 422 1251 ero
450 1218 556 1250 frater
578 1221 709 1255 vester,
737 1226 831 1247 nunc
855 1214 1028 1247 affuturus
1051 1225 1139 1248 sum.
1192 1212 1250 1246 Sic

267 1269 455 1315 quadrabit
481 1275 513 1301 et
539 1267 643 1299 illud:
684 1265 756 1307 Qui
781 1265 867 1304 erit,
900 1265 996 1298 misit
1022 1277 1094 1305 me,
1128 1264 1165 1296 id
1189 1269 1251 1303 est,

268 1323 327 1354 ille
352 1327 469 1353 noster
492 1319 660 1351 liberator
679 1316 738 1361 qui
755 1317 820 1348 erit
842 1316 948 1349 frater
965 1322 1082 1348 noster
1100 1321 1250 1348 assumta

269 1383 392 1411 carne,
421 1369 481 1415 qui
507 1368 605 1401 vobis
631 1367 822 1410 promissus
846 1373 913 1403 est,
941 1366 1036 1398 misit
1060 1377 1126 1399 me.
1180 1364 1252 1398 Re-

270 1422 389 1456 censui
406 1419 710 1463 interpretationes
734 1417 801 1450 loci
821 1417 857 1449 in
875 1415 977 1449 Mose
993 1417 1085 1460 pias,
1115 1428 1154 1448 ex
1173 1415 1252 1460 qui-

270 1474 335 1506 bus
353 1472 482 1514 deligat
506 1471 628 1508 lector,
657 1480 760 1513 quam
787 1468 899 1508 volet,
929 1467 992 1500 etsi
1011 1467 1146 1500 vicinae
1173 1472 1254 1499 sunt

270 1534 410 1563 omnes,
436 1522 492 1554 sed
518 1526 693 1565 postrema
709 1518 1003 1552 accommodatior
1022 1525 1070 1552 est
1088 1519 1131 1551 ad
1150 1515 1254 1551 Chri-

271 1575 312 1608 sti
329 1584 526 1619 personam.

535 1651 717 1688 Tulerunl
737 1663 821 1699 ergo
837 1649 993 1699 lapides·

373 1725 442 1759 Hic
474 1722 756 1768 disputationum
789 1721 827 1753 in
853 1719 1010 1754 Ecclesia
1045 1720 1156 1753 exitus
1189 1726 1254 1752 est:

275 1777 369 1810 Victi
400 1776 494 1809 enim
520 1774 619 1818 impii
647 1772 756 1815 magis
789 1772 989 1811 insaniunt,
1022 1772 1109 1804 sicut
1140 1770 1257 1815 inquit

275 1826 355 1862 Esa·
379 1827 428 1861 6.:
463 1824 593 1860 Audite
619 1823 818 1863 audientes,
852 1829 884 1855 et
916 1822 1024 1854 nolite
1054 1821 1257 1863 intelligere,

278 1891 416 1911 excaeca
435 1889 494 1909 cor
511 1875 630 1920 populi
648 1872 762 1913 huius,
792 1880 822 1906 et
838 1872 926 1906 Psal.
943 1873 1020 1906 68.;
1051 1871 1256 1905 Obscuren-

279 1937 336 1962 tur
358 1928 449 1962 oculi
468 1938 601 1963 eorum,
626 1937 669 1957 ne
694 1924 846 1958 videant.
901 1922 1079 1956 Terribile
1104 1923 1257 1966 profecto

279 1979 510 2023 spectaculum
529 1984 588 2016 est,
616 1975 708 2020 quod
723 1975 872 2007 maxima
891 1981 922 2007 et
939 1975 973 2006 in
993 1974 1139 2017 speciem
1159 1985 1258 2017 prae-

280 2029 491 2064 stantissima
510 2039 589 2072 pars
606 2025 740 2069 generis
755 2022 902 2058 humani
925 2025 1053 2058 talibus
1070 2025 1170 2057 furiis
1186 2023 1260 2067 agi-

280 2089 373 2115 tatur
386 2107 394 2120 ,
419 2086 456 2113 ut
481 2079 682 2111 manifestae
699 2076 774 2108 voci
791 2074 856 2108 Dei
873 2083 992 2108 contra
1010 2075 1258 2108 conscientiam

280 2133 493 2169 adversetur,
521 2129 639 2161 vident
656 2128 692 2159 in
716 2124 874 2166 Christo,
900 2123 1085 2170 Prophetis
1113 2133 1146 2159 et
1162 2126 1260 2169 Apo-

284 2183 399 2222 stolis,
426 2180 606 2213 manifesta
627 2177 694 2211 Dei
717 2177 932 2216 testimonia,
960 2184 991 2210 et
1015 2184 1130 2210 tamen
1156 2188 1260 2220 repu-

285 2240 407 2275 gnant,
435 2243 500 2264 nec
519 2237 651 2264 tantum
669 2234 884 2271 repugnant,
910 2228 968 2259 sed
989 2228 1091 2260 etiam
1109 2240 1126 2260 e
1143 2227 1259 2259 medio

284 2284 405 2316 tollere
422 2283 579 2315 doctores
597 2285 778 2318 conantur,
804 2277 890 2310 sicut
907 2275 963 2310 hic
983 2278 1114 2321 lapides
1133 2278 1263 2311 tollunt

284 2334 326 2366 ad
344 2333 563 2365 obruendum
582 2328 775 2364 Christum.
807 2327 875 2362 Sed
896 2328 965 2360 duo
982 2325 1065 2360 haec
1081 2329 1263 2368 discamus,

287 2384 439 2428 primum
470 2383 531 2415 etsi
564 2381 666 2415 multi
697 2381 946 2417 adversantur,
979 2385 1094 2411 tamen
1126 2379 1263 2423 aliquos

287 2433 448 2476 amplecti
472 2432 701 2475 lix-angelium
729 2441 866 2463 necesse
891 2435 957 2468 est,
983 2429 1072 2461 sicut
1096 2429 1262 2471 scriptum

289 2492 337 2517 est
353 2482 475 2517 Esaiae
489 2481 563 2515 55,;
602 2482 756 2514 Verbum
775 2492 889 2513 meum
908 2492 979 2512 non
1003 2486 1196 2512 revertetur
1220 2480 1262 2512 ad

287 2547 448 2573 vacuum,
476 2541 536 2568 etc.
590 2531 634 2566 Et
652 2543 788 2575 semper
806 2542 1004 2563 mansuram
1023 2541 1093 2563 esse
1110 2530 1263 2574 aliquam

287 2584 499 2624 Ecclesiam,
528 2584 636 2617 multa
660 2582 749 2614 dicta
773 2588 961 2621 testantur,
987 2588 1024 2614 ut
1047 2578 1170 2613 Esaiae
1187 2578 1264 2613 59.:

289 2635 367 2669 Hoc
385 2635 507 2668 foedus
523 2646 638 2667 meum
656 2644 734 2665 cum
751 2632 808 2672 eis,
836 2632 920 2665 dicit
936 2631 1116 2664 dominus:
1152 2631 1264 2675 Spiri-

289 2693 343 2720 tus
369 2696 464 2719 meus
480 2685 539 2730 qni
562 2691 612 2719 est
637 2684 673 2716 in
696 2689 745 2724 te,
773 2689 804 2716 et
821 2683 923 2717 verba
941 2694 1032 2724 mea,
1060 2694 1148 2727 quae
1165 2681 1266 2727 posui

831 115 957 151 1‘111L.
984 111 1101 149 MEL.
1127 109 1337 147 SCRIPTA
1363 107 1665 147 ExEGEthA.

2194 117 2270 153 216

1285 197 1322 230 in
1339 208 1398 229 ore
1414 203 1493 238 tun,
1520 207 1594 229 non
1615 197 1782 232 recedent
1807 198 1852 232 ab
1872 211 1932 233 ore
1953 206 2033 242 tuo,
2058 212 2124 235 nec
2146 201 2190 235 ab
2213 213 2274 236 ore

1285 247 1429 282 seminis
1462 247 1534 288 tui,
1576 248 1614 280 in
1646 248 1913 292 sempiternum.
1967 250 2061 285 Haec
2086 251 2274 299 promissio

1286 306 1430 334 testatur
1455 310 1594 342 semper
1618 299 1773 344 aliquam
1800 300 1955 335 futuram
1982 313 2053 335 esse
2069 301 2276 339 Ecclesiam.

1287 349 1332 384 Et
1346 350 1488 395 quidem
1505 361 1580 382 eam
1598 361 1756 394 expresse
1773 351 1896 385 definit
1915 349 2008 385 hunc
2031 360 2167 387 coetum
2186 364 2273 395 esse,

1288 401 1325 434 in
1347 401 1446 434 cuius
1469 412 1530 433 ore
1555 400 1599 434 sit
1622 402 1769 435 verbum
1792 402 1961 436 traditum
1985 415 2046 447 per
2070 402 2277 448 Prophetas,

1289 459 1321 485 et
1350 451 1387 483 in
1411 451 1540 496 quibus
1570 451 1615 485 sit
1640 453 1784 496 spiritus
1810 453 1959 498 loquens
1987 465 2049 498 per
2070 452 2276 498 Prophetas·

1290 502 1368 535 Non
1388 502 1495 544 igitur
1512 502 1627 536 inanis
1642 510 1692 536 est
1709 501 1896 547 Evangelii
1922 504 2154 548 praedicatio,
2182 516 2274 538 sem-

1291 565 1351 596 per
1366 559 1470 585 erunt
1487 552 1616 597 aliqui,
1643 554 1703 599 qui
1721 555 1976 598 amplectentur
1994 556 2140 590 verbum
2152 581 2162 596 ,
2189 555 2278 590 sicut

1291 603 1396 637 Rom.
1414 602 1449 638 9.
1478 603 1624 636 dicitur:
1657 604 1844 650 Reliquiae
1873 606 1988 639 salvae
2018 606 2121 651 fient,
2151 606 2187 639 id
2217 612 2279 645 est,

1293 665 1371 698 pars
1389 653 1532 698 populi,
1560 665 1624 687 nec
1640 655 1810 697 maxima,
1838 668 1902 689 nec
1917 657 2128 690 antecellens
2151 664 2278 701 poten-

1293 705 1360 745 tia,
1396 703 1609 746 honoribus,
1641 705 1781 750 opibus.
1839 706 1935 740 Haec
1955 708 2125 741 sententia
2150 707 2282 740 illustri

1295 757 1404 798 figura
1421 762 1544 788 ornata
1561 762 1620 789 est.
1671 755 1782 790 Amos
1798 757 1851 790 3.:
1880 756 1976 790 Haec
1992 758 2078 791 dicit
2093 757 2282 799 Dominus,

1295 806 1393 840 Sicut
1410 806 1501 840 eruit
1519 812 1636 850 pastor
1651 818 1690 840 ex
1706 807 1866 841 faucibus
1888 808 2000 842 leonis
2016 809 2087 842 duo
2105 820 2220 852 crura,
2248 814 2283 842 et

1297 864 1485 890 extremam
1503 857 1699 897 auriculae,
1727 858 1775 891 sic
1792 859 2040 893 liberabuntur
2056 858 2118 893 filii
2136 858 2257 894 Israel.

1399 932 1561 966 Alterum
1586 939 1654 975 est,
1693 935 1787 978 quod
1811 931 1868 968 hic
1895 935 1991 968 locus
2016 941 2152 976 monet,
2186 935 2284 981 quod

1298 981 1461 1018 Christus
1483 994 1584 1026 saepe
1603 984 1711 1017 evasit
1728 997 1767 1018 ex
1786 985 1949 1019 manibus
1965 986 2194 1027 Iudaeorum,
2221 997 2285 1019 nec

1300 1035 1397 1078 prius
1422 1035 1465 1066 ad
1492 1033 1703 1077 supplicium
1728 1036 1804 1079 rapi
1824 1036 1958 1081 potuit,
1984 1049 2088 1081 quam
2113 1036 2286 1070 divinitus

1302 1085 1532 1118 constitutum
1559 1091 1643 1118 erat.
1695 1084 1943 1120 Admonemur
1955 1085 2148 1120 Ecclesiam
2173 1094 2290 1121 custo-

1302 1135 1371 1169 diri
1397 1135 1578 1167 divinitus.
1642 1134 1854 1181 Quanquam
1877 1137 1984 1180 igitur
2006 1138 2080 1171 vult
2102 1137 2197 1171 Deus
2224 1138 2289 1170 ali-

1302 1198 1409 1232 quoS,
1436 1192 1601 1230 tanquam
1620 1186 1750 1219 milites
1767 1200 1806 1220 ex
1824 1187 1896 1220 acie
1914 1188 2064 1229 absumi,
2090 1195 2206 1222 tamen
2223 1186 2289 1221 hos

1303 1244 1436 1277 servat,
1482 1243 1521 1269 ut
1557 1236 1654 1280 prius
1695 1238 1909 1271 curriculum
1949 1250 2053 1272 suum
2088 1239 2290 1272 absolvant:

1303 1288 1413 1332 Saepe
1439 1293 1514 1320 erat
1539 1294 1695 1320 servatus
1722 1287 1872 1329 Paulus,
1907 1301 1985 1322 cum
2011 1289 2157 1333 propior
2182 1288 2290 1322 morti

1304 1339 1388 1378 fuit,
1413 1350 1517 1382 quam
1537 1349 1614 1370 cum
1632 1337 1726 1371 Nero
1751 1351 1829 1371 eum
1849 1339 1950 1373 iussit
1970 1339 2137 1381 interfici,
2164 1351 2289 1387 peper-

1305 1396 1429 1422 cerunt
1462 1388 1493 1420 ei
1524 1389 1653 1421 bestiae
1682 1389 1719 1420 in
1750 1389 1865 1428 circo,
1897 1396 1932 1423 at
1959 1402 1977 1422 a
2002 1389 2142 1423 Nerone
2172 1391 2290 1423 bellna

1307 1440 1419 1472 multo
1445 1439 1629 1477 deteriore,
1657 1451 1762 1483 quam
1788 1441 1880 1473 ullae
1901 1441 1994 1473 ferae
2017 1447 2134 1482 erant,
2159 1440 2291 1485 permi-

1307 1491 1350 1523 sit
1375 1502 1451 1522 eum
1478 1491 1619 1522 tandem
1646 1490 1816 1532 interfici,
1841 1498 1878 1525 ut
1897 1491 2135 1525 testimonium
2154 1491 2293 1534 insigne

1307 1541 1506 1573 ostenderet
1528 1540 1638 1572 futuri
1661 1541 1793 1575 iudicii.
1848 1540 2060 1575 Ostenderat
2076 1540 2171 1575 Deus
2192 1549 2293 1575 antea

1308 1591 1427 1624 multis
1449 1590 1646 1629 miraculis,
1675 1591 1742 1623 sibi
1761 1591 1894 1635 placere
1912 1591 2071 1632 Paulum,
2097 1599 2131 1626 et
2153 1599 2291 1626 consta-

1308 1643 1366 1675 bat
1394 1641 1568 1674 Neronem
1603 1641 1776 1684 pollutum
1813 1653 1884 1675 esse
1911 1643 2100 1675 sceleribus
2132 1643 2293 1675 omnium

1310 1692 1533 1736 turpissimis.
1592 1691 1681 1724 Cum
1708 1692 1815 1735 igitur
1838 1693 2092 1725 interficeretur
2113 1691 2188 1725 Deo
2216 1693 2293 1737 pla-

1310 1755 1408 1783 cens,
1443 1755 1461 1774 a
1485 1742 1545 1775 tali
1578 1749 1760 1786 portento,
1797 1743 1940 1776 evidens
1963 1750 2207 1785 argumentum
2232 1749 2294 1782 est,

1309 1801 1438 1827 restare
1462 1793 1556 1825 aliud
1577 1793 1765 1834 iudicium,
1792 1793 1830 1826 in
1855 1806 1925 1839 quo
1941 1793 2034 1827 Deus
2056 1795 2232 1834 ostendet,
2258 1805 2295 1827 se

1311 1857 1382 1877 non
1401 1844 1550 1877 oblitum
1577 1855 1646 1876 esse
1668 1843 1787 1883 Pauli,
1822 1857 1924 1889 quem
1951 1851 2049 1877 antea
2074 1845 2296 1888 approbave-

1311 1902 1379 1935 rat,
1407 1902 1440 1927 et
1457 1907 1473 1926 a
1493 1906 1528 1926 se
1546 1893 1693 1926 Paulum
1712 1895 1832 1938 diligi,
1860 1895 2034 1928 Neronem
2055 1907 2135 1927 vero
2153 1895 2189 1928 in
2209 1893 2295 1928 hor-

1311 1947 1436 1979 rendas
1454 1956 1584 1988 poenas
1601 1945 1718 1980 abiici.

1413 2019 1460 2053 [Ϊὶ
1484 2025 1600 2052 autem
1624 2018 1754 2053 Paulus
1779 2025 1880 2053 antea
1906 2031 2006 2064 saepe
2037 2026 2192 2054 servatus
2212 2027 2296 2060 erat,

1312 2072 1359 2105 sic
1377 2071 1527 2104 sciamus
1545 2076 1651 2103 totam
1667 2069 1857 2103 Ecclesiam
1874 2071 2016 2110 servari,
2043 2083 2114 2104 non
2131 2069 2295 2105 humanis

1313 2121 1468 2156 consiliis
1490 2120 1709 2164 principum,
1735 2123 1793 2154 sed
1821 2134 1838 2154 a
1856 2120 1929 2154 Deo
1955 2122 2183 2161 mirabiliter,
2207 2122 2296 2156 sicut

1313 2173 1464 2218 plurima
1489 2172 1579 2204 dicta
1606 2178 1787 2206 testantur.
1846 2171 1974 2208 Psalm.
2001 2173 2078 2206 71.:
2114 2172 2296 2206 Liberavit

1315 2235 1500 2269 pauperem
1520 2234 1536 2254 a
1555 2229 1715 2265 potente,
1742 2235 1951 2267 pauperem,
1980 2223 2035 2256 cui
2054 2235 2126 2256 non
2144 2231 2215 2257 erat
2232 2224 2296 2256 ad-

1314 2277 1426 2316 iutor,
1461 2280 1493 2306 et
1517 2271 1631 2306 Oscae
1652 2274 1700 2306 1.:
1735 2274 1885 2307 Salvabo
1908 2286 1964 2307 eos
1988 2274 2025 2306 in
2049 2274 2194 2307 domino
2220 2273 2294 2308 Deo

1315 2338 1396 2365 suo,
1430 2331 1463 2357 et
1487 2336 1558 2356 non
1582 2324 1723 2357 salvabo
1751 2336 1809 2357 eos
1831 2325 1867 2356 in
1897 2337 1978 2357 arcu
2007 2331 2038 2357 et
2064 2325 2193 2368 gladio.
2245 2323 2298 2358 Ac

1316 2388 1409 2409 nunc
1430 2374 1580 2407 maxime
1603 2387 1840 2418 proponamus
1858 2376 1959 2408 nobis
1983 2373 2185 2408 huiusmodi
2205 2375 2296 2408 dicta

1317 2435 1350 2461 et
1373 2426 1527 2469 exempla
1556 2426 1801 2468 congruentia,
1827 2426 1908 2470 quia
1932 2426 2114 2459 manifeste
2138 2427 2297 2458 videmus

1316 2476 1480 2511 Ecclesiis
1498 2476 1623 2520 passim
1642 2479 1758 2508 deesse
1776 2476 1947 2520 praesidia
1967 2474 2136 2514 humana,
2164 2483 2197 2509 et
2210 2476 2297 2509 alibi

1317 2528 1465 2567 Tureos,
1490 2527 1574 2559 alibi
1592 2527 1678 2560 alios
1697 2538 1791 2569 reges
1807 2539 1963 2559 exercere
1980 2527 2160 2560 saevitiam
2175 2528 2212 2560 in
2227 2525 2296 2559 Ec-

1318 2579 1445 2613 clesias.
1500 2577 1539 2610 ln
1560 2575 1615 2610 his
1631 2577 1807 2610 aerumnis
1823 2589 1861 2610 ac
1877 2577 2116 2611 consolatione
2137 2589 2201 2610 nos
2222 2588 2298 2610 sus·

1318 2636 1490 2663 tentemus
1503 2655 1511 2668 ‚
1537 2627 1650 2661 Deum
1667 2635 1782 2661 tamen
1797 2635 2015 2662 servaturum
2033 2639 2104 2661 esse
2120 2628 2297 2673 reliquias,

1319 2680 1408 2714 sicut
1431 2680 1468 2713 in
1487 2678 1634 2713 Daniele
1658 2680 1700 2713 de
1716 2676 1782 2713 hoc
1796 2679 1871 2724 ipso
1892 2685 2046 2723 tempore
2062 2679 2297 2723 promittitur:
