2415 2942
3 49 171 138 5l417

0 185 13 206 't-
41 205 43 209 -
97 193 170 215 cem
194 178 302 223 eripi,
329 185 362 213 et
388 178 526 213 futuros
549 188 606 211 eos
632 177 670 210 in
698 174 886 210 horrendis
913 182 946 211 et
975 183 1088 211 aeter-

2 295 11 310 1.

0 340 11 361 li

0 391 10 412 'fl

479 91 569 135 XII.

95 233 150 265 nis
169 231 324 265 tenebris
343 237 375 263 et
393 229 528 273 poenis.

195 282 265 316 Sed
294 293 366 315 non
402 281 475 324 ipsa
503 279 668 314 laceratio
695 276 869 321 corporis,
904 288 977 310 non
1003 274 1087 311 hor-

622 89 920 126 ENARRATtO
951 90 1000 125 IN
1027 89 1209 128 EVANG.
1238 87 1449 125 lOANMS.
1509 88 1615 124 CAP.
1643 91 1740 126 XIX,

2061 98 2137 134 418

1144 176 1237 215 filio,
1281 176 1491 210 seditionem
1524 184 1639 211 secuta
1673 184 1722 222 est
1751 178 1939 223 coniugum
1970 193 2126 218 mearum

1139 227 1414 266 contaminatio,
1441 234 1472 261 et
1499 229 1608 262 multa
1639 230 1758 263 caedes
1782 230 1819 263 in
1846 237 1919 265 toto
1941 243 2066 276 regno,
2094 243 2126 270 et

1138 278 1204 310 alia
1223 278 1331 311 multa
1350 280 1478 312 scelera
1500 291 1588 324 quae
1605 280 1820 316 comitantur
1843 281 2028 317 intestinas
2051 286 2124 319 dis-

95 334 203 366 renda
221 331 405 380 suspensio
424 332 458 363 in
492 343 614 371 cruce⁷
641 330 690 362 sic
709 328 841 362 feriunt
866 328 1004 361 animos
1027 341 1086 361 co-
1111 355 1113 367 ,
1139 328 1292 366 cordias,
1323 335 1355 361 et
1379 330 1656 363 innumerabiles
1679 332 1814 365 animae
1837 345 2022 377 oppressae
2040 344 2123 371 sunt

92 384 241 427 gitantes
274 385 317 416 de
360 382 522 427 passione
556 380 711 420 Christi,
756 379 845 412 sicut
880 376 936 412 hic
971 379 1081 414 tristis

90 435 240 468 clamor:

165 508 270 543 Deus
288 507 392 543 Deus
407 519 523 547 meus,
551 518 664 554 quare
683 503 907 552 derelinquis
925 509 1006 539 me?

195 586 320 629 Qualis
351 592 401 619 est
426 582 512 618 haec
547 582 687 628 querela
713 583 749 614 in
774 582 846 615 filio
870 580 968 616 Dei?
1022 582 1079 616 An

92 638 222 671 iudicat
239 649 275 672 se
293 638 466 670 desertum
484 641 517 667 et
532 634 707 667 abiectum
727 633 823 666 esse?
858 632 954 667 Haec
973 635 1078 667 verba

90 701 130 722 ex
148 688 239 723 Psal.
257 689 316 722 22.
333 693 447 720 sumta
465 692 565 725 sunt,
599 684 661 729 qui
686 690 779 717 totus
797 684 1076 718 considerandus

92 747 160 779 est,
187 740 215 772 si
231 739 347 783 aliquo
371 737 477 770 modo
500 735 663 768 volumus
689 736 857 778 cogitare,
884 748 988 780 quam
1012 737 1077 770 tri-

90 791 152 824 stis
171 790 215 823 sit
233 788 319 823 haec
336 787 519 821 sententia.
579 784 661 819 Dixi
680 793 797 819 autem
816 797 920 831 supra
938 787 1076 832 aliquo-

91 842 158 875 ties
182 842 226 873 de
256 839 439 873 doloribus
461 835 619 880 Christi,
661 843 694 870 et
727 838 770 870 de
795 849 916 871 eorum
951 839 1076 879 causis,
1101 867 1104 874 ,

89 892 162 925 sive
185 891 340 925 obiectis.
395 888 554 922 Primum
578 888 738 921 naturale
762 895 794 921 et
816 900 1002 922 commune
1027 897 1076 923 est

90 942 274 982 omnibus,
302 940 395 986 quod
415 939 578 973 laceratio
595 939 753 983 corporis
777 939 880 973 affert
904 940 1075 981 dolorem,

90 993 138 1026 sic
162 993 268 1027 etiam
293 991 505 1025 Laurentius
529 990 689 1030 dolebat,
716 990 773 1023 sed
804 1001 883 1023 cum
908 990 946 1023 in
971 992 1075 1024 corde
1102 1006 1103 1009 ¹

89 1044 240 1077 sentitur
255 1042 406 1076 laetitiae
432 1048 576 1086 propter
593 1040 655 1074 Dei
673 1043 903 1084 praesentiam
924 1048 956 1075 et
977 1042 1076 1075 savo-
1101 1048 1103 1056 ⁴

88 1107 179 1135 rem,
213 1095 329 1127 minus
356 1092 573 1125 excruciatur
597 1091 668 1124 illis
693 1092 846 1125 externis
880 1092 1075 1126 doloribus.
1101 1107 1103 1112 ¹

87 1145 251 1180 Secundo
264 1172 272 1184 ,
299 1143 461 1177 naturale
485 1149 515 1175 et
540 1154 725 1175 commune
743 1149 791 1175 est
807 1143 973 1176 omnibus
990 1140 1074 1176 hor-

85 1196 183 1230 ribili
202 1194 484 1229 consternatione
504 1193 620 1236 sugere
639 1200 806 1233 mortem,
834 1194 891 1226 sed
911 1194 1076 1227 obruitur

83 1245 170 1280 haec
188 1246 291 1280 etiam
302 1244 538 1278 consternatio
554 1244 684 1276 laetitia
702 1244 828 1284 cordis,
847 1246 940 1288 quod
954 1245 1076 1278 statuit

86 1309 150 1330 nos
161 1295 233 1330 Deo
250 1296 396 1340 placere,
414 1302 446 1328 et
461 1295 618 1327 intuetur
635 1295 740 1328 vitam
758 1301 934 1327 aeternam
953 1302 984 1328 et
1003 1307 1074 1328 non

85 1347 224 1381 dubitat
239 1359 274 1380 se
291 1346 358 1379 iam
377 1344 442 1378 Dei
462 1351 705 1388 conspectum,
732 1352 763 1378 et
782 1346 1073 1379 consuetudinem

83 1395 215 1431 Christi
243 1403 276 1430 et
300 1396 459 1429 omnium
489 1403 688 1428 sanctorum
705 1395 866 1430 transire.
919 1395 987 1429 Hie
1003 1397 1075 1429 cla-

84 1456 156 1483 mat
173 1447 321 1481 Paulus:
345 1445 458 1494 Cupio
477 1446 633 1486 dissolvi,
649 1453 681 1478 et
697 1444 898 1490 Stephanus
914 1447 1073 1488 laetatur,

83 1500 209 1533 videns
226 1497 340 1531 [esum
360 1504 508 1531 stantem
526 1497 569 1529 ad
588 1498 743 1530 dextram
763 1496 841 1532 Dei.

188 1549 259 1584 Cur
277 1549 383 1592 igitur
399 1548 511 1581 maior
525 1547 628 1581 dolor
643 1555 691 1581 est
705 1545 864 1581 Christi?
890 1546 982 1591 Quia
1000 1548 1074 1596 ipse

86 1602 155 1634 alio
181 1601 317 1633 obiecto
345 1597 509 1632 horribili
544 1598 735 1642 premitur,
778 1600 871 1644 quod
899 1611 971 1632 nou
995 1611 1075 1632 sen-

86 1653 181 1684 tiunt
203 1649 416 1684 Laurentius
449 1656 480 1682 et
512 1646 731 1692 Stephanus,
773 1650 937 1694 quodque
968 1647 1074 1683 Chri-

85 1709 159 1735 stus
190 1700 268 1733 ideo
297 1700 397 1739 tulit,
441 1700 522 1744 quia
554 1710 618 1731 nos
651 1699 742 1732 ferre
775 1711 846 1732 non
875 1711 1073 1744 possumus.

87 1752 165 1795 lpse
182 1752 276 1784 enim
300 1750 404 1784 sentit
427 1762 500 1783 non
526 1761 720 1792 possumus.
774 1749 850 1794 lpse
869 1751 963 1783 enim
989 1762 1073 1784 sen-

86 1804 128 1837 tit
160 1814 231 1835 non
260 1808 396 1835 tantum
431 1801 660 1834 lacerationes
691 1802 848 1844 corporis
861 1828 869 1841 ‚
916 1808 947 1834 et
977 1802 1074 1834 illam

84 1853 279 1887 naturalem
311 1851 435 1886 mortis
468 1852 604 1893 fugam,
641 1849 700 1885 sed
739 1852 847 1885 sentit
882 1852 1075 1895 peculiares

87 1911 256 1941 terrores,
293 1903 421 1948 quibus
443 1902 598 1935 ostendit
622 1901 687 1944 ipsi
718 1900 868 1936 DEUS
897 1903 984 1935 iram
1012 1904 1074 1936 ad-
1099 1908 1101 1923 ³

85 1965 206 1988 versus
239 1960 373 1998 peccata
406 1959 525 1986 nostra
544 1979 552 1992 ,
595 1952 684 1985 sicut
715 1953 906 1997 aliquando
932 1954 968 1987 in
993 1966 1073 1987 vera

85 2005 297 2039 contritione
329 2004 483 2037 sentiunt
516 2003 566 2047 pii
593 2000 782 2036 horribiles
807 2015 970 2047 pavores,
1013 2016 1074 2038 seu

85 2056 331 2095 confusiones,
359 2066 418 2087 seu
438 2054 755 2095 constet-nationes,
785 2055 884 2099 quasi
901 2055 1072 2088 abiician-

85 2114 144 2140 tur
158 2117 176 2139 a
194 2106 289 2146 Deo,
317 2106 358 2138 de
376 2105 435 2149 qui
454 2106 731 2148 bus,pavoribus
754 2106 871 2151 inquit
886 2103 1073 2139 Ezechias:

86 2157 185 2190 Sicut
203 2158 255 2189 leo
273 2155 439 2189 contrivit
457 2155 574 2188 omnia
591 2167 665 2188 ossa
685 2168 771 2191 mea.
822 2155 870 2190 Et
886 2155 1001 2190 David
1019 2157 1074 2190 in-

85 2208 177 2252 quit:
219 2206 397 2249 Quoniam
432 2207 575 2249 sagittae
603 2213 681 2239 tuae
715 2207 839 2240 infixae
872 2214 953 2241 sunt
984 2206 1075 2241 mihi

85 2258 297 2292 confirmasti
321 2269 425 2301 super
442 2269 516 2290 mea
539 2268 682 2290 manum
703 2264 817 2290 tuam:
845 2257 927 2292 Non
943 2266 991 2292 est
1009 2271 1074 2304 pax

87 2310 222 2343 ossibus
241 2309 327 2341 meis
343 2320 361 2341 a
379 2306 464 2341 facie
483 2314 702 2352 peccatorum
719 2320 888 2343 meorum.

189 2359 235 2393 At
251 2367 289 2393 ut
305 2359 423 2404 aliquo
449 2359 554 2391 modo
580 2356 637 2392 hic
659 2360 762 2392 dolor
789 2371 808 2392 a
835 2360 938 2393 nobis
964 2372 1074 2404 agno-

88 2417 220 2451 scatur,
247 2416 304 2444 aut
330 2410 471 2454 propria
497 2416 634 2452 peccata
664 2410 874 2453 aspiciamus
903 2411 988 2454 ipsi,
1016 2420 1075 2446 aut

88 2461 274 2503 cogitemus
300 2460 469 2494 Davidem
498 2458 663 2494 horribili
699 2461 821 2494 dolore
856 2473 1074 2506 oppressum,

89 2524 165 2545 cum
183 2512 336 2554 agnoscit
354 2523 388 2544 se
405 2523 542 2544 causam
566 2512 767 2555 praebuisse
792 2509 847 2545 his
871 2513 978 2546 tantis
996 2525 1075 2557 pec-

89 2563 173 2595 catis
190 2570 221 2595 et
239 2563 409 2595 scandalis
422 2589 430 2602 ,
455 2574 542 2607 quae
557 2562 693 2606 lapsum
714 2563 824 2607 ipsius
842 2571 957 2598 secuta
975 2571 1071 2598 sunt:

88 2613 238 2656 Propter
264 2625 379 2645 meum
407 2621 607 2656 peccatum,
650 2614 785 2659 inquit,
827 2613 920 2648 Deus
952 2616 1074 2657 iratus,

88 2664 247 2709 permisit
283 2664 415 2696 moveri
452 2664 681 2705 seditionem,
725 2665 923 2711 etquidem
951 2678 970 2700 a
996 2678 1073 2700 meo

140 2713 322 2748 issensi-u.
354 2717 453 2747 Orza,
480 2717 560 2749 Von.
591 2717 667 2748 XV.

1137 386 1275 412 aeterna
1294 379 1344 412 ira
1361 379 1427 413 Dei
1445 388 1588 424 propter
1604 381 1825 418 seditionem.
1878 384 1986 419 Multi
2010 388 2121 422 sancti

1137 437 1279 473 propter
1295 431 1499 463 scandalum
1524 431 1701 464 moesticia
1718 434 1847 466 mortui
1864 443 1956 471 sunt.
2010 437 2120 472 Multi

1135 481 1244 514 sancti
1266 480 1368 514 etiam
1387 482 1548 524 contagio
1565 482 1747 515 seditionis
1766 494 1989 520 excusserunt
2005 487 2118 532 Spiri-

1134 537 1208 564 tum
1234 539 1410 572 sanctum,
1454 539 1485 565 et
1510 533 1666 576 oppressi
1691 540 1772 567 sunt
1804 542 1943 569 aeterna
1965 538 2015 571 ira
2041 538 2119 581 Dei,

1134 595 1198 615 nec
1216 583 1365 616 dubium
1388 590 1436 617 est
1456 583 1591 628 aliquas
1609 582 1756 617 Davidis
1774 586 1937 629 coniuges
1961 600 2119 624 moerore

1135 634 1303 667 extinctas
1320 645 1403 667 esse.
1456 632 1558 667 Hanc
1575 641 1706 669 tantam
1725 636 1851 668 molem
1871 638 2045 672 malorum
2064 641 2120 674 in-

1136 691 1234 718 tuens
1253 683 1368 718 David
1381 710 1390 728 ,
1419 686 1546 728 cogitat
1564 697 1599 718 se
1617 693 1745 726 pestem
1761 698 1832 719 esse
1849 684 2025 722 Ecclesiae
2041 690 2120 732 Dei,

1131 742 1163 769 et
1198 747 1256 769 vas
1290 736 1379 777 irae,
1425 744 1457 772 et
1489 736 1643 770 fortassis
1670 737 1706 769 in
1733 744 1914 771 aeternum
1946 740 2119 775 abiectum

1130 798 1149 820 a
1176 785 1264 821 Deo.

1218 838 1259 871 In
1280 837 1340 871 tali
1357 838 1479 872 dolore
1497 838 1614 884 aliqua
1633 837 1747 881 imago
1765 845 1813 873 est
1830 840 1993 874 dolorum
2012 839 2119 876 Chri·-

1130 888 1185 922 sti.
1238 887 1327 921 Nam
1348 896 1385 922 ut
1402 887 1517 922 David
1541 890 1688 923 sustinet
1711 897 1858 923 terrores
1876 899 2019 935 propter
2034 906 2118 938 pro-

1131 941 1205 983 pria
1229 947 1386 984 peccata,
1415 940 1461 973 ita
1488 940 1580 973 filius
1599 939 1663 973 Dei
1691 941 1838 974 sustinet
1860 949 2011 976 terrores
2034 956 2120 988 pro-

1131 998 1208 1035 pter
1230 997 1347 1024 nostra
1373 998 1531 1034 peccata,
1559 991 1657 1035 quasi
1684 990 1756 1035 ipse
1780 1003 1813 1024 se
1831 999 1880 1026 tot
1896 994 2024 1027 nostris
2044 1007 2117 1029 sce-

1131 1042 1264 1075 leribus
1303 1042 1510 1085 polluisset:
1555 1043 1690 1075 derivat
1722 1043 1815 1074 enim
1848 1043 1884 1076 in
1919 1055 1991 1077 sese
2027 1046 2115 1079 iram

1129 1091 1215 1132 Dei,
1259 1104 1347 1138 quae
1371 1093 1505 1138 alioqui
1533 1104 1597 1125 nos
1627 1104 1809 1136 opressura
1835 1101 1917 1128 erat.
1984 1095 2116 1141 Estque

1130 1143 1319 1186 significata
1338 1141 1421 1177 haec
1439 1150 1532 1176 tanta
1550 1155 1604 1176 res
1621 1143 1740 1176 multis
1757 1144 1869 1177 dictis.
1921 1143 2042 1180 Esaias
2061 1147 2116 1180 in-

1130 1195 1228 1239 quit:
1272 1193 1478 1227 Percussum
1508 1205 1580 1227 esse
1604 1205 1621 1226 a
1646 1192 1740 1231 Deo,
1784 1206 1850 1239 qua
1878 1196 2114 1240 descriptione

1129 1244 1301 1288 significat
1332 1257 1405 1277 non
1444 1251 1581 1278 tantum
1615 1242 1768 1277 humana
1803 1247 1946 1279 saevitia
1983 1248 2115 1282 lacera-

1129 1302 1202 1328 tum
1229 1306 1301 1328 esse
1325 1293 1518 1330 Christum.
1562 1294 1686 1328 Uritur
1706 1295 1938 1335 Laurentius,
1966 1310 2029 1332 nec
2053 1312 2111 1332 ex-

1129 1345 1306 1379 cruciatur
1328 1346 1364 1378 in
1389 1348 1493 1379 corde
1506 1354 1672 1390 tanquam
1693 1358 1709 1379 a
1726 1345 1800 1379 Deo
1817 1348 1981 1384 abiectus.
2034 1350 2116 1384 Alia

1128 1409 1181 1430 res
1199 1396 1311 1430 multo
1329 1396 1464 1430 tristior
1481 1404 1547 1438 est,
1574 1397 1730 1430 iudicare
1756 1409 1789 1430 se
1812 1410 1829 1431 a
1846 1397 1921 1431 Deo
1947 1406 2114 1444 tanquam

1129 1459 1187 1481 vas
1212 1448 1283 1480 irae
1306 1448 1479 1481 abiectum
1507 1460 1590 1481 esse.
1645 1447 1695 1481 Ita
1716 1448 1853 1482 luctans
1876 1461 1991 1483 secum
2009 1450 2115 1485 Chri-

1129 1505 1202 1531 stus
1236 1498 1274 1531 in
1310 1511 1434 1539 cruce,
1470 1499 1542 1532 edit
1579 1496 1669 1532 hanc
1705 1499 1938 1533 tristissimam
1973 1515 2113 1536 vocem:

1128 1549 1222 1583 Deus
1246 1561 1363 1587 meus,
1397 1548 1491 1583 Deus
1516 1561 1630 1589 meus,
1665 1562 1771 1594 quare
1794 1551 2013 1596 dereliquisti
2036 1554 2115 1587 me?

1129 1600 1225 1644 quasi
1243 1600 1355 1643 dicat,
1379 1612 1451 1632 non
1471 1601 1645 1633 lamentor
1673 1608 1815 1644 propter
1838 1603 1994 1645 corporis
2021 1604 2114 1637 lace-

1128 1651 1320 1690 rationem,
1347 1658 1407 1684 aut
1426 1658 1568 1695 propter
1587 1657 1748 1691 mortem,
1777 1652 1833 1684 sed
1856 1660 1998 1696 propter
2016 1655 2113 1688 aliud

1128 1702 1232 1745 longe
1266 1701 1399 1736 tristius
1435 1703 1584 1742 malum,
1629 1702 1722 1746 quod
1768 1709 1804 1736 tu
1841 1715 1896 1735 me
1932 1705 2114 1750 relinquis,

1128 1753 1221 1797 quod
1241 1764 1313 1785 non
1333 1753 1445 1786 sentio
1464 1753 1498 1785 in
1519 1755 1623 1785 corde
1641 1753 1821 1793 laetitiam,
1842 1766 1944 1797 quam
1958 1757 2115 1790 sentiunt

1128 1803 1190 1836 alii
1209 1803 1336 1843 sancti,
1371 1815 1458 1848 quos
1480 1804 1682 1837 consolaris.
1738 1803 1812 1836 Imo
1837 1805 1948 1838 sentio
1973 1813 2004 1839 te
2031 1804 2114 1840 hor-

1128 1854 1282 1887 ribiliter
1306 1854 1408 1887 irasci
1431 1855 1579 1898 peccatis
1609 1855 1743 1897 generis
1769 1853 1934 1899 humani,
1971 1865 2114 1901 propter

1129 1916 1217 1950 quae
1240 1916 1300 1948 ego
1317 1917 1412 1938 nunc
1428 1917 1509 1938 reus
1527 1917 1621 1945 sum,
1650 1917 1766 1938 coram
1786 1913 1816 1939 te
1836 1906 1996 1950 inquam:
2032 1907 2112 1942 Non

1129 1962 1216 1988 esset
1245 1953 1333 1988 mihi
1359 1957 1621 1989 acerbissimum
1656 1956 1781 1990 mundi
1813 1957 1950 1990 iudiciis
1979 1958 2113 2002 impro-

1128 2007 1224 2047 bari,
1251 2007 1310 2039 sed
1326 2013 1420 2040 tuam
1444 2007 1530 2039 iram
1551 2007 1679 2040 sentire
1694 2007 1791 2040 triste
1809 2015 1868 2041 est.
1905 2006 1980 2042 Etsi
1997 2017 2112 2043 autem

1127 2069 1200 2090 non
1223 2064 1335 2101 potest
1360 2058 1566 2101 magnitudo
1591 2058 1753 2091 dolorum
1779 2056 1930 2102 Christi,
1958 2066 2016 2092 aut
2034 2073 2112 2094 ver-

1128 2108 1181 2141 bis
1214 2106 1376 2141 homanis
1408 2109 1560 2153 exponi,
1611 2116 1669 2142 aut
1710 2109 1918 2152 cogitatione
1950 2122 2109 2155 compre-

1129 2156 1259 2199 hendi,
1293 2166 1409 2192 tamen
1442 2172 1579 2193 necesse
1604 2167 1651 2193 est
1677 2159 1754 2205 pios
1776 2159 1894 2204 aliquo
1922 2163 2027 2194 modo
2055 2175 2112 2196 eos

1129 2210 1372 2248 considerare,
1400 2218 1438 2244 ut
1454 2211 1629 2244 discamus
1645 2212 1732 2243 iram
1750 2209 1815 2243 Dei
1841 2212 2007 2245 adversus
2031 2226 2112 2257 pec-

1128 2267 1222 2301 cata,
1256 2268 1288 2294 et
1311 2261 1430 2306 aliquo
1462 2263 1566 2294 modo
1593 2262 1807 2294 celebremus
1831 2262 2113 2304 magnitudinem

1127 2311 1267 2352 oneris,
1303 2313 1396 2357 quod
1422 2324 1485 2356 pro
1509 2312 1612 2345 nobis
1636 2309 1797 2345 Christus
1824 2313 1999 2347 sustinuit.
2066 2313 2111 2350 Et

1129 2375 1208 2396 cum
1227 2362 1321 2396 Deus
1347 2361 1431 2396 haec
1455 2375 1516 2407 per
1534 2360 1727 2410 Prophetas
1747 2369 1779 2396 et
1798 2360 1988 2406 Apostolos
2011 2376 2111 2409 saepe

1128 2421 1278 2458 repetat,
1303 2414 1378 2447 vult
1395 2421 1484 2447 certe
1502 2425 1625 2446 sonare
1644 2410 1732 2446 hanc
1757 2413 1915 2448 doctrina
1939 2415 1976 2448 in
1992 2414 2113 2450 Eccle-

1128 2465 1191 2498 sia.
1220 2463 1304 2498 ldeo
1323 2465 1511 2498 excitemus
1524 2471 1658 2498 mentes
1677 2466 1720 2496 ad
1733 2461 1858 2497 harum
1879 2466 2110 2500 maximarum

1127 2527 1245 2549 rerum
1263 2515 1528 2559 cogitationem,
1556 2522 1590 2548 et
1613 2526 1752 2548 oremus
1768 2513 1901 2554 Deum,
1936 2524 1974 2550 ut
1999 2517 2111 2550 lucem

1128 2567 1164 2599 in
1201 2566 1367 2600 cordibus
1403 2566 1532 2599 nostris
1567 2566 1752 2606 accendat,
1779 2573 1818 2599 ut
1853 2563 1947 2600 hunc
1977 2566 2109 2602 Christi

1129 2629 1296 2660 agonem,
1325 2623 1357 2650 et
1381 2614 1448 2650 hoc
1474 2623 1611 2650 tantum
1635 2617 1841 2649 beneficium
1860 2618 1967 2660 magis
1984 2619 2113 2661 magis-

1130 2680 1197 2713 que
1216 2666 1472 2710 intelligamus,
1504 2675 1534 2701 et
1560 2680 1622 2712 pro
1649 2679 1687 2700 eo
1708 2668 1836 2710 gratias
1855 2678 2004 2710 agamus.

1584 2717 1632 2751 27
