2415 2942
95 134 170 172 585
275 132 375 170 Xlll.

98 220 244 255 Iudaeos
268 219 371 253 etiam
398 219 637 260 ceremoniae,
675 231 756 252 nam
787 219 879 261 apud
911 218 989 250 illos
1019 216 1084 251 hae

96 282 236 318 quoque
253 267 432 304 habebant
449 271 653 304 mandatum
672 269 750 304 Dei.
803 268 923 311 Quare
941 276 1083 302 senten-

94 323 141 356 tia
165 321 297 355 Psalmi
323 328 355 355 et
378 321 479 355 Pauli
513 321 760 355 universaliter
792 319 1011 362 intelligatur
1039 320 1082 352 de

92 373 259 407 omnibus
276 370 482 406 hominibus
501 379 532 406 et
550 373 592 406 de
608 372 775 405 omnibus
800 372 986 414 operibus,
1018 382 1081 403 nec

92 424 299 458 admittatur
326 421 562 470 synecdoche,
606 435 695 468 quae
719 422 817 464 fingit
844 421 981 466 aliquos
1009 433 1080 454 esse

90 475 220 513 iustOS,
248 482 281 508 et
298 476 424 508 mereri
442 474 679 507 remissionem
697 479 917 517 peccatorum
937 479 1080 517 propter

90 526 268 571 propriam
287 526 492 569 dignitatem
513 531 545 558 et
563 525 702 568 propria
720 535 824 568 opera
843 530 904 556 etc.
942 524 1078 557 Diserte

91 584 207 611 autem
225 577 340 616 addit,
367 589 481 610 coram
499 574 573 608 Deo
594 587 671 608 reos
692 587 782 615 esse,
818 575 898 620 quia
920 575 1077 620 loquitur

91 639 164 661 non
190 628 232 661 de
258 625 413 661 humano
438 627 586 667 iudicio,
628 627 686 659 sed
711 627 753 659 (le
783 626 906 658 divino
933 627 1075 660 iudicio.

91 677 133 711 ln
151 679 212 712 illo
231 690 340 722 agone
358 691 429 711 non
457 684 566 725 potest
592 677 803 710 conscientia
824 678 997 720 pacificari
1021 677 1075 710 ul-

91 730 135 763 lis
159 730 342 774 operibus,
383 730 442 762 sed
469 728 554 762 sciat
579 729 784 762 mandatum
813 727 878 761 Dei
908 740 998 767 esse,
1036 735 1074 761 ut

90 781 209 814 credat
235 781 335 814 nobis·
357 780 489 823 ignosci
514 786 627 820 certo,
655 787 799 823 propter
816 778 995 815 Christum
1015 791 1075 823 per

89 832 365 864 misericordiam
392 838 453 866 etc.
522 829 568 864 Et
593 831 735 875 quidem
760 831 918 875 pondera
948 831 1073 863 verbo·

88 895 168 916 rum
191 883 408 916 observanda
433 888 531 921 sunt,
560 894 647 927 quae
671 879 861 915 hortantur
884 893 1006 915 omnes
1031 883 1072 914 ad

89 933 355 977 poenitentiam.
416 932 577 966 Minatur
599 933 692 966 enin·
718 933 920 976 gravissime
945 933 1075 966 securis

88 993 118 1017 et
150 985 406 1017 confidentibus
441 984 581 1028 propria
612 985 767 1025 iusticia,
805 996 884 1017 cum
917 985 981 1017 ait:
1029 983 1075 1017 Ut

87 1046 192 1068 omne
222 1047 259 1068 os
291 1037 484 1068 obturetur.
558 1034 664 1068 Item:
707 1035 751 1070 Ut
778 1048 857 1068 reus
890 1037 951 1070 fiat
983 1042 1076 1069 totus

86 1087 251 1120 mundus.

222 1167 297 1205 Per
314 1168 426 1216 legem
445 1169 538 1203 enim
555 1169 700 1216 agnitio
714 1170 854 1218 peccati
869 1175 928 1204 elc.

190 1236 388 1283 Occupatio
405 1246 467 1273 est.
523 1238 665 1273 Poterat
682 1241 775 1273 enim
794 1240 919 1274 obiici:
948 1239 985 1273 Si
1004 1251 1075 1271 non

89 1301 210 1325 sumus
233 1290 313 1323 iusti
338 1290 431 1333 lege,
476 1291 517 1323 ad
545 1303 647 1335 quem
680 1303 782 1324 nsum
815 1293 894 1325 data
920 1297 970 1324 est
998 1290 1077 1322 lex‘?

88 1341 219 1375 Paulus
236 1343 435 1384 respondet,
462 1342 520 1373 sed
540 1342 692 1380 brevius,
721 1342 801 1386 quia
821 1340 906 1374 haec
924 1352 1069 1384 occupa-

86 1393 136 1426 tio
162 1392 252 1424 infra
279 1399 464 1434 repetetur.
535 1391 580 1424 Et
608 1389 692 1424 haec
723 1392 904 1436 responsio
931 1403 1075 1436 prorsus

83 1454 174 1476 nova
193 1442 343 1475 absurda
361 1442 500 1475 videtur
518 1444 664 1481 mundo,
690 1442 782 1486 Lege
798 1450 933 1477 tantum
957 1449 1073 1475 osten-

84 1494 119 1526 di
149 1500 347 1537 peccatum,
383 1505 454 1525 non
479 1493 567 1528 tolli.
643 1493 732 1526 Nam
757 1493 1004 1537 legumlatores
1036 1494 1071 1525 in

85 1543 243 1587 imperiis
267 1544 384 1576 ferunt
415 1544 525 1587 leges,
562 1556 634 1577 non
660 1552 796 1578 tantum
822 1553 859 1579 ut
885 1545 1073 1579 ostendant

84 1602 241 1639 peccata,
276 1596 332 1628 sed
359 1602 396 1628 ut
428 1596 565 1630 tollant.
630 1595 762 1629 Verum
791 1594 850 1629 hic
876 1597 1073 1629 monendus

82 1653 133 1680 est
150 1646 309 1685 auditor,
336 1645 486 1679 Paulum
505 1658 647 1688 prorsus
673 1660 747 1680 non
773 1647 979 1680 concionari
1005 1644 1072 1679 hoc

83 1697 161 1730 loco
178 1698 221 1729 de
239 1697 374 1730 iusticia
393 1696 487 1729 civili
506 1704 538 1730 et
556 1699 598 1731 de
625 1699 776 1731 externis
799 1698 977 1738 moribus,
1004 1698 1072 1730 alia

85 1759 140 1781 res
163 1748 302 1791 agitur:
346 1747 536 1790 Quomodo
560 1761 677 1781 coram
702 1747 776 1782 Deo
810 1749 893 1782 iusti
930 1755 1072 1792 repute-

85 1811 185 1832 mur:
224 1798 415 1842 Quomodo
441 1811 698 1844 consequamur
726 1800 967 1833 remissionem
994 1811 1073 1842 pec-

85 1857 268 1884 catorum:
313 1849 408 1893 Quid
442 1850 491 1882 ibi
516 1851 670 1884 conferat
696 1851 760 1886 lex.
837 1849 919 1884 Ideo
943 1850 1075 1883 discer-

85 1901 195 1934 nendi
213 1908 295 1935 sunt
313 1913 395 1935 usus
416 1901 511 1944 legis.
564 1901 609 1935 Et
627 1902 807 1946 loquimur
825 1899 881 1935 hic
902 1913 975 1935 non
994 1908 1073 1935 tan-

86 1960 161 1986 tum
185 1954 227 1986 de
252 1953 323 1995 lege
352 1952 497 1998 Moysi,
535 1954 594 1985 sed
611 1954 661 1986 'de
685 1953 758 1996 lege
783 1953 926 1994 morali,
961 1952 1073 1986 indita

88 2004 253 2037 omnibus
287 2001 503 2038 hominibus.
577 2003 639 2038 Est
671 2012 786 2038 autem
819 2004 949 2048 duplex
980 2015 1075 2043 usus,

87 2055 177 2088 alter
193 2061 241 2087 est
264 2055 450 2098 politicus,
476 2055 608 2089 scilicet
625 2055 710 2089 soris
729 2056 889 2089 coercere
915 2052 1075 2088 homines

87 2105 254 2138 carnales.
326 2104 492 2150 Requirit
533 2106 626 2139 enim
668 2106 764 2140 Deus
805 2105 895 2140 hanc
936 2117 1076 2152 quoque

88 2163 263 2189 externam
302 2155 501 2196 iusticiam,
546 2157 681 2190 etiamsi
718 2165 861 2203 propter
893 2170 968 2191 eam
1005 2169 1077 2190 non

88 2218 207 2240 snmus
241 2206 324 2240 iusti
355 2218 472 2239 coram
504 2205 604 2240 Deo:
646 2210 780 2242 etiamsi
817 2221 890 2242 non
925 2215 1078 2242 meretur

87 2257 328 2291 remissionem
352 2265 583 2301 peccatorum.
658 2257 711 2292 De
737 2257 802 2293 hoc
828 2272 893 2293 usu
922 2272 995 2293 non
1024 2259 1077 2292 lo-

89 2308 210 2353 quitur
244 2308 280 2340 in
311 2307 373 2341 hac
404 2309 589 2344 sententia.
627 2310 725 2343 Alibi
757 2312 800 2344 de
828 2308 894 2345 hoc
925 2323 990 2344 usu
1023 2311 1078 2343 lo-

89 2360 224 2404 quitur:
253 2359 324 2393 Lex
351 2367 399 2393 est
429 2360 569 2393 iniustis
594 2362 725 2404 posita,
753 2369 817 2395 etc.
871 2363 971 2395 Alter
994 2373 1077 2395 usus

90 2422 162 2443 non
187 2418 236 2444 est
261 2411 443 2455 politicus,
477 2412 536 2445 sed
562 2412 711 2455 pertinet
737 2413 780 2446 ad
810 2413 980 2446 iudicium
1009 2412 1077 2446 Dei

89 2468 124 2494 et
146 2463 188 2494 ad
211 2463 483 2503 conscientiam,
526 2463 656 2497 scilicet
689 2476 851 2497 accusare
884 2471 916 2497 et
944 2471 1077 2508 perter-

91 2513 239 2545 refacere
269 2514 516 2547 conscientiam
535 2541 544 2555 ‚
585 2515 672 2548 sicut
703 2515 788 2548 alibi
814 2515 947 2561 inquit:
982 2515 1075 2548 Acu-

91 2564 165 2596 leus
196 2564 317 2597 mortis
350 2573 526 2609 peccatum
562 2573 634 2599 est:
676 2567 834 2614 potentia
862 2566 991 2610 peccati
1022 2566 1075 2598 lex

90 2622 158 2653 est,
191 2615 224 2647 id
251 2621 322 2649 est:
364 2616 434 2650 Lex
458 2618 612 2651 ostendit
637 2625 816 2662 peccatum
849 2625 880 2652 et
904 2625 1075 2661 perterre-

88 2665 169 2698 facit
189 2667 311 2699 corda:
340 2668 382 2700 de
399 2668 458 2701 tali
476 2668 656 2711 agnitione
679 2667 735 2702 hic
760 2670 932 2715 loquitur.
993 2668 1074 2702 Non

89 2717 182 2750 enim
206 2718 371 2762 intelligit
395 2719 542 2754 otiosam
568 2721 860 2765 speculationem,
894 2721 952 2755 sed
977 2720 1075 2765 agni-

428 135 461 168 2.
491 130 854 169 COMMENTARM
883 132 933 168 IN
962 131 1117 169 EplsT.
1146 129 1292 166 PAULl
1325 130 1390 164 AD
1420 127 1682 165 ROMANOS.
1735 127 1839 165 CAP.
1870 129 1932 165 111.

2047 130 2122 166 586

1136 217 1268 251 tionem
1296 217 1420 256 talem,
1448 216 1485 249 in
1513 227 1581 261 qua
1608 215 1695 248 iram
1719 214 1783 248 Dei
1808 217 1975 250 adversus
2009 229 2128 260 pecca-

1135 275 1209 302 tum
1241 267 1462 311 agnoscimus
1491 274 1523 301 et
1554 279 1635 300 vere
1669 268 1939 309 expavescimus.
1984 301 1986 303 ,
2018 267 2061 302 Et
2087 266 2123 302 hi

1134 326 1284 352 terrores
1311 330 1390 351 vere
1415 319 1505 351 fiunt
1522 330 1615 351 mors
1635 325 1796 358 aeterna,
1823 319 1858 351 iu
1879 316 1945 359 his,
1970 319 2123 365 quinon

1131 370 1316 411 eriguntur
1342 381 1402 413 per
1418 366 1664 411 Evangelium.
1714 366 1778 402 Est
1802 369 1909 412 igitur
1930 371 2120 404 sententia:

1129 419 1221 463 Lege
1246 432 1318 452 non
1338 431 1460 452 sumus
1485 419 1565 452 iusti
1586 431 1703 452 coram
1724 418 1818 460 Deo,
1847 433 1918 454 non
1946 434 2121 455 meremur

1130 471 1373 504 remissionem
1402 477 1635 513 peccatorum.
1708 468 1753 503 Et
1785 483 1863 503 cum
1887 473 2119 506 conscientiae

1128 522 1387 566 perterrefiunt,
1409 533 1480 554 non
1493 527 1637 564 possunt
1656 520 1730 563 lege
1749 522 1933 563 pacificari,
1954 536 2042 568 qnae
2054 536 2118 557 nos

1127 574 1236 617 magis
1249 573 1427 617 magisque
1437 579 1586 611 accusat,
1604 578 1636 605 et
1654 573 1695 603 ad
1707 573 1985 615 desperationem
1998 575 2117 617 adigit,

1127 625 1215 658 sicut
1243 624 1330 658 alibi
1365 623 1506 668 inquit:
1545 621 1591 656 Ut
1615 630 1792 666 peccatum
1818 622 1877 656 fiat
1909 625 2119 658 excellenter

1126 688 1272 719 peccans
1296 682 1329 709 et
1356 686 1503 714 nocens,
1538 674 1572 706 id
1600 680 1675 713 est,
1712 673 1783 706 illis
1809 675 2003 708 terroribus
2025 677 2118 709 occi-

1126 728 1224 762 dens.
1277 725 1370 759 Hinc
1386 726 1478 759 clare
1497 725 1674 770 sequitur,
1701 726 1794 769 quod
1813 725 1883 759 alio
1904 727 2011 759 verbo
2030 739 2119 771 opus

1126 779 1168 812 sit
1187 779 1231 812 ad
1250 777 1528 811 consolationem
1547 784 1578 809 et
1597 775 1893 811 iustificationem.

1172 860 1283 899 Nunc
1308 873 1387 895 vero
1410 860 1548 909 absque
1574 858 1651 905 lege
1676 859 1824 894 iusticia
1847 858 1926 895 Dei
1951 862 2073 896 mani-

1498 912 1646 960 festata
1674 915 1733 947 est.

1223 981 1338 1026 Supra
1363 980 1445 1014 fecit
1470 979 1604 1013 aditum
1632 980 1674 1012 ad
1701 979 1933 1023 principalem
1957 981 2119 1025 proposi—

1126 1033 1268 1067 tionem.
1331 1030 1430 1065 Dixit
1462 1031 1579 1070 enim,
1614 1041 1736 1063 omnes
1763 1028 1924 1064 homines
1946 1043 2018 1065 esse
2043 1044 2120 1065 reos

1128 1083 1257 1128 peccati
1282 1090 1315 1117 et
1339 1082 1412 1115 irae
1436 1081 1522 1120 Dei,
1551 1093 1614 1114 nec
1641 1093 1740 1125 posse
1763 1094 1780 1114 a
1807 1089 1946 1125 peccato
1973 1083 2117 1117 liberari

1128 1148 1188 1179 per
1205 1135 1328 1177 legem.
1384 1132 1487 1166 Nunc
1508 1133 1615 1176 igitur
1631 1132 1791 1176 sequitur
1808 1133 2015 1177 principalis
2035 1147 2117 1178 pro-

1128 1186 1273 1230 positio,
1301 1196 1389 1229 quae
1409 1191 1464 1217 est
1487 1190 1596 1217 status
1615 1180 1721 1216 liuius
1745 1185 2026 1223 controversiae,
2055 1186 2115 1230 qui

1127 1238 1316 1279 diligenter
1339 1235 1580 1268 observandus
1607 1241 1676 1274 est,
1712 1241 1744 1267 et
1772 1241 1915 1278 propter
1941 1236 2117 1279 magnitu-

1127 1289 1244 1321 dinem
1265 1298 1401 1319 causae:
1430 1286 1586 1319 continet
1606 1285 1699 1317 enim
1719 1284 1803 1318 haec
1821 1286 2015 1329 propositio
2037 1300 2119 1330 pro-

1127 1339 1237 1382 priam
1256 1344 1287 1370 et
1305 1337 1526 1380 praecipuam
1545 1335 1730 1378 Evangelii
1748 1338 1959 1370 sententiam
1986 1339 2029 1370 de
2055 1339 2116 1371 be-

1128 1389 1251 1422 neficio
1269 1386 1417 1422 Christi:
1447 1394 1480 1420 et
1498 1388 1579 1432 quia
1603 1389 1644 1420 ad
1666 1385 1760 1420 hunc
1779 1394 1928 1429 statum,
1955 1389 2052 1422 velut
2074 1390 2115 1422 ad

1127 1448 1250 1488 caput,
1279 1440 1407 1472 deinde
1424 1439 1606 1471 referenda
1626 1446 1728 1472 erunt
1747 1447 1965 1481 argumenta.
2004 1439 2114 1473 Porro

1127 1492 1163 1524 in
1190 1490 1496 1536 propositionibus
1528 1490 1677 1522 maxime
1704 1490 1896 1534 requiritur
1923 1491 2116 1535 perspicui-

1126 1550 1187 1577 tas.
1243 1541 1324 1575 ldeo
1343 1541 1473 1574 Paulus
1498 1549 1681 1579 accurate,
1710 1542 1852 1585 proprie
1876 1549 1907 1574 et
1932 1542 2116 1586 perspicue

1125 1594 1234 1627 tradit
1250 1593 1542 1637 propositionem.
1598 1591 1664 1625 Sed
1697 1590 1832 1634 phrasis
1861 1593 2116 1626 consideranda

1125 1652 1193 1684 est,
1221 1651 1254 1676 et
1277 1644 1352 1687 ipsa
1376 1644 1564 1675 verborum
1592 1643 1747 1686 pondera
1775 1644 1994 1676 observanda
2018 1651 2115 1677 sunt:

1126 1695 1266 1729 lusticia
1285 1693 1371 1737 Dei,
1399 1694 1550 1734 scilicet,
1578 1705 1645 1738 qua
1667 1693 1829 1728 iustificat
1848 1705 1936 1735 110⁵,
1965 1692 2031 1728 lioc
2056 1702 2118 1734 est,

1125 1745 1334 1789 acceptatio,
1373 1745 1426 1777 vel
1452 1745 1610 1778 remissio
1645 1751 1864 1786 peccatorum
1901 1752 1933 1779 et
1961 1745 2116 1789 imputa-

1124 1798 1172 1832 tio
1197 1797 1364 1831 iusticiae.
1418 1794 1551 1840 Estque
1568 1794 1755 1829 sententia:
1784 1795 1888 1829 Nunc
1913 1797 2115 1830 manifesta—

1125 1857 1198 1883 tum
1225 1855 1295 1888 est,
1323 1848 1503 1892 quomodo
1526 1846 1622 1880 Deus
1646 1846 1825 1885 iustificet,
1854 1849 2033 1892 quomodo
2060 1860 2117 1880 ve-

1125 1901 1166 1933 lit
1186 1899 1421 1943 pronunciare
1441 1898 1549 1931 iustos
1567 1905 1599 1931 et
1617 1897 1794 1931 remittere
1817 1905 1972 1942 peccata,
2000 1906 2033 1932 et
2050 1910 2114 1931 nos

1126 1957 1316 1994 acceptare.
1371 1949 1491 1994 Inquit
1507 1957 1641 1983 autem:
1669 1947 1754 1982 Sine
1779 1949 1862 1991 lege.
1916 1948 1994 1982 Hoc
2018 1950 2117 1983 vide-

1128 2010 1184 2036 tur
1202 2002 1396 2035 absurdum
1417 2001 1563 2034 mundo.
1600 1998 1718 2043 Quare
1737 1997 1821 2033 haec
1842 2001 2011 2042 particula
2033 2001 2116 2033 dili-

1127 2059 1250 2097 genter
1281 2052 1537 2085 consideranda
1571 2058 1631 2086 est.
1702 2047 1872 2085 Ostendit
1901 2052 1995 2084 enim
2029 2052 2115 2096 quid

1129 2104 1271 2149 proprie
1298 2103 1341 2136 sit
1362 2102 1595 2145 Evangelium
1614 2130 1623 2143 ,
1666 2109 1699 2136 et
1726 2104 1820 2146 quod
1852 2103 2041 2136 discrimen
2073 2103 2117 2136 sit

1128 2156 1231 2198 Legis
1256 2162 1287 2188 et
1306 2153 1506 2197 Evangelii.
1560 2153 1721 2187 Mundus
1746 2154 1838 2186 enim
1865 2151 1970 2187 habet
1994 2154 2119 2196 imagi·

1129 2207 1289 2240 nationes
1314 2206 1473 2249 politicas
1501 2206 1543 2238 de
1567 2203 1729 2245 Christo,
1767 2205 1894 2247 cogitat
1919 2217 1991 2237 esse
2016 2205 2118 2247 legis-

1130 2259 1277 2292 latorem
1294 2257 1499 2290 afferentem
1517 2268 1645 2289 novam
1664 2256 1772 2298 legem
1785 2283 1794 2295 ,
1822 2256 2005 2300 aliquanto
2024 2269 2118 2288 com·-

1130 2309 1325 2342 modiorem
1354 2321 1457 2353 quam
1479 2306 1690 2346 Mosaicam‚
1716 2307 1797 2350 quia
1823 2307 1939 2340 abolet
1964 2319 2119 2340 ceremo-

1130 2361 1223 2401 nias,
1251 2371 1340 2404 quae
1366 2371 1437 2392 non
1463 2366 1561 2392 erant
1587 2358 1793 2391 commodae
1818 2358 1986 2392 omnibus
2006 2358 2119 2399 genti-

1130 2413 1212 2451 bus,
1251 2420 1282 2445 et
1312 2411 1480 2454 praecipit
1508 2410 1615 2442 multa
1641 2410 1683 2441 de
1713 2408 1913 2443 dilectione.
1984 2408 2120 2441 Deinde

1128 2463 1299 2506 colligunt
1324 2473 1410 2506 quas
1433 2462 1525 2503 leges
1550 2460 1725 2493 addiderit
1750 2457 1913 2493 Christus
1942 2459 2119 2501 Mosaicis,

1129 2522 1162 2548 et
1186 2515 1321 2556 fingunt
1341 2511 1464 2545 harum
1489 2511 1604 2555 legum
1626 2511 1929 2552 observationem,
1958 2509 2120 2543 homines

1128 2566 1253 2598 mereri
1280 2564 1522 2598 remissionem
1552 2569 1773 2605 peccatorum
1793 2586 1802 2600 ‚
1844 2570 1876 2597 et
1901 2574 1972 2595 esse
1999 2563 2120 2602 iustos,

1126 2625 1160 2651 et
1178 2618 1474 2659 interpretantur,
1503 2614 1579 2646 sine
1599 2613 1691 2656 lege,
1720 2613 1756 2646 id
1775 2620 1843 2652 est,
1870 2613 1946 2646 sine
1966 2625 2120 2646 ceremo-

1127 2669 1208 2704 niis.
1277 2666 1345 2700 Hic
1381 2677 1480 2699 error
1513 2665 1719 2699 eximendus
1749 2671 1797 2697 est
1832 2665 1985 2697 animis:
2031 2663 2119 2696 Nam

1126 2718 1286 2755 Christus
1312 2729 1382 2752 non
1408 2717 1523 2756 venit,
1552 2723 1590 2751 ut
1615 2716 1726 2760 legem
1751 2716 1877 2760 ferret,
1904 2727 1968 2748 nec
1987 2713 2123 2748 Moises
