2415 2942
243 114 316 149 575
842 104 966 140 ruffi.
996 100 1110 137 MEL.
1136 98 1345 136 SCRtPTA
1373 96 1673 134 ExEGETch.
2186 99 2260 133 676

241 201 380 245 prodest
405 198 508 237 scire,
534 199 573 228 ut
596 200 775 228 teneamus
799 189 1076 223 consolationem
1103 193 1224 221 contra

242 251 444 295 opinionem
481 245 622 284 meriti,
659 244 740 276 item
765 248 885 274 contra
915 240 1015 273 illum
1042 239 1226 284 populum,

243 302 303 346 qui
326 300 391 332 sibi
416 298 503 330 falso
530 301 667 338 arrogat
690 292 832 326 titulum
859 291 1055 333 Ecclesiae,
1084 295 1227 333 propter

244 350 416 384 iusticiam
435 348 520 390 legis
538 354 600 380 etc.
642 344 786 378 Necesse
805 350 853 376 est
871 342 964 375 enim
983 353 1047 374 nos
1065 348 1228 378 statuere,

245 402 338 446 quod
356 398 558 432 sitEcclcsia
575 397 684 429 electa
696 422 704 434 ‚
731 406 802 426 non
819 400 961 437 propter
976 393 1179 434 dignitatem
1197 396 1230 422 et

246 452 368 484 merita
383 447 554 486 humana,
583 459 654 480 non
674 452 816 489 propter
836 443 1007 477 iusticiam
1026 443 1129 486 legis,
1157 452 1228 473 non

247 509 390 546 propter
407 500 626 532 autoritatem
646 494 856 535 humanam,
885 506 956 527 non
976 501 1116 538 propter
1133 503 1231 536 prae-

248 552 439 595 rogativam
458 548 694 583 successionis.
735 546 831 578 ldem
855 545 1035 578 sciendum
1055 551 1122 584 est,
1138 541 1231 587 quod

251 603 310 635 illa
336 600 490 635 Ecclesia
505 627 514 640 ,
547 610 635 644 quae
669 597 808 630 titulum
844 594 949 629 habet
963 623 971 635 ,
1012 593 1234 639 persequitur

251 665 368 686 veram
395 650 597 684 Ecclesiam.
658 647 777 690 Quare
803 647 904 680 initio
932 652 1048 679 monet
1076 655 1146 677 esse
1169 642 1234 675 ali-

253 716 358 749 quam
375 702 517 735 electam
538 699 727 732 Ecclesiam
741 725 748 738 ,
776 704 814 731 ut
838 698 1038 731 intueamur
1059 702 1092 729 et
1110 704 1235 737 agnos-

254 765 371 788 camus
397 764 510 785 veram
532 750 732 782 Ecclesiam.

354 803 479 836 Statim
503 808 617 833 autem
644 799 762 832 attexit
780 798 823 829 de
840 797 1042 836 vocatione,
1069 802 1108 829 ut
1126 794 1238 828 dedu-

256 861 308 888 cat
326 866 388 886 nos
405 854 445 884 ad
466 853 609 884 verbum
622 877 630 890 ‚
658 856 690 882 et
708 847 763 881 hic
783 855 900 881 monet
920 847 1139 880 vocationem
1166 855 1239 877 non

257 917 327 937 esse
352 904 497 936 irritam.
557 900 625 934 Sed
644 899 737 932 Deus
764 896 846 931 huic
867 910 947 930 suae
965 896 1141 930 vocationi
1161 906 1241 927 vere

257 957 370 994 adest,
401 953 562 986 iustificat
581 958 614 984 et
632 950 842 993 glorificabit
859 955 1010 982 vocatos.
1064 946 1150 979 Vult
1176 945 1241 988 igi-

259 1013 316 1039 tur
332 1016 394 1037 nos
412 1002 538 1036 intueri
559 1001 788 1040 vocationem,
809 1011 847 1032 ac
862 999 1072 1038 meminisse,
1091 998 1184 1042 quod
1201 996 1243 1029 sit

260 1056 431 1088 divinitus
447 1056 553 1093 facta,
580 1059 619 1085 ut
637 1052 671 1084 in
698 1063 734 1083 ea
755 1061 1032 1094 perseveremus,
1050 1049 1131 1093 quia
1149 1047 1244 1081 Deus

258 1105 340 1139 huic
358 1117 438 1139 suae
457 1103 633 1138 vocationi
661 1108 694 1136 et
713 1113 776 1134 suo
793 1102 899 1134 verbo
919 1100 1103 1134 adfuturus
1123 1106 1184 1134 est.

531 1185 637 1234 Quid
652 1185 766 1232 igilur
789 1182 974 1218 dicemus?

363 1256 558 1300 Septimum
585 1260 828 1296 argumentum
855 1252 1007 1285 occurrit
1039 1250 1245 1294 Praecipuae

264 1308 479 1355 quaestioni,
507 1312 658 1338 sumtum
679 1311 727 1336 est
744 1304 835 1336 enim
863 1304 906 1335 ab
930 1302 1066 1335 obiecto
1089 1308 1122 1334 et
1145 1312 1245 1334 causa

265 1359 414 1404 pavoris.
467 1356 555 1390 Nam
581 1367 679 1388 causa
700 1354 838 1398 pavoris
864 1360 896 1385 et
917 1352 1168 1395 desperationis
1186 1358 1246 1393 est,

266 1411 359 1455 quod
392 1409 483 1441 inter
510 1407 716 1439 afflictiones
747 1405 850 1437 etiam
878 1410 983 1436 terret
1010 1414 1072 1435 nos
1102 1412 1247 1444 conspe—

267 1470 340 1494 ctus
365 1466 564 1492 nostrorum
589 1463 828 1500 peccatorum,
858 1463 889 1488 et
913 1454 1107 1487 iudicamus
1131 1452 1247 1485 Deum

267 1511 369 1544 nobis
388 1509 499 1541 irasci.

369 1559 460 1592 Huic
473 1556 667 1602 quaestioni
681 1554 736 1588 hic
750 1555 908 1588 medetur
920 1554 1062 1592 Paulus,
1082 1560 1113 1586 et
1132 1559 1250 1586 osten—

268 1612 321 1646 dit
343 1611 438 1643 aliud
461 1609 636 1641 obiectum
660 1603 996 1650 apprehendendum
1021 1615 1111 1644 esse,
1146 1610 1177 1636 et
1203 1603 1251 1635 sic

270 1667 548 1705 argumentatur:
581 1657 672 1690 Deus
699 1663 843 1690 testatur
864 1667 899 1688 se
923 1656 1026 1688 nobis
1042 1666 1112 1687 esse
1132 1653 1250 1697 propi-

271 1714 363 1747 cium
382 1712 461 1744 dato
483 1710 574 1748 filio,
602 1713 634 1741 et
653 1708 793 1752 quidem
814 1707 872 1739 ille
899 1706 1035 1738 assidue
1060 1717 1123 1749 pro
1149 1704 1252 1736 nobis

272 1762 488 1806 interpellat,
524 1758 617 1801 Ergo
642 1770 714 1790 non
742 1758 948 1790 abiiciamus
973 1757 1076 1789 fidem
1103 1762 1135 1789 et
1156 1766 1250 1798 spem

273 1811 505 1847 liberationis.
546 1809 641 1852 Quid
660 1809 815 1841 dicemus
832 1808 874 1840 ad
895 1805 1002 1840 haec?
1029 1807 1064 1839 id
1081 1813 1149 1847 est,
1169 1805 1251 1850 quid

274 1864 448 1908 amplius,
488 1867 547 1894 aut
578 1859 691 1892 maius
723 1860 765 1892 ad
797 1858 1070 1891 consolationem
1105 1856 1254 1900 proponi

276 1920 416 1959 potest,
457 1923 561 1956 quam
594 1911 686 1954 quod
719 1907 889 1942 habemus
914 1907 1026 1941 Deum
1058 1906 1257 1940 faventem?

276 1965 316 1999 Id
355 1963 539 2007 amplificat
574 1961 694 1993 addito
731 1960 876 2002 pignore
916 1959 1045 2002 gratiae
1061 1986 1070 1999 ‚
1117 1958 1258 1997 scilicet,

278 2016 372 2061 quod
397 2013 532 2047 dederit
559 2023 621 2055 pro
648 2010 751 2043 nobis
775 2011 900 2044 silium.
960 2008 1007 2042 Et
1031 2010 1123 2041 clare
1149 2008 1257 2045 addit,

278 2079 322 2100 ne
342 2072 479 2111 peccata
497 2064 695 2096 deterreant
714 2072 792 2093 nos:
821 2060 911 2103 Quis
927 2059 1127 2093 accusabit?
1160 2058 1256 2104 quasi

280 2118 388 2150 dicat:
423 2113 571 2148 Etiamsi
603 2112 771 2145 sentimus
802 2123 865 2144 nos
897 2110 1062 2152 indignos
1093 2121 1183 2149 esse,
1227 2114 1260 2141 et

282 2165 396 2201 adhuc
420 2163 548 2199 habere
572 2169 726 2207 peccata,
766 2169 797 2196 et
822 2162 997 2203 ingentem
1022 2160 1259 2193 infirmitatem

282 2230 319 2251 ac
348 2215 636 2253 immunditiem,
677 2219 794 2246 tamen
836 2223 939 2243 nemo
980 2211 1156 2243 accusabit
1187 2220 1262 2249 nos,

284 2276 467 2313 postquam
499 2271 642 2310 propter
664 2262 862 2307 pontificem
886 2259 1066 2295 Christum
1089 2261 1190 2301 iusti,
1226 2261 1261 2292 id

285 2326 351 2356 est,
393 2317 522 2360 accepti
547 2326 678 2349 sumus.
739 2312 820 2346 ldeo
843 2312 975 2357 inquit:
1012 2311 1107 2344 Deus
1133 2318 1179 2345 est
1204 2311 1262 2356 qui

287 2369 464 2404 iustificat,
492 2367 608 2406 idest,
636 2365 744 2398 iustos
763 2362 985 2406 pronunciat.
1039 2360 1085 2396 Et
1105 2362 1265 2396 iustificat

286 2430 349 2452 nos
367 2416 802 2462 propteqiuterpellantem
818 2411 1011 2447 Christum.

390 2467 439 2501 lta
454 2466 640 2508 amplificat
660 2464 749 2498 hanc
767 2464 973 2497 sententiam
991 2464 1170 2497 mentione
1193 2475 1266 2496 me—

291 2519 436 2553 diatoris
469 2514 626 2556 Christi,
666 2529 704 2549 ac
738 2516 819 2548 facit
857 2515 1071 2547 mentionem
1113 2515 1265 2558 primum

294 2570 446 2606 Mortis,
491 2567 616 2599 deinde
650 2565 957 2605 Resurrectionis,
1005 2566 1107 2598 tertio
1141 2564 1266 2607 Regni,

291 2627 415 2666 quarto
435 2617 673 2651 pontificatus.
726 2615 820 2648 Haec
837 2616 989 2649 breviter
1008 2622 1268 2657 commemorat,

291 2683 376 2717 quae
393 2678 511 2704 tamen
529 2680 601 2701 non
621 2673 702 2700 sunt
720 2666 832 2700 obiter
848 2672 982 2701 tanturn
1000 2667 1210 2711 aspicienda.

1377 184 1536 218 Primum
1559 184 1602 217 de
1626 190 1739 218 morte
1765 190 1798 218 et
1821 185 1988 220 sacrificio
2021 185 2265 220 concionatur,

1276 243 1315 271 ut
1339 236 1527 269 admoneat
1551 247 1723 268 summam
1748 237 1996 270 contumeliam
2022 249 2113 277 esse,
2149 235 2264 269 ullum

1278 294 1454 332 peccatum
1473 287 1583 330 pluris
1601 286 1731 327 facere,
1760 298 1863 331 quam
1882 284 1948 320 hoc
1964 287 2183 320 sacrificium.

1380 337 1542 372 Secundo
1561 365 1570 378 ,
1609 334 1771 370 Christus
1802 337 2058 370 resurrectione
2093 349 2154 371 sua
2181 336 2266 370 vicit

1280 388 1479 421 universam
1512 388 1645 421 diaboli
1679 387 1885 432 potentiam.
1954 386 2055 421 Hanc
2081 388 2265 420 victoriam

1281 439 1430 472 sciamus
1464 438 1637 473 efficacem
1670 450 1761 480 esse,
1803 445 1836 472 et
1872 439 1975 472 nobis
2012 450 2151 483 quoque
2183 449 2266 482 pro—

1282 490 1450 523 futuram.

1383 539 1524 578 Tertio,
1550 551 1696 585 regnum
1721 552 1794 573 non
1820 546 1869 573 est
1893 540 2063 573 otiosum:
2094 537 2200 573 Sedet
2223 537 2268 570 ad

1284 591 1459 623 dexteram
1478 591 1606 634 patriS,
1635 598 1667 625 et
1686 591 1842 635 potentia
1862 591 1982 624 divina
2003 591 2182 624 credentes
2196 600 2270 622 ser-

1285 648 1362 682 vat,
1396 649 1565 676 sustentat
1592 649 1624 675 et
1648 642 1819 681 vivificat,
1853 642 1958 675 modo
1990 653 2034 674 ne
2067 640 2271 675 deficiamus

1286 692 1330 725 ab
1357 703 1409 727 eo.

1386 742 1521 785 Quarto
1540 743 1637 776 addit
1656 744 1896 787 pontificatum
1923 750 1955 777 et
1982 741 2269 776 intercessionem

1287 791 1432 828 Christi.
1499 792 1570 826 Nec
1604 806 1686 827 vero
1720 795 1791 827 ulla
1823 801 1873 828 est
1899 794 2037 827 dulcior
2065 791 2271 830 consolatio,

1291 856 1394 888 quam
1426 855 1611 886 agnoscere
1638 842 1819 878 Christum
1851 845 2072 889 pontificem,
2107 851 2139 878 et
2163 843 2273 875 inter—

1292 895 1494 938 pellatorem
1511 906 1582 927 esse
1602 907 1664 939 pro
1681 896 1795 931 nohis.
1856 894 1956 929 Esset
1972 902 2087 928 autem
2104 895 2273 927 adversus

1293 945 1531 989 pontificatum
1556 943 1708 989 Christi,
1743 946 1974 986 contumelia,
2008 946 2037 979 si
2060 944 2275 979 existimare-

1295 1007 1371 1028 mus
1398 996 1472 1028 eius
1496 995 1779 1029 intercessionem
1805 997 1938 1030 irritam
1965 1008 2047 1032 esse.
2108 995 2212 1035 Item,
2247 992 2277 1026 si

1295 1052 1450 1079 nostram
1470 1046 1727 1080 invocationem
1747 1059 1819 1080 non
1843 1048 2112 1090 adiungeremus
2137 1047 2180 1080 ad
2204 1044 2279 1078 eius

1295 1104 1590 1130 intercessionem.

1505 1177 1600 1227 Quis
1622 1180 1737 1226 igilur
1759 1180 1947 1229 separabit
1972 1181 2066 1215 nos?

1396 1245 1585 1280 Conclusio
1604 1254 1654 1281 est
1671 1249 1822 1292 proximi
1838 1249 2046 1292 argumenti.
2080 1246 2167 1282 Cum
2184 1244 2280 1280 Deus

1297 1303 1479 1341 tantopere
1508 1298 1631 1341 diligat
1660 1311 1744 1340 nOS,
1782 1312 2004 1344 nequaquam
2036 1298 2176 1332 abiiciet
2203 1307 2279 1338 nos,

1299 1349 1433 1380 etiamsi
1452 1360 1571 1381 sumus
1588 1349 1738 1390 infirmi,
1765 1357 1797 1383 et
1821 1362 2020 1382 exercemur
2037 1349 2136 1382 omni
2152 1359 2278 1391 genere

1300 1399 1538 1432 afflictionum.
1606 1398 1696 1432 Nam
1723 1400 1945 1433 dilectionem
1968 1399 2031 1433 Dei
2061 1405 2177 1438 vocat,
2209 1409 2277 1442 qua

1301 1448 1395 1481 Deus
1422 1461 1484 1482 nos
1508 1449 1642 1492 diligit,
1678 1451 1767 1484 sicut
1790 1457 1906 1494 postea
1931 1450 2183 1494 interpretatur
2206 1448 2278 1492 ipse

1302 1499 1447 1532 Paulus:
1483 1498 1631 1543 Propter
1652 1513 1749 1541 eum,
1781 1501 1839 1545 qui
1864 1501 1977 1543 diligit
2000 1512 2074 1533 nos.
2139 1498 2281 1542 Repetit

1303 1550 1394 1582 enim
1412 1549 1541 1583 Paulus
1559 1551 1593 1582 in
1621 1551 1688 1583 fine
1712 1552 1963 1584 consolationis
1988 1549 2078 1583 hanc
2102 1551 2281 1593 propriam

1303 1609 1334 1633 et
1353 1600 1581 1644 principalem
1598 1599 1780 1644 Evangelii
1805 1613 1943 1641 vocem,
1971 1602 2063 1645 quod
2084 1601 2181 1633 Deus
2198 1599 2283 1632 dili-

1303 1657 1359 1693 gat
1377 1662 1457 1690 nos,
1483 1651 1563 1695 quia
1583 1658 1632 1684 est
1651 1651 1885 1684 efficacissima
1904 1651 2095 1685 consolatio
2116 1651 2151 1683 in
2167 1650 2284 1683 omni-

1305 1704 1369 1735 bus
1387 1701 1658 1743 afflictionibus,
1686 1702 1757 1735 imo
1783 1703 1819 1735 in
1837 1703 1934 1735 omni
1958 1703 2197 1741 invocatione,
2225 1701 2284 1733 sed

1307 1752 1427 1796 procul
1453 1753 1563 1796 posita
1588 1765 1691 1797 snpra
1709 1754 1825 1786 cordis
1842 1750 1987 1786 humani
2005 1765 2163 1793 sensum,
2190 1752 2286 1796 quod

1307 1811 1357 1837 est
1383 1804 1524 1848 plenum
1550 1804 1771 1838 dubitatione
1794 1811 1827 1838 et
1850 1816 1998 1847 pavore,
2025 1811 2058 1837 et
2081 1815 2152 1836 non
2179 1802 2286 1835 audet

1308 1862 1458 1888 statuere
1474 1865 1538 1887 nos
1559 1855 1659 1899 diligi
1679 1868 1695 1888 a
1715 1854 1801 1890 Deo.
1855 1853 2044 1898 Exaggerat
2071 1854 2176 1897 igitur
2191 1852 2285 1887 Pau-

1309 1907 1363 1939 lus
1377 1903 1467 1939 hanc
1485 1906 1758 1939 consolationem
1774 1905 1894 1939 multis
1910 1906 2036 1943 verbis,
2063 1904 2160 1948 quasi
2176 1903 2285 1936 dicat:

1311 1957 1389 1990 Non
1405 1957 1541 1999 frangat
1559 1968 1620 1989 vos
1638 1956 1843 1999 magnitudo
1861 1956 2103 1994 afflictionum,
2121 1955 2179 1988 sed
2197 1951 2288 1986 hanc

1311 2007 1586 2041 consolationem
1613 2007 1649 2039 in
1674 2006 1839 2040 omnibus
1869 2006 2062 2040 terroribus
2087 2003 2287 2044 intuemini,

1311 2058 1404 2102 quod
1424 2058 1517 2091 Deus
1543 2064 1636 2091 certo
1660 2068 1722 2090 vos
1742 2057 1874 2101 diligat.
1929 2056 2000 2090 Nec
2021 2063 2072 2090 est
2095 2066 2183 2099 opus
2206 2066 2288 2098 pro—

1312 2110 1378 2142 lixa
1405 2108 1693 2153 interpretatione
1716 2108 1754 2140 in
1777 2105 1840 2141 hac
1865 2107 2053 2152 particula,
2082 2108 2139 2139 sed
2164 2106 2200 2138 in
2220 2106 2290 2138 vita

1313 2168 1344 2194 et
1362 2161 1398 2192 in
1420 2159 1642 2192 invocatione
1666 2159 1856 2200 discamus,
1884 2160 1976 2203 quod
2007 2157 2164 2203 requirat
2182 2156 2291 2196 Deus,

1313 2217 1351 2244 ut
1375 2217 1567 2243 statuamus
1595 2222 1659 2243 nos
1682 2210 1802 2253 diligi,
1838 2216 1870 2243 et
1893 2210 2123 2243 exuscitemus
2147 2218 2229 2247 nos,
2255 2213 2290 2240 et

1313 2259 1377 2294 hac
1391 2261 1458 2293 fide
1476 2273 1556 2294 vere
1573 2261 1776 2294 invocemus
1793 2273 1883 2294 eum.

1417 2311 1645 2345 Admonendi
1676 2319 1758 2345 sunt
1791 2310 1848 2345 hic
1879 2313 2049 2350 lectores,
2090 2309 2133 2342 de
2162 2307 2291 2353 ineptis

1317 2363 1598 2407 quaestionibus,
1626 2362 1788 2396 hocloco
1813 2362 1958 2404 agitatis.
2015 2359 2293 2404 Disputaverunt

1318 2414 1410 2446 enim
1437 2411 1662 2453 Scliolastici,
1690 2411 1747 2446 An
1770 2414 1879 2446 iustus
1903 2411 2009 2456 possit
2031 2410 2196 2448 amittere,
2214 2420 2293 2443 suas

1317 2465 1479 2504 virtutes,
1507 2477 1585 2497 cum
1606 2463 1735 2496 Paulus
1752 2465 1860 2498 dicat:
1891 2462 1980 2505 Quis
1996 2461 2170 2505 separabit
2185 2472 2249 2494 nos
2272 2472 2292 2493 a

1318 2515 1529 2562 dilectione?
1556 2515 1663 2556 Quasi
1684 2512 1750 2547 hoc
1768 2515 1867 2553 velit,
1893 2513 2082 2556 Quomodo
2100 2512 2293 2556 poterimus

1319 2566 1477 2599 amittere
1507 2572 1662 2598 nostram
1698 2565 1955 2598 dilectionem?
1998 2565 2167 2608 putabant
2198 2562 2292 2594 enim

1320 2617 1542 2649 dilectionem
1559 2617 1855 2660 interpretandam
1874 2627 1946 2649 esse
1970 2616 2012 2649 de
2028 2615 2158 2648 nostris
2180 2614 2293 2645 virtu-

1320 2667 1432 2708 tibus,
1462 2665 1526 2701 hoc
1549 2674 1616 2709 est,
1645 2668 1686 2700 de
1712 2666 1916 2706 dilectione,
1943 2679 2010 2713 qua
2034 2678 2096 2700 nos
2115 2664 2293 2708 diligimus
