2415 2942
95 132 167 168 381
490 129 571 167 XII.

623 128 921 166 ENARRATIO
950 129 1000 165 IN
1026 128 1208 169 EVANG.
1237 130 1449 169 IOANNIS.
1503 133 1605 172 CAP.
1633 135 1749 171 XVII.

2051 140 2124 175 382

95 218 255 262 piorum,
289 222 323 249 et
345 215 504 249 omnium
530 216 752 256 solatiorum,
787 227 876 260 quae
904 222 1082 258 expetunt.
1133 229 1197 250 nec
1220 217 1291 251 ulla
1320 216 1474 254 humana
1498 220 1668 264 sapientia
1690 223 1763 265 regi
1789 223 1846 256 illa
1867 223 2018 267 pericula
2037 237 2119 267 pos—

95 268 186 301 Tota
210 267 280 300 vita
307 279 376 299 nox
403 274 454 301 est
479 267 582 310 plena
607 267 851 306 tenebrarum,
885 264 922 298 in
939 265 1082 308 ignora-

94 319 190 352 tione
209 317 281 350 veri
300 316 364 350 Dei
383 325 416 351 et
440 318 720 361 permanentium
745 318 940 356 bonorum,
974 327 1080 361 quae-

94 375 178 403 runt
195 375 311 402 autem
328 368 412 401 salsa
430 368 575 411 gandia,
602 368 637 401 id
665 374 732 407 est,
767 379 856 411 quae
881 366 918 399 in
945 366 1080 423 magnis

94 427 126 453 et
151 419 242 452 veris
268 419 451 451 doloribus
483 430 555 451 non
581 424 724 462 possunt
750 429 906 450 recreare
931 428 1079 449 animos.

93 470 261 514 Pompeio
280 469 370 502 victo
388 481 460 502 non
478 469 615 502 leniunt
633 468 791 501 dolorem
809 468 901 500 ullae
915 467 1078 510 volupta—

93 528 162 562 tes,
199 527 258 554 aut
281 520 373 553 ullae
398 531 474 564 spes
499 519 732 556 auxiliorum,
767 524 799 551 et
823 518 850 551 si
871 529 956 563 quas
972 515 1078 551 habet

94 583 190 616 spes,
217 571 285 604 cito
306 576 526 604 evanescunt.
577 567 626 603 At
649 575 791 602 econtra
815 581 894 601 cum
917 569 1003 602 urbs
1023 567 1076 601 le-

93 622 270 667 rosolyma
300 622 344 654 ab
382 620 514 663 ingenti
553 619 705 653 exercitu
734 619 948 652 circumdata
984 625 1034 652 est
1057 630 1076 652 a

91 670 332 713 Sennaherib‚
372 672 432 716 qui
458 677 558 704 antea
588 672 707 703 decem
737 670 851 703 tribus
881 669 1013 703 vicerat
1043 676 1077 703 et

92 723 341 766 dissipaverat,
369 729 485 755 tamen
503 718 673 754 Ezechias
692 720 819 755 retinet
838 721 972 753 firmam
991 732 1075 753 con-

92 774 320 811 solationem,
360 772 422 806 scit
448 771 560 805 Deum
584 771 777 805 affuturum
800 782 872 804 esse
898 769 1074 804 Ecclesiae

90 836 192 863 suae,
220 824 257 856 in
280 821 343 856 hac
370 822 609 856 consolatione
631 822 837 867 acquiescit,
874 833 946 855 non
969 822 1075 864 igitur

89 873 194 908 habet
209 875 294 907 falsa
312 879 342 907 et
360 873 494 916 fugacia
511 872 651 915 gaudia.
705 872 778 906 Piis
795 873 855 918 qui
878 871 957 905 fidei
976 884 1073 905 exer-

88 926 168 959 citia
186 932 219 958 et
240 924 497 957 invocationem
523 924 744 968 intelligunt,
782 921 866 957 haec
890 921 1073 957 antithesis

88 988 161 1010 non
179 982 229 1009 est
246 976 408 1009 obscura.

218 1054 307 1093 N'on
332 1068 441 1102 rogo,
467 1060 505 1090 ul
523 1054 637 1090 tollas
656 1067 713 1090 eos
732 1054 774 1090 de
789 1054 938 1093 mundo.

187 1125 353 1159 Testatur
370 1132 403 1158 et
419 1123 485 1158 hoc
501 1124 635 1158 dictum
652 1125 741 1158 velle
759 1122 872 1158 Deum
884 1149 893 1163 ‚
919 1131 958 1158 ut
975 1124 1072 1157 omni

86 1185 242 1221 tempore
261 1176 298 1208 in
317 1174 381 1208 hac
396 1175 537 1208 mortali
554 1175 622 1208 vita
636 1199 646 1214 ‚
674 1175 712 1208 in
738 1187 805 1220 qua
825 1175 934 1209 tristis
948 1175 1072 1208 consu-

85 1229 136 1262 sio
163 1235 212 1261 est
234 1225 419 1260 hominnm
443 1233 475 1259 et
499 1226 745 1269 imperiorum,
786 1237 922 1269 semper
951 1226 1071 1270 aliqua

85 1280 131 1313 sit
146 1277 300 1312 Ecclesia
325 1288 405 1309 vera
428 1275 503 1309 Deo
527 1277 679 1319 placens.
733 1274 829 1310 Duas
855 1276 963 1319 igitur
984 1287 1069 1309 con-

86 1329 274 1363 solationes
299 1339 339 1360 ex
364 1324 428 1360 hac
452 1327 620 1370 petitione
651 1338 847 1360 sumamus:
900 1325 1070 1367 Alteram,

87 1380 181 1425 quod
207 1390 285 1411 cum
306 1383 439 1410 certum
466 1377 509 1410 sit
532 1388 734 1410 mansuram
759 1389 831 1410 esse
855 1375 920 1410 Dei
945 1376 1068 1410 Eccle-

84 1431 191 1470 siam,
231 1439 367 1471 semper
400 1427 549 1460 sciamus
573 1427 686 1461 Deum
718 1427 889 1461 efficacem
912 1439 985 1461 esse
1008 1439 1068 1471 per

82 1479 332 1523 Evangelium,
360 1477 474 1510 Deum
508 1478 610 1510 nobis
635 1478 771 1519 adesse,
805 1484 837 1511 et
861 1478 1067 1522 promissio-

83 1543 144 1565 nes
163 1541 299 1573 semper
317 1536 407 1563 ratas
423 1540 494 1561 esse
512 1535 545 1562 et
564 1529 636 1562 fieri
649 1556 657 1569 ,
685 1536 718 1562 et
735 1540 807 1562 esse
823 1530 979 1563 membra
997 1527 1067 1563 Ec-

81 1582 205 1616 clesiae
229 1579 312 1620 Dei,
346 1587 378 1613 et
403 1577 568 1612 haeredes
592 1580 682 1613 vitae
704 1587 865 1613 aeternae
889 1592 965 1621 eos,
1005 1580 1066 1625 qui

82 1630 443 1673 creduntEvangelio‚
470 1637 503 1664 et
521 1630 757 1664 ministerium
770 1629 954 1674 Evangelii
974 1643 1066 1665 sem-

83 1696 145 1727 per
169 1693 239 1715 esse
265 1681 402 1720 efficax,
436 1680 526 1714 sicut
548 1680 723 1724 promittit
746 1679 924 1714 Christus:
977 1681 1067 1715 Ecce

81 1746 143 1777 ego
163 1731 342 1766 vobiscum
361 1742 437 1763 sum
453 1732 617 1765 omnibus
635 1731 758 1765 diebus
781 1743 892 1777 usque
912 1732 956 1765 ad
982 1744 1066 1766 con-

82 1782 351 1818 summationem
366 1781 485 1815 seculi.

183 1832 302 1867 Altera
320 1832 511 1865 consolatio
530 1837 596 1872 est,
623 1832 718 1876 quod
743 1832 899 1867 defensio
919 1833 1067 1877 promit-

82 1885 168 1920 titur
184 1885 352 1917 adversus
378 1883 492 1915 omnis
511 1882 649 1926 generis
667 1883 822 1926 furores,
850 1884 979 1929 quibus
996 1882 1066 1917 Ec-

81 1935 182 1969 clesia
201 1940 437 1979 oppugnatur.
490 1932 527 1966 Si
545 1932 640 1966 Deus
655 1945 734 1966 mox
752 1934 950 1968 abduxisset
967 1934 1066 1979 Apo-

78 1986 184 2021 stolos
203 1999 241 2019 ex
260 1983 323 2017 hac
340 1984 429 2026 vita,
458 1990 491 2017 et
510 1990 667 2017 ornasset
690 1996 748 2017 eos
774 1992 914 2019 aeterna
940 1986 1064 2028 gloria,

79 2045 165 2072 esset
189 2049 227 2069 ea
253 2035 395 2081 quidem
420 2034 583 2068 liberatio
622 2034 853 2077 admiranda,
896 2038 955 2069 sed
980 2035 1065 2070 haec

80 2088 191 2121 multo
207 2086 405 2119 mirabilior
432 2092 499 2126 est,
527 2086 621 2130 quod
640 2083 832 2119 Ecclesiam
853 2088 950 2120 omni
976 2094 1063 2122 tem-

78 2150 162 2183 pore
182 2137 331 2171 velutin
350 2135 438 2169 mari
455 2136 563 2169 rubro
589 2143 736 2170 stantem
763 2136 855 2171 inter
881 2138 1007 2172 fluctus
1031 2145 1064 2172 et

78 2187 194 2223 hostes
226 2194 357 2228 servat,
400 2186 546 2230 imperia
579 2187 775 2233 plerunque
807 2195 889 2223 sunt
922 2189 1061 2223 inimica

76 2238 287 2283 Evangelio,
314 2244 347 2271 et
373 2249 475 2281 saepe
501 2237 646 2270 immani
671 2239 877 2273 crudelitate
901 2252 1060 2284 grassan—

76 2298 132 2324 tur
150 2292 315 2323 adversus
331 2289 451 2322 omnia
469 2289 624 2321 membra
639 2286 825 2323 Ecclesiae.
876 2290 1060 2325 Praeterea

75 2342 226 2375 maxima
247 2352 324 2385 pars
345 2337 530 2374 hominum
556 2339 768 2381 contemnit,
795 2347 828 2374 et
851 2342 927 2376 odit
943 2355 1060 2376 veram

76 2394 118 2425 de
137 2393 208 2428 Deo
232 2391 450 2431 doctrinam,
493 2390 689 2424 inflammat
722 2391 885 2426 diabolus
918 2394 1060 2435 multos,

76 2449 110 2476 et
125 2443 162 2476 in
180 2443 254 2487 ipso
273 2440 449 2476 Ecclesiae
466 2448 585 2481 coetu,
617 2448 657 2475 ut
677 2449 794 2476 serant
816 2444 1057 2478 conturbatio-

76 2505 137 2526 nes
152 2494 371 2536 dogmatum,
407 2499 467 2526 aut
491 2498 626 2526 certent
648 2493 903 2528 ambitionibus
924 2501 957 2528 et
979 2495 1058 2529 aliis

75 2544 336 2588 cupiditatibus.
388 2543 482 2577 Hinc
503 2543 655 2577 existunt
678 2543 832 2587 ingentia
855 2546 1058 2591 certamina,

73 2607 112 2629 ac
130 2595 317 2639 prudentes
332 2595 474 2635 vident,
509 2592 703 2628 Ecclesiam
727 2595 895 2630 omnibus
921 2603 1056 2643 tempo-

72 2646 170 2679 ribus
203 2645 238 2678 in
272 2645 400 2679 talibus
431 2645 600 2693 periculis
628 2646 783 2688 versari,
831 2659 870 2680 ac
899 2647 928 2681 si
952 2655 1057 2684 staret

71 2697 209 2731 assidue
242 2695 334 2731 inter
359 2708 528 2743 aquarum
561 2696 721 2732 cumulos
751 2697 788 2731 in
819 2699 909 2733 mari
936 2700 1058 2744 rubro,

1132 275 1234 308 sunt,
1267 281 1329 302 nec
1359 272 1531 304 sustinere
1564 284 1601 304 ea
1636 273 1749 305 ullum
1782 275 1891 307 robur
1924 272 2118 308 humanum

1132 325 1253 360 potest.
1308 319 1376 352 Sed
1411 322 1457 363 pii
1490 320 1553 354 hac
1582 334 1616 355 se
1647 325 1886 358 consolatione
1909 333 2118 366 sustentent,

1131 370 1225 411 quod
1256 369 1370 403 sciunt
1398 371 1509 403 iuvari
1538 384 1576 404 ac
1601 374 1741 407 defendi
1771 387 1833 409 nos
1859 389 1877 409 a
1901 375 1994 418 Deo,
2029 377 2118 410 Sicut

1130 415 1186 451 hic
1204 418 1349 462 petitur:
1378 420 1485 454 Serva
1505 434 1562 454 eos
1579 434 1596 455 a
1615 424 1715 457 malo.

1229 484 1288 519 Sic
1312 493 1344 520 et
1362 486 1481 521 Esaias
1505 489 1590 522 dicit
1615 491 1657 523 de
1680 491 1805 525 itinere
1823 491 1917 526 Mosi
1943 506 2004 538 per
2021 506 2116 528 mare

1128 536 1292 569 rubrum:
1322 537 1393 579 Qui
1420 539 1538 572 eduxit
1563 541 1683 574 dextra
1701 541 1849 582 ⁷Mosen,
1876 542 2020 577 brachio
2041 557 2116 578 ma-

1128 586 1258 619 iestatis
1284 599 1377 623 suae.
1431 588 1534 622 Item:
1563 590 1717 633 Spiritus
1733 591 1880 626 Domini
1899 595 2023 627 ductor
2041 596 2116 628 eius

1128 637 1211 677 suit,
1239 645 1302 672 etc.
1357 638 1433 672 Hoc
1457 641 1562 673 modo
1590 652 1725 686 semper
1748 643 1828 676 duci
1847 641 2037 677 Ecclesiam
2054 657 2115 689 per

1127 688 1280 731 ingentia
1299 689 1470 732 pericula,
1498 697 1662 736 tanquam
1680 705 1741 737 per
1758 695 1869 726 undas
1885 695 1929 727 ab
1948 694 2022 738 ipso
2039 694 2114 728 Deo

1127 746 1258 772 certum
1278 747 1345 779 est,
1375 748 1407 773 et
1425 738 1487 774 hac
1506 741 1572 774 fide
1590 749 1622 776 et
1642 743 1864 777 invocatione
1881 745 1949 778 Dei
1967 757 2019 778 res
2037 752 2115 779 tan-

1128 796 1198 830 tae,
1227 802 1316 834 quae
1340 791 1443 834 longe
1462 800 1628 835 superant
1646 794 1735 827 vires
1751 801 1908 833 nostras,
1936 796 2114 829 sustinen-

1128 841 1190 872 dae
1208 848 1301 874 sunt.
1355 841 1465 885 Saepe
1483 842 1592 885 igitur
1610 844 1800 887 cogitantes
1817 847 1859 878 de
1875 847 2004 880 nostris
2020 847 2114 890 peri-

1127 891 1232 933 culis,
1275 889 1364 925 hanc
1403 894 1639 936 precationem
1676 895 1740 928 filii
1772 895 1837 929 Dei
1874 898 2114 939 recordemur,

1126 953 1215 986 quae
1244 950 1278 976 et
1306 949 1389 975 tnnc
1411 943 1551 978 recitata
1575 952 1608 978 et
1630 946 1790 981 exaudita
1816 954 1884 990 est,
1917 955 1950 982 et
1976 948 2114 982 assidue

1126 1004 1242 1024 coram
1262 999 1403 1026 aeterno
1420 1001 1516 1038 patre
1533 996 1714 1040 repetitur.
1768 997 1892 1032 Manet
1910 999 2003 1031 enim
2021 999 2115 1033 filius

1127 1042 1192 1076 Dei
1215 1043 1424 1077 intercessor
1445 1046 1624 1087 assiduus,
1649 1059 1713 1080 nec
1730 1048 1828 1081 irrita
1846 1056 1896 1082 est
1913 1049 1986 1082 eius
2002 1049 2112 1083 inter-

1126 1093 1233 1126 cessio
1247 1121 1254 1134 ,
1281 1096 1339 1127 sed
1367 1096 1531 1138 impetrat
1554 1097 1658 1130 nobis
1679 1099 1816 1132 assidue
1835 1100 2024 1141 auxilium,
2051 1102 2113 1134 de-

1124 1144 1318 1177 fensionem
1356 1153 1388 1179 et
1429 1147 1684 1181 lIberationem.
1764 1147 1820 1182 Ad
1864 1151 2110 1192 cogitationem

1125 1192 1230 1227 huius
1248 1196 1458 1239 precationis
1477 1197 1709 1240 adiungamus
1725 1205 1757 1232 et
1777 1200 2044 1243 promissiones,
2072 1209 2112 1235 ut

1123 1243 1247 1278 Esaiae
1264 1245 1338 1279 46.;
1367 1244 1441 1290 Ego
1460 1258 1520 1280 vos
1537 1248 1641 1281 etiarn
1657 1249 1695 1281 in
1709 1257 1845 1285 senecta
1859 1252 2018 1295 gestabo,
2048 1263 2109 1295 ego

1121 1295 1205 1337 feci,
1233 1307 1294 1339 ego
1313 1297 1442 1339 seram,
1469 1309 1531 1341 ego
1551 1298 1706 1334 salvabo.

1170 1386 1353 1433 Santzfica
1379 1401 1437 1424 eos
1463 1389 1502 1424 in
1529 1391 1676 1426 veritate
1702 1397 1785 1436 lua,
1810 1405 1927 1430 sermo
1950 1400 2034 1430 tuus
2058 1402 2108 1430 cst

1222 1439 1369 1476 veritas.

1220 1515 1363 1561 Repetit
1389 1519 1582 1562 expressius
1606 1522 1842 1565 precationem
1865 1524 1907 1557 de
1927 1525 2107 1559 doctrinae

1120 1567 1282 1607 veritate,
1310 1575 1348 1602 ut
1363 1568 1456 1602 Deus
1466 1569 1697 1613 Evangelium
1711 1600 1719 1614 ‚
1743 1581 1776 1608 et
1795 1586 1910 1607 veram
1926 1587 1964 1608 ac
1981 1588 2106 1620 puram

1119 1616 1305 1660 Evangelii
1327 1620 1535 1654 sententiam
1552 1621 1588 1654 in
1607 1622 1808 1666 Apostolis,
1834 1632 1866 1658 et
1886 1626 2048 1670 deinceps
2069 1627 2106 1659 in

1118 1668 1314 1702 ministerio
1333 1678 1465 1711 servet,
1492 1671 1580 1705 sicut
1598 1679 1629 1706 et
1645 1672 1766 1707 Esaias
1785 1684 1947 1719 precatur
1964 1689 2036 1721 cap.
2055 1679 2104 1712 8.:

1119 1716 1279 1762 Obsigna
1301 1720 1411 1764 legem
1435 1722 1472 1754 in
1496 1722 1679 1766 discipulis
1702 1726 1808 1765 meis,
1842 1727 1877 1760 id
1902 1735 1968 1768 est,
2001 1729 2104 1761 video

1117 1770 1334 1804 tristissimas
1358 1773 1519 1805 tenebras
1541 1773 1578 1806 in
1596 1775 1725 1818 populo
1743 1775 1809 1809 Dei
1828 1785 2004 1811 secuturas
2021 1790 2105 1819 esse,

1119 1827 1151 1853 et
1168 1821 1298 1854 multos
1315 1822 1512 1857 abiecturos
1531 1835 1602 1857 esse
1618 1826 1814 1860 doctrinam
1833 1829 1875 1861 de
1888 1828 2033 1870 Messia‚
2062 1831 2105 1863 de

1119 1871 1202 1910 fide,
1228 1872 1271 1904 de
1295 1884 1373 1906 vera
1392 1873 1634 1916 invocatione,
1659 1877 1702 1909 de
1720 1878 1810 1911 veris
1828 1879 1980 1913 cultibus
1999 1889 2030 1913 et
2047 1893 2104 1913 re-

1117 1928 1278 1964 cepturos
1299 1921 1456 1957 ethnicas
1479 1925 1667 1968 opiniones
1690 1928 1732 1960 de
1755 1928 1902 1973 imperio
1919 1931 2102 1964 mundano

1117 1971 1286 2013 Messiae,
1313 1975 1356 2007 de
1378 1976 1598 2009 cumulandis
1623 1978 1811 2014 sacrificiis.
1866 1980 1935 2014 Sed
1958 1988 1989 2014 te
2008 1981 2103 2015 Deus

1116 2034 1197 2064 oro,
1224 2025 1371 2057 verbum
1394 2027 1489 2070 quod
1513 2025 1699 2071 Prophetis
1724 2030 1916 2071 tradidisti,
1943 2043 2041 2065 serva
2065 2033 2102 2065 in

1115 2074 1293 2107 mentibus
1317 2087 1456 2116 eorum,
1484 2077 1544 2122 qui
1567 2076 1806 2122 propheticam
1824 2082 2021 2115 doctrinam
2038 2095 2102 2116 au-

1115 2123 1237 2165 diunt,
1262 2126 1418 2168 discunt,
1446 2134 1478 2162 et
1495 2129 1766 2172 amplectuntur,
1794 2139 1826 2166 et
1844 2133 1984 2177 quidem
2003 2145 2101 2167 serva

1114 2175 1356 2219 obsignatam,
1391 2190 1436 2211 ne
1469 2179 1672 2220 effundant,
1707 2189 1767 2216 aut
1798 2185 1942 2216 verbum
1974 2185 2101 2227 ipsum,

1113 2232 1173 2260 aut
1197 2227 1351 2261 nativam
1375 2230 1603 2269 sententiam,
1632 2231 1720 2265 sicut
1744 2232 1960 2275 Sadducaei,
1988 2247 2031 2267 ne
2056 2235 2101 2268 li-

1113 2284 1220 2310 teram
1244 2278 1387 2323 quidem
1412 2279 1669 2324 Prophetarum
1693 2283 1918 2326 recipiebant.
1972 2282 2100 2318 Phari-

1110 2328 1181 2361 saei
1212 2328 1326 2362 videri
1353 2331 1518 2365 volebant
1541 2332 1691 2365 retinere
1714 2333 1870 2376 literam,
1902 2337 1960 2369 sed
1987 2336 2099 2370 iuter-

1112 2379 1323 2421 pretationes
1347 2381 1451 2414 falsas
1466 2382 1696 2426 affingebant,
1723 2391 1761 2418 ut
1775 2383 1891 2420 adhuc
1910 2385 2048 2421 Iudaeis
2065 2394 2099 2421 et

1110 2427 1294 2464 haereticis
1312 2431 1477 2466 usitatum
1495 2440 1555 2467 est.

1211 2496 1410 2542 Diligenter
1426 2506 1540 2533 autem
1559 2500 1818 2537 observandum
1833 2510 1895 2544 est,
1923 2506 2016 2549 quod
2031 2517 2098 2539 no-

1109 2547 1271 2582 minatim
1293 2550 1378 2593 petit
1404 2550 1535 2584 servari
1558 2551 1755 2587 doctrinam
1775 2554 1811 2586 in
1829 2555 2030 2600 discipulis,
2060 2557 2096 2588 id

1109 2606 1177 2641 est,
1210 2600 1245 2633 in
1273 2600 1501 2634 discentibus.
1553 2600 1720 2648 Requirit
1745 2604 1853 2648 igitur
1876 2607 2032 2639 studium
2063 2614 2096 2641 et

1109 2650 1346 2693 cognitionem
1370 2651 1509 2691 literae,
1535 2653 1611 2687 vult
1637 2666 1702 2688 nos
1721 2657 1900 2690 auditores
1917 2669 1988 2690 esse
2006 2656 2095 2690 Pro·

1108 2699 1305 2746 phetarum.
1358 2700 1399 2735 ln
1424 2714 1464 2737 eo
1484 2709 1585 2738 coetu
1600 2704 1811 2741 discentium
1831 2714 1863 2741 et
1880 2708 2093 2752 amplecten-
