2415 2942
120 118 193 156 541

109 205 221 239 filium
237 203 315 240 Dei.
366 202 413 238 Et
438 216 517 238 cum
543 204 706 238 voluntas
723 204 772 238 sic
795 204 1004 249 acquiescit,
1039 217 1099 239 cor

103 256 142 291 fit
161 255 414 300 tranquillum,
443 262 476 289 et
494 256 648 299 concipit
663 255 940 295 consolationem
968 267 1006 288 ac
1024 256 1096 289 lae-

102 307 238 345 titiam,
266 318 354 351 quae
378 313 428 341 est
447 307 601 341 incoatio
622 319 734 340 novae
759 307 863 339 vitae.
916 304 992 338 Hos
1017 318 1094 340 mo—

104 365 161 392 tus
185 365 382 403 sequuntur
406 369 502 403 spes,
529 365 562 392 et
587 357 739 393 dilectio,
793 356 888 400 Quia
911 357 997 389 fides
1022 364 1092 391 sta-

100 409 169 445 tuit
192 408 307 443 Deum
338 410 442 443 nobis
474 409 670 454 propicium
704 419 799 449 esse,
838 408 941 440 audet
974 415 1090 452 petere

101 467 134 494 et
162 467 360 504 expectaree
392 460 559 494 beneficia
598 465 743 494 caetera.
810 456 853 492 Et
885 459 999 492 oritur
1033 459 1089 492 di-

100 510 233 552 lectio,
281 511 363 557 quia
401 511 467 544 iam
501 510 721 553 agnoscimus
750 510 867 543 Deum
907 521 980 542 non
1016 521 1088 543 esse

101 562 274 603 otiosum,
302 568 340 595 ut
363 562 452 595 ratio
475 561 592 604 fingit,
625 572 688 594 nec
713 572 785 593 esse
809 558 964 600 hostem,
999 573 1087 606 qua-

100 613 169 645 lem
185 613 238 646 lex
256 613 479 653 ostendebat,
507 613 565 645 sed
584 623 657 645 esse
677 618 808 656 patrem
821 639 829 652 ‚
859 611 920 657 qui
941 611 1086 645 calami-

99 663 179 697 tatis
198 670 337 698 nostrae
354 663 597 707 magnitudine
615 662 778 702 afficitur,
806 669 837 697 et
853 674 918 695 nos
935 662 1086 696 liberare

98 715 211 758 cupit,
239 716 300 761 qui
319 715 426 748 iurat:
455 712 548 747 Vivo
573 725 654 757 ego,
681 714 765 747 nolo
790 721 938 748 mortem
962 726 1084 759 pecca-

98 766 183 798 toris
198 772 262 800 etc.
316 764 392 799 Hoc
409 765 515 798 modo
532 777 611 798 cum
635 765 857 808 agnoscimus
883 777 947 798 nos
975 765 1083 809 recipi

97 816 133 848 in
158 817 325 859 gratiam,
353 823 384 850 et
408 816 585 856 exaudiri,
610 816 763 849 vicissim
791 828 856 850 nos
879 817 911 849 ei
936 816 1084 850 subiici-

96 879 194 907 mus,
221 875 253 901 et
271 868 474 900 accenditur
497 868 669 911 quaedam
694 868 909 907 reverentia,
938 879 997 900 seu
1022 869 1081 900 de-

94 918 260 950 siderium
286 919 482 963 quoddam,
511 930 580 963 quo
609 919 838 952 anteferimus
862 918 976 952 Deum
1004 931 1081 952 cae-

92 968 175 1001 teris
202 969 316 1004 rebus.
378 968 476 1002 Talis
502 976 553 1002 est
572 969 712 1002 dilectio
739 970 774 1002 in
800 968 863 1004 hac
889 971 981 1010 vita,
1007 982 1081 1003 non

91 1020 217 1052 ardens
233 1027 270 1054 ut
286 1020 432 1054 debebat
444 1047 452 1062 ‚
479 1021 538 1053 sed
555 1019 756 1056 imbecillis.

521 1104 645 1139 Aliud.

191 1170 380 1206 Obiiciunt
396 1179 426 1206 et
444 1184 574 1205 nomen
595 1172 776 1207 mercedis.
831 1171 913 1206 Vita
939 1179 1078 1205 aeterna

91 1230 237 1258 vocatur
251 1235 394 1261 merceS,
423 1222 517 1266 Ergo
535 1224 627 1256 bona
647 1235 751 1267 opera
773 1230 953 1256 merentur
971 1223 1076 1256 vitam

90 1282 282 1308 aeternam.
331 1273 410 1306 Non
430 1285 594 1318 quaeram
613 1280 753 1316 argutas
769 1274 1077 1317 interpretationes

91 1324 273 1362 vocabuli,
302 1324 415 1357 fontes
433 1336 556 1357 causae
574 1325 853 1358 considerentur.
915 1323 1076 1357 Psalmus

89 1376 223 1420 inquit:
259 1374 338 1407 Non
365 1375 473 1407 intres
498 1375 534 1407 in
561 1375 732 1407 iudicium
765 1386 845 1407 cum
873 1386 973 1406 servo
1003 1381 1074 1414 tuo,

88 1426 169 1471 quia
187 1437 259 1458 non
277 1425 524 1458 iustificabitur
541 1425 577 1458 in
595 1432 783 1469 conspectu
803 1431 864 1458 tuo
886 1425 1000 1457 omnis
1020 1425 1072 1457 vi-

87 1487 183 1511 vens,
243 1474 346 1508 Item:
373 1474 508 1509 Delicta
531 1476 609 1521 quis
630 1475 823 1518 intelligit?
857 1474 978 1518 Quare
999 1488 1071 1508 non

86 1537 272 1572 possumus
297 1532 464 1567 statuere,
491 1538 555 1560 nos
581 1527 706 1560 mereri
733 1527 861 1560 nostris
880 1527 1072 1560 virtutibus

84 1580 191 1612 vitam
208 1584 403 1616 aeternam,
432 1589 493 1610 seu
511 1585 648 1611 nostras
664 1578 810 1611 virtutes
830 1589 901 1610 esse
920 1578 1070 1622 pretium

83 1630 176 1663 vitae
195 1636 366 1662 aeternae.
421 1627 472 1662 Ac
499 1641 603 1673 supra
631 1629 754 1671 collegi
777 1629 887 1662 multa
911 1629 1071 1662 testimo-

82 1681 160 1721 nia,
187 1692 275 1725 quae
291 1680 482 1712 ostendunt
497 1692 640 1712 manere
664 1680 700 1712 in
726 1679 856 1712 renatis
881 1686 1072 1723 peccatum,

83 1744 171 1778 quae
189 1728 246 1764 hic
263 1730 381 1763 animo
397 1730 566 1763 intuenda
585 1738 676 1764 sunt.
729 1728 773 1763 Et
799 1742 896 1763 suam
923 1730 1072 1775 quisque

82 1781 331 1816 conscientiam
353 1781 531 1820 consulat,
563 1788 681 1814 utrum
703 1781 801 1814 malit
819 1781 945 1813 donari
963 1781 1070 1814 vitam

83 1841 260 1867 aeternam
292 1839 436 1876 propter
461 1829 662 1872 Christum,
704 1844 749 1864 an
776 1843 860 1865 vero
886 1832 976 1864 solvi
1005 1844 1069 1876 pro

83 1884 228 1919 meritis.
281 1882 490 1925 Languescit
514 1884 669 1916 studium
696 1891 790 1916 recte
814 1882 983 1924 faciendi,
1013 1883 1068 1915 in-

82 1937 196 1982 quies,
230 1934 256 1968 si
281 1934 387 1977 gratis
406 1935 532 1967 donari
553 1934 622 1968 vita
642 1942 780 1967 aeterna
798 1934 938 1968 dicitur.
992 1932 1068 1967 Imo

81 1985 277 2031 desperatio
303 1985 411 2028 magis
435 1986 595 2019 debilitat
623 1986 777 2018 studium
797 1991 889 2018 recte
904 1985 1067 2020 faciendi.

80 2037 225 2071 Necesse
250 2043 300 2070 est
321 2036 414 2069 enim
439 2037 624 2084 desperare
641 2048 718 2075 eos,
747 2036 805 2081 qni
827 2036 1068 2079 imaginantur

81 2100 144 2132 pro
169 2087 302 2119 meritis
326 2087 402 2119 dari
425 2087 531 2120 vitain
556 2094 745 2122 aeternam.
806 2087 845 2121 Id
871 2087 1065 2131 periculum

83 2146 112 2171 et
131 2136 374 2182 prudentiores
393 2144 506 2180 patres
523 2138 701 2174 viderunt.
756 2138 839 2172 ldeo
859 2139 988 2172 diserte
1010 2139 1065 2170 di-

80 2196 163 2223 cunt
188 2188 408 2230 Augustinus
432 2194 464 2221 et
491 2186 735 2222 Bernhardus:
778 2188 899 2223 Gratis
923 2196 1066 2233 propter

78 2238 258 2273 Christum
277 2239 353 2271 dari
374 2238 480 2271 vitam
499 2246 673 2272 aeternam
692 2241 858 2275 credenti.
912 2240 1013 2274 Sicut
1033 2247 1064 2273 et

78 2290 208 2324 Paulus
234 2290 368 2334 inquit:
403 2288 546 2323 Donum
573 2289 637 2323 Dei
667 2297 715 2324 est
745 2293 815 2324 vita
839 2299 978 2325 aeterna
1002 2304 1065 2336 per

80 2340 255 2375 Christum
278 2341 389 2373 lesum
407 2339 602 2374 Dominum
621 2349 791 2375 nostrum.
844 2341 916 2376 Nec
934 2351 982 2376 est
1008 2343 1062 2375 in·

80 2399 210 2426 certum
236 2393 382 2426 donum.
415 2417 421 2424 .
443 2391 512 2425 Sed
537 2393 635 2426 Deus
664 2393 849 2436 praecipit,
877 2400 915 2426 ut
942 2395 1061 2426 creda-

80 2455 155 2475 rnus
171 2455 234 2475 nos
253 2450 345 2476 certo
363 2451 564 2486 accepturos
578 2456 649 2477 esse
661 2444 768 2476 vitam
786 2450 961 2476 aeternam
981 2456 1061 2487 pro-

79 2501 155 2537 pter
179 2492 376 2537 Christum,
411 2494 506 2528 iuxta
531 2495 619 2527 illud
644 2494 787 2527 loannis
807 2494 858 2529 6.;
894 2493 989 2527 Haec
1011 2501 1061 2529 est

78 2545 240 2578 voluntas
267 2545 390 2588 patriS,
433 2552 471 2579 ut
495 2546 611 2579 omnis
647 2547 705 2591 qui
733 2546 843 2579 credit
874 2546 911 2578 in
937 2546 1060 2587 filium,

77 2594 201 2629 habeat
221 2595 324 2628 vitam
347 2603 537 2631 aeternam.
590 2596 671 2630 Non
695 2603 810 2630 antem
836 2596 950 2630 existit
975 2594 1059 2630 haec

75 2647 158 2679 fides
177 2647 251 2679 sine
275 2647 506 2690 poenitentia,
534 2661 572 2682 ac
595 2648 679 2682 fides
706 2649 864 2681 intuetur
883 2655 1058 2694 utranqne

74 2710 213 2739 vocem,
242 2698 418 2731 videlicet:
448 2698 538 2733 Vivo
556 2711 637 2744 ego,
664 2700 749 2733 nolo
768 2708 915 2734 mortem
935 2711 1054 2744 pecca-

421 114 522 154 Xlll.
575 118 610 153 2.
644 115 1012 154 COMMENTARII
1037 118 1087 154 IN
1113 118 1268 156 EPIST.
1296 119 1443 158 PAULI
1472 122 1539 160 AD
1566 123 1830 164 ROMANOS.

2074 131 2148 169 542

1153 206 1257 246 toris,
1300 208 1359 242 sed
1385 215 1423 242 ut
1445 218 1672 246 convertatur
1700 220 1732 247 et
1760 213 1864 247 vivat.
1931 213 2147 257 Quomodo?

1151 269 1213 301 per
1229 258 1362 303 filium,
1390 267 1428 293 ut
1455 259 1511 294 hic
1534 262 1598 296 ait:
1635 264 1735 297 Haec
1760 271 1811 298 est
1833 265 1997 300 voluntas
2022 269 2143 311 patris,

1149 314 1186 340 ut
1204 309 1319 342 omnis
1337 310 1398 354 qui
1417 312 1528 346 credit
1551 313 1588 346 in
1605 314 1737 356 filium,
1761 313 1886 350 habeat
1905 317 2012 350 vitam
2030 326 2142 352 aeter-

1147 369 1241 393 nam.
1320 359 1534 406 Quanquam
1577 372 1694 398 autem
1730 368 1848 400 adesse
1885 368 2140 411 poenitentiam

1146 415 1304 452 oportet,
1330 417 1448 444 tamen
1466 424 1540 445 non
1557 421 1607 448 est
1629 416 1826 460 affingenda
1845 419 2003 452 conditio
2019 421 2138 463 digni-

1144 459 1223 493 tatis
1243 467 1395 496 nostrae.
1451 462 1526 496 lmo
1546 476 1625 498 cum
1645 468 1859 510 poenitentia
1886 478 2019 513 pugnat
2043 472 2136 505 fidu-

1143 510 1194 543 cia
1217 511 1354 552 meriti,
1394 512 1484 547 sicut
1509 522 1629 550 monet
1661 518 1812 551 dictum:
1854 518 1926 562 Qui
1951 521 2135 563 gloriatur,

1142 561 1179 594 in
1195 561 1352 596 Domino
1371 563 1553 606 glorietur.

1243 612 1316 647 Cur
1353 614 1461 657 igitur
1504 623 1650 650 vocatur
1689 619 1850 652 merces'.>
1902 619 2133 666 Respondeo:

1140 661 1289 697 Etiamsi
1325 666 1480 699 donatur
1505 674 1650 712 propter
1673 665 1856 703 Christum
1887 672 1956 705 vita
1983 681 2134 715 aeterna,

1139 720 1256 748 tamen
1281 716 1387 750 simul
1412 725 1614 761 compensat
1639 718 1777 754 labores
1800 728 1832 755 et
1853 733 2041 757 aerumnas
2067 737 2133 758 no-

1139 772 1238 802 stras.
1308 766 1347 800 ld
1372 769 1414 801 ad
1441 769 1606 802 vocabuli
1629 771 1802 804 rationem
1826 773 1908 806 satis
1933 781 2001 816 est,
2043 776 2132 809 sicut

1139 813 1335 851 haereditas
1346 819 1453 852 simul
1469 822 1794 864 compensatofficia
1805 820 1976 866 haeredis,
1995 826 2131 860 etiamsi

1138 875 1281 912 propter
1301 870 1405 903 aliam
1426 882 1564 904 causam
1583 873 1770 917 contingit.
1822 874 1891 908 Sed
1919 883 1968 909 est
1990 877 2057 910 alia
2075 890 2129 911 re-

1137 920 1279 962 sponsio
1297 921 1494 965 simplicior
1513 934 1552 955 ac
1568 923 1696 958 verior.
1752 922 1901 960 Phrases
1920 927 2006 970 legis
2028 935 2127 962 sunt:

1137 968 1277 1005 Reddet
1299 972 1492 1018 unicuique
1518 973 1612 1008 iuxta
1638 986 1744 1019 opera
1770 987 1843 1010 sua.
1916 976 2021 1011 Item:
2057 978 2127 1013 Co—

1137 1021 1232 1064 piosa
1248 1022 1313 1055 erit
1328 1034 1460 1056 merces
1488 1024 1525 1056 in
1548 1025 1665 1060 coelis.
1720 1025 1896 1072 Loquitur
1920 1029 2014 1062 enim
2038 1031 2126 1063 scri—

1136 1079 1236 1114 ptura
1258 1085 1355 1106 more
1372 1074 1456 1117 legis
1469 1075 1512 1108 de
1529 1075 1675 1117 iusticia,
1694 1078 1793 1121 quasi
1811 1079 1854 1111 de
1870 1087 1989 1113 nostra
2009 1081 2126 1124 digni-

1136 1129 1210 1158 tate.
1267 1123 1353 1156 Item
1376 1126 1418 1158 de
1442 1125 1510 1158 fide
1529 1133 1695 1171 tanquam
1720 1129 1764 1160 de
1781 1136 1899 1162 nostra
1918 1130 2066 1172 virtute,
2093 1139 2125 1166 et

1134 1174 1219 1207 dicit
1245 1176 1374 1208 nostris
1401 1176 1594 1210 virtutibus
1616 1177 1694 1210 dari
1718 1181 1926 1216 mercedem.
1995 1180 2042 1215 At
2069 1183 2125 1215 in-

1133 1225 1233 1256 terim
1255 1238 1293 1257 ex
1312 1224 1507 1268 Evangelio
1533 1228 1715 1260 sciendum
1736 1236 1802 1268 est,
1832 1243 1896 1264 nos
1921 1244 1994 1265 esse
2014 1233 2123 1266 iustos

1133 1287 1204 1307 non
1236 1283 1353 1309 nostra
1389 1277 1579 1320 dignitate,
1622 1280 1680 1312 sed
1710 1280 1960 1324 imputatione:
1997 1291 2028 1317 et
2055 1285 2123 1317 fide

1131 1326 1241 1369 accipi
1268 1327 1436 1360 beneficia
1461 1327 1615 1369 Christi,
1651 1342 1722 1362 non
1749 1340 1893 1376 propter
1918 1334 2026 1377 ipsius
2049 1336 2121 1368 vir-

1131 1377 1213 1408 tutis
1236 1377 1462 1419 dignitatem,
1498 1381 1556 1412 sed
1586 1381 1667 1426 quia
1691 1382 1818 1415 nititur
1843 1384 1957 1417 alieno
1984 1386 2120 1425 merito,

1129 1426 1259 1461 scilicet
1281 1425 1426 1463 Christi.
1500 1429 1595 1464 Haec
1632 1440 1683 1465 est
1712 1434 1872 1477 expedita
1898 1442 1930 1469 et
1959 1448 2039 1469 vcra
2065 1450 2119 1470 re-

1127 1479 1289 1521 sponsio,
1319 1487 1351 1513 et
1370 1481 1445 1513 sine
1463 1480 1663 1526 sophistica.

1474 1561 1488 1577 ⁹
1564 1565 1685 1598 Aliud.

1227 1627 1369 1663 Addam
1395 1638 1427 1664 et
1453 1629 1675 1665 scholasticas
1701 1635 1869 1678 quasdam
1890 1637 2118 1679 obiectiones,

1127 1691 1215 1724 quae
1233 1680 1422 1723 explicatae
1439 1682 1590 1716 multum
1615 1683 1703 1716 lucis
1728 1686 1864 1718 addunt
1891 1684 1972 1720 huic
1994 1689 2118 1733 dispu-

1126 1730 1272 1771 tationi,
1305 1739 1336 1764 et
1362 1732 1539 1766 interdum
1564 1742 1724 1768 exercent
1753 1744 1906 1775 argutos.
1975 1738 2116 1774 lusticia

1125 1788 1175 1814 est
1193 1782 1394 1817 obedientia
1414 1796 1492 1828 erga
1511 1791 1617 1818 totam
1636 1786 1764 1829 legem:
1794 1786 1893 1820 Bona
1910 1801 2014 1833 opera
2034 1798 2115 1824 sunt

1125 1833 1327 1867 obedientia
1349 1847 1428 1878 erga
1452 1842 1561 1869 totam
1588 1836 1719 1879 legem,
1754 1835 1848 1881 Ergo
1874 1839 1978 1873 bonis
1996 1842 2114 1885 operi—

1125 1883 1447 1920 busiustificamur.
1500 1885 1733 1931 Respondeo:
1769 1887 1929 1924 Primum
1954 1894 2113 1934 neganda

1124 1941 1172 1967 est
1196 1935 1324 1971 minor.
1393 1936 1481 1970 Nam
1508 1939 1600 1972 bona
1624 1951 1730 1983 opera
1755 1952 1827 1973 non
1856 1949 1938 1976 sunt
1961 1944 2112 1986 perfecta

1124 1985 1325 2019 obedientia
1350 2000 1428 2031 erga
1453 1989 1586 2032 legem,
1619 1991 1700 2035 quia
1727 1999 1851 2024 natura
1878 1990 2030 2026 humana
2057 2006 2112 2027 re-

1122 2044 1254 2080 pugnat
1271 2037 1337 2081 legi
1355 2038 1432 2074 Dei.
1483 2039 1623 2073 Deinde
1645 2043 1687 2074 ad
1708 2042 1876 2076 maiorem
1896 2046 2111 2088 respondeo:

1122 2087 1241 2121 Maior
1266 2097 1315 2123 est
1337 2102 1436 2133 vera,
1465 2091 1508 2124 de
1533 2091 1669 2125 iusticia
1694 2093 1790 2137 legis.
1859 2093 1947 2127 Nam
1972 2096 2109 2130 iusticia

1120 2138 1205 2181 legis
1230 2147 1280 2173 est
1298 2141 1498 2175 obedientia
1525 2154 1604 2186 erga
1629 2150 1736 2177 totam
1763 2145 1884 2188 legem.
1938 2145 2005 2180 Sed
2027 2148 2108 2191 quia

1120 2187 1210 2223 hanc
1244 2203 1317 2224 non
1356 2200 1592 2236 praestamus,
1626 2194 1705 2228 ideo
1736 2194 1968 2238 Evangelium
2006 2198 2109 2232 offert

1118 2241 1304 2283 gratuitam
1323 2243 1594 2287 imputationem
1618 2245 1794 2286 iusticiae,
1822 2247 1909 2280 sicut
1928 2254 1960 2280 et
1978 2247 2109 2282 Paulus

1119 2293 1283 2325 admonet
1308 2306 1371 2327 nos
1403 2296 1445 2327 de
1472 2297 1579 2329 verbo
1604 2296 1858 2340 imputationis.
1919 2296 2015 2330 Ilaec
2044 2301 2108 2332 ol]-

1118 2342 1219 2375 iectio
1239 2345 1430 2378 admodum
1450 2346 1546 2379 utilis
1572 2354 1638 2386 est,
1665 2354 1836 2380 monstrat
1861 2347 1954 2381 enin·
1983 2350 2086 2383 dist-ri

1119 2405 1197 2426 men
1226 2395 1382 2429 iusticiae
1410 2397 1496 2440 legis
1521 2404 1553 2430 et
1574 2396 1773 2439 Evangelii.
1826 2396 1996 2433 Ostendit
2020 2402 2105 2434 alibi

1116 2444 1218 2478 aliter
1242 2447 1405 2491 usurpari
1429 2448 1641 2481 vocabulum
1668 2449 1837 2482 iusticiae.
1914 2449 1952 2483 ld
1982 2452 2106 2486 sesellit

1115 2494 1394 2531 Sententiarios:
1437 2499 1498 2543 qui
1528 2511 1606 2532 curn
1640 2499 1677 2531 in
1707 2500 1897 2534 Aristotele
1930 2502 2105 2545 legissent,

1114 2546 1288 2581 iusticiam
1331 2550 1526 2591 significare
1566 2550 1801 2584 universalem
1847 2552 2105 2594 obedientiam,

1113 2599 1335 2633 somniarunt
1354 2601 1445 2633 idem
1464 2600 1499 2632 in
1516 2599 1703 2645 Prophetis
1718 2609 1752 2636 et
1770 2603 1951 2646 Apostolis
1970 2606 2103 2650 ubique

1114 2649 1314 2692 significari.
1374 2649 1534 2684 Psalmus
1550 2651 1682 2697 inquit:
1718 2652 1859 2687 Iusticia
1882 2661 1941 2688 tua
1967 2656 2101 2688 exulta--

1112 2700 1213 2735 bunt.
1280 2700 1349 2734 Hic
1372 2713 1445 2736 non
1480 2702 1651 2746 significat
1677 2703 1921 2739 Aristotelicas
1947 2706 2104 2748 virtutes,
