2415 2942
280 125 323 159 19

280 209 346 242 llic
364 208 478 241 abolet
502 212 678 250 peccatum
706 210 736 236 et
761 209 908 234 mortem
924 228 932 240 ‚
968 207 998 233 et
1027 200 1061 231 in
1088 199 1267 232 mentibus

281 259 497 292 credentium
516 267 641 289 uox-:un
667 255 796 290 lucem,
833 252 865 283 id
893 257 961 288 est,
996 250 1160 283 noticiam
1188 249 1269 291 Dei,

283 310 472 344 iusticiam,
501 315 532 340 et
559 306 664 338 vitam
691 309 865 335 aeternam
891 301 1075 337 exuscitat‚
1103 307 1134 334 ot
1153 301 1268 339 efficit,

282 364 337 393 «lat
362 360 533 401 Spiritum
564 361 722 387 sanctum
754 351 1000 386 vivificantem.
1065 350 1158 384 Haec
1181 352 1270 385 fiunt

285 413 318 442 in
337 410 438 441 nobis
456 409 538 446 tide,
564 403 630 437 hoc
653 410 720 440 est,
749 403 874 435 fiducia
899 402 1026 447 ipsius,
1053 414 1124 435 non
1144 402 1268 436 fidncia

284 459 396 497 Mosi,
432 457 551 499 litiae,
587 454 782 497 Baptistae,
819 452 932 491 Petri,
969 461 1028 486 aut
1064 453 1268 498 cuiusquam

282 510 435 543 alterius.
488 506 541 540 De
563 504 629 539 hoc
652 504 854 537 discrimine
880 504 1065 548 aliquoties
1081 505 1271 537 conciona-

284 569 340 593 tur
357 561 429 603 ipse
447 557 603 602 Baptista
629 556 665 588 iu
693 560 804 588 textu:
842 553 916 597 Ego
934 566 995 587 vos
1014 554 1151 598 baptizo
1168 567 1271 599 aqua,

285 612 343 644 ille
366 621 426 643 vos
452 607 641 653 baptizabit
665 606 801 650 Spiritu
834 613 952 639 sancto
978 613 1009 639 et
1037 605 1119 648 igni.
1176 604 1272 638 Haec

285 663 376 695 dicta
396 661 557 693 observet
577 659 704 700 lector,
730 663 764 690 et
782 657 825 689 ad
844 654 910 689 hoc
927 657 1116 689 discrimen
1135 657 1272 694 reserat,

287 713 380 757 quod
404 711 558 744 breviter
579 707 636 741 hic
660 707 754 740 volui
783 707 965 749 attingere.
1025 706 1208 740 Caeterum
1231 708 1274 740 de

287 763 460 808 baptismo
479 760 620 795 Ioannis
638 760 794 791 dicemus
813 758 994 803 aliquanto
1011 764 1099 802 post.

340 846 440 880 Era!
477 845 546 879 lua:
583 856 664 878 iera
701 855 793 891 quae
822 841 1013 876 illuminat
1043 853 1181 875 omnem
1209 838 1276 874 lzo-

390 910 534 932 mmem.

392 965 522 999 lterum
550 963 700 995 inculcat
726 961 836 994 filium
860 959 926 993 Dei
951 970 1021 992 esse
1046 959 1178 998 lucem,
1214 970 1278 991 nec

289 1017 450 1059 ambigue
476 1016 688 1056 interpretor
711 1013 841 1051 lucem,
880 1017 938 1043 aut
969 1010 1115 1042 verbum
1141 1009 1278 1041 illumi-

290 1079 384 1100 nare.
438 1066 568 1098 Lucem
593 1075 699 1099 voco,
735 1062 815 1105 quia
840 1061 932 1094 silius
952 1060 1015 1094 Dei
1036 1072 1098 1103 per
1117 1059 1279 1102 Evange-

291 1119 397 1156 lium,
429 1116 522 1161 quod
552 1126 591 1146 ex
615 1113 695 1145 siun
720 1113 828 1155 patris
851 1112 987 1151 attulit,
1023 1112 1081 1144 dat
1106 1110 1277 1154 Spiritum

291 1176 467 1204 sanctum,
504 1172 535 1198 et
563 1165 598 1196 iu
622 1163 723 1196 nobis
747 1162 879 1201 lucem,
912 1159 979 1192 hoc
1001 1169 1071 1197 est,
1110 1161 1276 1194 noticiam

291 1219 374 1259 Dei,
401 1217 594 1255 iusticiam,
621 1221 653 1247 et
678 1213 784 1246 vitam
810 1218 984 1245 aeternam
1012 1210 1134 1249 efficit,
1163 1211 1196 1242 id
1215 1222 1277 1242 vo-

292 1278 344 1304 cat
360 1269 574 1302 illuminare.

393 1320 461 1354 Sed
486 1330 548 1351 cur
571 1316 690 1349 addita
712 1322 761 1347 est
785 1313 955 1358 particula
978 1312 1206 1351 universalis,
1234 1311 1277 1344 il-

290 1372 440 1406 luminat
465 1380 606 1403 omnem
630 1365 836 1399 hominem'.>
889 1363 983 1406 Quia
998 1364 1143 1396 verbum
1163 1362 1279 1395 omni-

290 1425 355 1457 bus
390 1420 555 1466 proponit
580 1416 670 1451 hanc
701 1428 828 1449 novam
864 1415 994 1454 lucem,
1037 1414 1172 1447 tametsi
1206 1425 1278 1446 non

291 1484 412 1507 omnes
455 1470 642 1514 accipiunt.
721 1467 779 1501 Sic
820 1466 1056 1508 intelligatur,
1102 1464 1280 1497 illuminat

291 1536 431 1558 omnem
461 1520 664 1559 hominem,
692 1519 838 1558 scilicet,
865 1517 1092 1559 accipientem
1117 1513 1280 1558 Evange-

290 1576 398 1612 lium,
425 1585 486 1618 per
510 1572 603 1616 quod
627 1571 704 1609 lux,
736 1568 875 1602 iusticia
897 1575 928 1600 et
954 1567 1020 1600 vita
1046 1566 1215 1599 illucescit
1242 1567 1280 1598 in

291 1626 481 1660 mentibus.
514 1622 609 1655 Haec
628 1621 699 1664 ipsa
718 1618 961 1663 interpretatio
979 1618 1136 1650 additur:
1166 1616 1280 1659 Quot-

291 1683 377 1722 quot
401 1680 606 1719 receperunt
631 1684 728 1711 eum,
770 1671 866 1703 dedit
891 1670 938 1701 eis
959 1675 1162 1712 potestatem
1191 1668 1280 1700 filios

290 1727 357 1761 Dei
380 1727 472 1767 fieri3
501 1732 531 1758 et
561 1724 741 1767 aliquanto
766 1727 859 1764 post:
886 1719 937 1751 Ex
963 1718 1183 1761 plenitudiue
1206 1718 1280 1750 eius

291 1790 412 1811 omnes
445 1775 657 1818 accepimus;
695 1784 733 1804 ac
766 1773 808 1803 de
840 1768 894 1803 his
925 1769 1184 1802 universalibus
1218 1780 1279 1801 suo

292 1830 368 1862 loco
388 1829 487 1872 plura
506 1826 672 1859 dicemus.

341 1912 390 1946 In
419 1908 555 1945 mundo
585 1913 680 1946 erat,
708 1912 737 1940 el
757 1903 915 1939 mundus
931 1917 994 1952 per
1010 1903 1128 1950 ipsum
1150 1904 1280 1951 factus

393 1968 462 2002 est,
492 1967 521 1996 el
550 1957 709 1994 mundus
736 1970 813 1991 eum
841 1969 913 1989 non
942 1956 1118 2002 cognorit,

389 2032 502 2076 Supra
529 2028 715 2063 affirmavit
742 2039 802 2070 per
828 2026 939 2059 filium
962 2023 1028 2058 Dei
1052 2024 1171 2057 omnia
1196 2036 1280 2056 con-

291 2086 363 2117 dita
379 2095 468 2122 esse,
495 2089 529 2115 et
549 2091 686 2124 semper
700 2078 839 2112 affuisse
856 2088 934 2110 eum
953 2074 1140 2109 Ecclesiae.
1176 2073 1280 2108 'Nunc

291 2134 450 2180 loquitur
464 2134 505 2165 de
523 2131 657 2164 visibili
680 2127 873 2173 praesentia
886 2154 894 2167 ,
922 2127 1002 2171 quia
1020 2126 1148 2158 diserte
1165 2126 1278 2158 addit:

292 2186 332 2219 ln
349 2185 481 2218 mundo
499 2190 588 2224 erat,
616 2179 816 2224 significans
842 2177 1017 2210 visibilem
1042 2177 1280 2209 conversatio-

290 2249 370 2269 nem
390 2247 469 2268 cum
488 2233 704 2267 bominibus.
756 2230 824 2264 Sed
841 2240 989 2274 sequens
1013 2227 1181 2271 particula
1199 2227 1281 2260 dili-

292 2295 413 2329 genter
437 2285 654 2317 observanda
681 2288 750 2321 est,
787 2292 876 2325 quae
906 2278 1088 2323 perspicue
1121 2284 1279 2317 testatur,

294 2339 328 2371 in
348 2336 489 2371 Christo
509 2336 595 2368 duas
616 2346 687 2365 esse
705 2339 865 2370 naturas,
893 2337 926 2364 et
947 2330 1114 2368 verbum,
1143 2330 1185 2361 de
1208 2342 1278 2373 quo

292 2401 396 2436 supra
430 2387 537 2425 dixit,
571 2384 721 2426 intelligi
746 2389 908 2427 oportere
940 2392 1138 2425 personam.
1198 2379 1279 2412 Non

293 2441 386 2472 enim
413 2438 560 2471 dubium
584 2442 635 2469 est
657 2432 715 2467 hie
739 2435 781 2466 de
797 2431 937 2468 Christo
963 2431 1049 2465 dici:
1079 2429 1120 2463 In
1147 2431 1279 2464 mundo

293 2498 384 2529 erat,
413 2496 443 2521 et
465 2488 618 2521 mundus
633 2497 695 2529 per
712 2496 789 2517 eum
810 2485 921 2517 factus
945 2489 1005 2516 est.

292 2599 451 2625 naturam
470 2588 622 2628 Christi,
650 2598 731 2629 ergo
749 2597 884 2618 necesse
902 2592 953 2619 est
970 2585 1006 2617 in
1026 2596 1067 2617 eo
1086 2590 1119 2617 et
1134 2584 1280 2617 alteram

292 2650 452 2675 naturam
483 2653 554 2673 esse
585 2639 736 2683 priorem
770 2637 974 2670 conditione
1006 2635 1152 2675 mundi,
1193 2647 1280 2679 quae

289 2706 367 2726 cum
389 2699 484 2736 patre
501 2698 642 2724 aeterno
660 2700 713 2723 res
732 2687 900 2722 condidit.
944 2686 1019 2720 Hoc
1038 2686 1278 2721 testimonium

860 115 983 149 PHIL.
1014 114 1127 149 MEL.
1155 111 1361 149 SCRIPTA
1390 109 1691 148 EXEGETICA.

1055 2480 1199 2515 Constat
1217 2494 1279 2515 au—
1303 2513 1306 2528 ‚

292 2552 359 2574 tem
394 2541 565 2572 mundum
598 2549 671 2570 non
703 2546 773 2568 esse
798 2535 977 2568 conditum
1002 2545 1065 2578 per
1087 2530 1277 2565 humanam
1303 2532 1305 2570 Ι
1332 2531 1476 2563 electam
1495 2542 1512 2562 a
1530 2529 1662 2573 populo
1687 2529 1783 2572 legis.

2252 118 2342 152 20>

1321 198 1518 231 meminisse
1538 199 1622 232 utile
1639 207 1707 239 est,
1735 199 1776 232 ad
1795 200 2017 235 refutandum
2027 202 2308 242 samosatenum,

1320 255 1359 282 ut
1378 256 1495 293 postea
1513 249 1636 283 dicam.

1423 296 1559 333 Deinde
1575 301 1700 345 repetit
1725 301 1904 346 querelam
1926 303 1969 336 de
1993 304 2148 337 tenebris
2173 304 2310 343 mundi,

1321 350 1416 396 quod
1435 352 1587 385 mundus
1603 363 1675 384 non
1700 352 1810 386 credit
1825 351 1921 393 Deo,
1948 353 2020 387 imo
2043 356 2136 399 quod
2162 354 2221 387 ille
2238 354 2311 397 ipse

1321 400 1491 445 populus,
1526 402 1587 446 qui
1611 403 1739 436 dicitur
1762 403 1912 448 populus
1929 401 2017 444 Dei,
2049 404 2097 438 ita
2124 405 2312 438 fascinatus

1323 452 1366 484 sit
1383 452 1535 496 propriis
1553 453 1839 496 persuasionibus
1861 455 1904 487 de
1929 454 2065 488 iusticia
2090 455 2175 498 legis
2193 462 2225 488 et
2242 456 2311 487 im-

1323 502 1422 546 perio
1437 503 1581 544 mundi,
1621 505 1715 549 quod
1747 511 1845 548 putat
1868 503 2033 538 Messiam
2059 512 2310 549 occupaturum

1324 564 1414 594 esse,
1442 560 1479 586 ut
1497 551 1578 587 huic
1594 554 1666 588 filio
1684 554 1749 588 Dei
1774 556 1960 588 accerrime
1984 556 2203 597 adversetur,
2231 555 2313 600 quia

1325 616 1398 636 non
1431 605 1489 638 dat
1515 604 1701 649 imperium
1727 606 1821 650 quod
1847 606 1913 649 ipsi
1944 607 2188 650 expectabant,
2227 606 2312 640 item

1326 655 1471 697 abrogat
1487 655 1615 698 legem,
1643 663 1676 690 et
1693 657 1736 688 de
1755 656 1821 689 alia
1839 658 1989 699 quadam
2013 657 2148 690 iusticia
2171 657 2313 689 concio-

1327 712 1442 739 natur.
1495 704 1740 740 Admonemur
1755 713 1787 740 et
1805 704 1870 739 hoc
1889 707 1988 740 brevi
2013 708 2105 741 dicto
2120 706 2314 740 Ecclesiam

1328 762 1360 789 et
1390 755 1548 798 exiguam
1580 769 1652 790 esse
1678 764 1709 790 et
1734 758 1932 802 oppugnari
1957 758 2000 790 ab
2025 758 2096 790 illis
2119 757 2221 801 ipsis,
2253 757 2315 801 qui

1329 813 1500 839 vocantur
1517 808 1667 851 populus
1687 806 1771 846 Dei,
1799 805 1865 840 hoc
1890 815 1958 845 est,
1994 809 2053 852 qui
2078 814 2204 850 gerunt
2230 807 2316 840 titu-

1329 857 1402 889 lum
1422 855 1615 898 Ecclesiae,
1645 859 1705 902 qui
1722 865 1840 892 tenent
1860 860 2074 891 ordinariam
2100 864 2316 902 potestatem,

1330 914 1367 940 ut
1384 915 1519 942 vocant.
1561 907 1650 941 Cum
1669 909 1774 951 igitur
1791 909 1917 941 similia
1935 910 2124 942 certamina
2142 908 2316 947 incidunt,

1330 955 1396 990 boc
1423 958 1517 990 dicto
1541 956 1786 1001 Evangelistae
1809 959 2078 1000 confirmemur,
2105 971 2149 992 ne
2171 966 2315 1003 propter

1330 1009 1565 1048 adversarios,
1601 1010 1661 1053 qui
1696 1011 1882 1043 autoritate
1906 1011 2140 1050 antecellunt,
2176 1009 2316 1042 deficia-

1330 1069 1408 1090 mus
1425 1058 1468 1091 ab
1484 1057 1690 1102 Evangelio.

1330 1137 1516 1188 Quotquot
1544 1145 1666 1175 aulem
1695 1148 1896 1189 receperunt
1925 1155 2023 1186 eum,
2051 1141 2150 1178 dedit
2169 1143 2232 1186 eis,
2259 1148 2317 1177 εἰσ.

1433 1207 1549 1241 Antea
1567 1209 1611 1241 de
1627 1221 1775 1252 persona
1792 1210 1901 1251 dixit,
1928 1222 2023 1243 nune
2038 1211 2137 1245 addit
2151 1212 2194 1244 de
2209 1212 2318 1244 bene-

1329 1256 1429 1297 ficio,
1456 1260 1551 1303 quod
1568 1256 1735 1302 perhanc
1753 1271 1937 1303 personam
1961 1262 2085 1300 datur,
2118 1268 2151 1294 et
2175 1261 2318 1306 quidem

1330 1309 1495 1349 modum,
1522 1321 1591 1353 quo
1610 1306 1676 1342 hoc
1691 1310 1898 1343 beneficium
1915 1312 2175 1355 consequimur,
2201 1318 2320 1345 osten-

1331 1360 1393 1394 dit.
1437 1359 1552 1404 Atque
1568 1359 1615 1393 ita
1630 1372 1802 1394 summam
1820 1372 1879 1395 seu
1898 1362 2118 1406 praecipuam
2135 1360 2320 1405 Evangelii

1331 1410 1539 1444 sententiam
1562 1417 1595 1444 et
1616 1423 1735 1444 vocem
1760 1412 1946 1456 proponit,
1981 1420 2014 1446 et
2037 1413 2150 1446 multa
2166 1413 2321 1446 breviter

1332 1461 1594 1506 complectitur,
1620 1462 1706 1507 quid
1723 1462 1845 1496 afferat
1862 1461 2044 1504 Christus,
2072 1463 2200 1508 quibus
2223 1460 2323 1496 exhi-

1332 1512 1430 1553 beat,
1458 1513 1636 1557 quomodo
1655 1524 1931 1558 consequamur,
1959 1515 2044 1558 quid
2063 1514 2101 1547 in
2118 1513 2324 1558 accipienti-

1335 1564 1398 1596 bus
1414 1564 1481 1596 fiat.

1435 1614 1490 1648 Sit
1514 1614 1621 1657 igitur
1637 1614 1789 1658 primum
1808 1615 1892 1660 quid
1910 1615 2050 1654 afferat,
2079 1615 2243 1649 videlicet
2261 1626 2324 1658 po-

1333 1671 1489 1699 testatem
1505 1665 1603 1701 filios,
1613 1664 1678 1699 Dei
1699 1666 1784 1701 fieri.
1826 1665 1904 1699 Hoc
1921 1678 2000 1700 cum
2017 1666 2159 1700 brevius
2176 1666 2324 1703 dicatur,

1334 1728 1439 1759 quam
1460 1716 1666 1758 magnitudo
1689 1717 1741 1749 rei
1767 1717 1938 1761 postulat,
1965 1717 2148 1750 addendae
2165 1723 2248 1750 sunt
2265 1727 2323 1748 ex-

1334 1766 1538 1809 plicationes
1555 1779 1594 1799 ex
1611 1767 1689 1799 aliis
1706 1767 1812 1808 loeis,
1839 1767 2009 1810 significat
2026 1768 2119 1801 enim
2129 1766 2323 1811 Apostolus

1333 1827 1441 1858 genus
1471 1813 1666 1848 humanum
1689 1829 1894 1859 oppressum
1919 1828 1990 1849 esse
2011 1824 2167 1860 peccam,
2197 1823 2322 1858 morte,

1333 1868 1385 1899 ira
1402 1865 1486 1905 Dei,
1515 1873 1547 1899 et
1563 1866 1687 1910 poenis
1704 1867 1873 1906 aeternis,
1908 1878 1972 1899 nec
1993 1879 2092 1911 posse
2107 1867 2151 1900 ab
2166 1863 2222 1899 his
2240 1873 2318 1899 tan-

1331 1918 1376 1952 tis
1393 1917 1494 1950 malis
1514 1929 1575 1961 per
1593 1917 1704 1960 legem
1720 1923 1781 1951 aut
1803 1917 1911 1951 ullam
1934 1918 2161 1962 sapientiam,
2188 1924 2248 1950 aut
2265 1917 2322 1950 iu-

1332 1970 1466 2003 sticiam
1484 1966 1673 2001 humanam
1695 1968 1857 2009 liberari,
1887 1969 1959 2001 imo
1985 1969 2082 2002 nulla
2106 1980 2143 2001 re
2169 1967 2322 2012 potuisse

1333 2021 1463 2065 placari
1487 2020 1574 2052 iram
1593 2018 1679 2060 Dei,
1710 2019 1778 2052 nisi
1804 2017 1868 2052 hae
1893 2031 1962 2053 una
1979 2020 2140 2059 victima,
2178 2019 2320 2061 scilicet,

1333 2074 1413 2105 dato
1431 2071 1503 2104 filio
1522 2070 1588 2104 Dei
1608 2082 1670 2114 pro
1686 2081 1811 2113 genere
1835 2068 2003 2103 humano.
2059 2070 2181 2114 ltaque
2195 2069 2320 2102 ineffa-

1332 2123 1395 2156 bili
1414 2121 1560 2155 consilio
1587 2121 1757 2155 divinitus
1778 2119 1835 2154 hie
1851 2121 1944 2154 filius
1962 2122 2154 2164 promissus
2173 2128 2205 2154 et
2223 2117 2321 2152 exbi-

1331 2174 1427 2207 bitus
1443 2180 1504 2213 est,
1531 2173 1593 2217 qui
1610 2184 1730 2206 rursus
1749 2174 1807 2206 dat
1825 2179 2029 2217 potestatem
2045 2172 2135 2205 filios
2152 2170 2217 2204 Dei
2234 2170 2320 2207 fieri,

1332 2225 1367 2257 id
1386 2231 1453 2265 est,
1480 2225 1537 2257 dat
1557 2221 1623 2256 hoc
1640 2235 1785 2264 munus,
1814 2231 1851 2257 ut
1869 2223 1976 2257 simus
1994 2224 2057 2256 filii
2075 2221 2160 2262 Dei,
2187 2229 2219 2254 et
2241 2233 2318 2253 cum

1331 2276 1422 2308 filios
1460 2275 1640 2313 nominat,
1695 2275 1940 2318 complectitur
1993 2273 2110 2307 omnia
2150 2272 2319 2305 beneficia

1331 2325 1528 2370 Evangelii.
1588 2325 1671 2358 Filii
1696 2326 1893 2369 significant
1925 2337 1998 2366 eos,
2034 2325 2162 2369 quibus
2187 2324 2320 2367 placata

1331 2384 1382 2410 est
1400 2379 1450 2410 ira
1466 2377 1549 2416 Dei,
1577 2377 1636 2421 qui
1664 2377 1839 2410 iustificati
1864 2383 1964 2422 sunt,
1991 2383 2025 2409 et
2049 2376 2129 2408 facti
2153 2372 2319 2408 haeredes

1331 2435 1423 2461 vitae
1439 2435 1610 2460 aeternae.

1433 2477 1477 2511 Et
1493 2478 1620 2511 diserte
1639 2478 1742 2517 dicit,
1770 2479 1850 2518 filii,
1877 2484 1914 2511 ut
1937 2478 2111 2511 discernat
2126 2474 2317 2509 Ecclesiam

1842 2527 1910 2561 Hic
1932 2529 2025 2561 enim
2051 2527 2181 2561 dicitur
2203 2537 2320 2570 popu-

1330 2581 1404 2621 lus,
1431 2580 1513 2625 quia
1531 2581 1567 2612 in
1588 2586 1726 2612 aeterna
1749 2580 1871 2623 politia
1888 2580 1994 2613 servit
2010 2577 2104 2618 Deo,
2138 2585 2171 2611 et
2195 2576 2320 2620 accipit

1330 2631 1582 2677 promissiones
1601 2631 1817 2674 corporales,
1852 2630 1988 2663 etiamsi
2012 2629 2186 2663 iusticiam
2210 2635 2241 2661 et
2266 2628 2317 2658 vi-

1302 2663 1305 2732 l
1330 2690 1400 2718 tam
1417 2690 1593 2716 aeternam
1611 2682 1714 2715 multi
1733 2693 1804 2715 non
1822 2682 2052 2729 accipiebant,
2079 2681 2136 2714 sed
2155 2679 2217 2712 filii
2237 2690 2320 2721 pro—
