2415 2942
112 107 211 145 1369
338 105 438 140 XIII.

214 192 264 225 Ita
283 192 407 226 tertius
425 189 483 225 hic
506 193 635 235 gradus
653 194 795 237 proprie
816 194 858 226 de
877 193 1112 238 applicati‘ine
1135 195 1140 230 l

107 243 295 286 Evangelii
315 244 495 289 loquitur,
524 256 591 288 qua
616 244 651 277 fit
676 245 840 279 liberatio
867 258 883 278 a
913 253 1051 289 peccalo
1078 251 1112 278 et
1135 245 1138 294 l

519 301 553 327 et
582 295 769 329 leniuntur
800 297 940 329 dolores
973 297 1009 329 in
1044 294 1108 329 bac
1133 295 1136 335 J
1163 322 1238 349 res,

108 347 198 387 vita,
226 347 406 390 agnitione
424 343 595 379 honitatis
613 345 697 387 Dei,
724 348 815 388 fide,
844 355 875 381 ot
900 360 960 391 spe
986 347 1107 381 anxilii
1132 363 1134 378 s

104 308 122 328 a
158 302 273 328 morte
313 302 475 335 aeterna,

109 398 237 432 divini.
292 396 380 431 Cum
407 398 514 440 igitur
531 397 735 431 distributio
752 397 901 432 Paulina
919 399 1106 443 sapientis-

491 107 524 140 7.
552 105 854 142 ENARRATIO
884 106 1035 142 EPIST.
1063 102 1266 141 PRIORIS
1294 102 1361 138 AD
1390 101 1718 141 TIMOTHEUM.

106 449 194 482 sime
219 450 381 482 ostendat
404 455 520 492 partes
544 449 650 482 officii
676 450 955 491 concionatoris,
994 451 1105 482 fidelis
1130 469 1132 474 ›

105 500 336 533 concionator
361 497 454 533 hanc
486 512 647 533 normam
688 508 875 546 sequatur,
917 503 961 534 sit
996 501 1130 535 lector:

103 551 218 584 fidelis
250 563 430 584 sacrorum
464 551 658 592 librorum,
691 559 723 585 et
752 553 954 586 meminerit
980 565 1102 585 omnes

102 609 301 646 pugnantes
318 602 506 646 opiniones
529 615 608 635 cnm
634 603 740 636 sacris
766 604 867 636 libris
893 604 1101 637 reiiciendns

103 665 185 686 esse.
239 653 377 687 Deinde
408 653 585 697 integrum
609 666 737 698 corpus
763 656 946 688 doctrinae
976 656 1101 688 ordine

101 712 288 749 proponat,
314 712 347 738 et
363 706 469 738 addat
488 705 691 739 testimonia
709 706 783 738 sine
800 704 1002 750 sophistica.
1031 705 1100 739 Ρο-

100 763 231 789 stremo
249 764 281 789 et
301 756 576 800 applicationem
602 758 783 798 ostendat,
812 766 851 791 ut
879 765 1035 790 crescant
1055 758 1098 790 ti-

100 818 179 840 mor
196 807 280 848 Dei,
309 808 546 851 poenitentia,
581 808 688 847 fides,
725 809 925 847 invocatio,
961 820 1039 852 spes
1066 815 1099 842 et

101 858 190 891 aliae
207 859 374 900 virtutes,
402 866 435 893 et
449 859 507 893 fiat
525 860 680 893 incoatio
702 860 795 894 vitae
814 867 984 895 aeternae.

481 1027 620 1082 Caput
658 1030 712 1072 V.

200 1126 381 1161 Hactenus
417 1128 571 1172 plurima
606 1130 649 1162 de
681 1129 841 1162 doctrina
871 1129 963 1163 dicta
1001 1137 1095 1170 sunt,
1122 1158 1123 1164 ,

95 1176 153 1212 hic
171 1179 271 1212 addit
291 1180 552 1213 admonitiones
572 1180 800 1224 particulares
819 1180 954 1225 aliquot
971 1181 1014 1214 de
1033 1194 1095 1214 ne-

93 1229 197 1273 gotiis
220 1230 421 1264 forensibus
438 1239 470 1265 et
488 1231 746 1272 oeconomicis‚
773 1238 806 1265 et
833 1232 970 1275 insigne
995 1234 1094 1266 testi-

93 1281 255 1314 monium
273 1288 342 1320 est,
371 1283 466 1327 quod
486 1281 561 1316 Deo
588 1283 747 1326 placeant
765 1283 879 1316 officia
897 1283 1015 1317 debita
1034 1297 1093 1317 co-

93 1332 220 1375 gnatis.
291 1330 473 1372 Discant,
516 1332 656 1381 inquit,
707 1333 899 1380 propriam
945 1332 1092 1368 domum

91 1387 265 1416 amanter
291 1388 467 1423 tractare,
503 1389 532 1417 et
560 1382 706 1417 reddere
733 1384 841 1418 ricem
871 1384 1092 1426 maioribus,

91 1430 161 1468 hoc
184 1434 279 1468 enim
298 1432 491 1468 honestum
517 1440 547 1469 εἰ
564 1433 648 1468 Deo
669 1440 853 1483 acceptum
877 1441 939 1472 est.
994 1435 1092 1470 Ean-

91 1486 173 1518 dem
190 1487 401 1520 sententiam
422 1494 602 1531 exaggerat
620 1495 749 1531 postea,
778 1488 916 1520 dicens:
947 1485 994 1521 Si
1009 1487 1092 1536 quis

91 1548 179 1570 suos·
198 1541 228 1569 et
248 1537 412 1570 maxime
431 1535 646 1571 domesticos
661 1550 734 1571 non
757 1543 872 1580 curat,
886 1536 1004 1583 fidem
1024 1539 1091 1572 ab-

93 1587 260 1633 negavit,
299 1592 328 1620 et
356 1593 405 1622 est
431 1587 577 1633 infideli
598 1587 764 1625 deterior.
817 1589 913 1622 Haec
937 1591 1091 1634 amplifi-

92 1639 184 1672 catio
210 1638 400 1682 diligenter
422 1641 680 1673 consideranda
703 1647 767 1674 est.
820 1640 1003 1683 Significat
1027 1654 1091 1675 au-

91 1697 162 1722 tem
188 1688 350 1738 στοργᾶς
374 1702 446 1723 esse
473 1692 619 1724 virtutes
641 1704 657 1724 a
677 1690 752 1724 Deo
777 1692 937 1724 conditas
962 1692 999 1724 in
1025 1705 1089 1726 na—

91 1748 189 1782 tura,
218 1745 308 1786 qnae
333 1748 371 1775 ut
390 1749 544 1775 caeterae
561 1742 708 1775 virtutes
725 1743 762 1774 in
779 1742 912 1775 renatis
929 1755 1089 1776 necessa—

91 1793 165 1825 riae
184 1800 287 1833 sunt‚
315 1800 347 1826 et
365 1791 439 1825 Deo
464 1793 610 1837 placent.
666 1793 714 1830 Si!
732 1793 810 1838 quis
835 1794 943 1836 igitur
965 1801 1087 1828 contra

91 1895 201 1928 laedit
217 1902 380 1940 parentes
397 1902 457 1929 aut
473 1896 658 1939 coniugem
672 1923 681 1935 ,
706 1902 766 1929 ant
781 1903 882 1929 natos
895 1923 903 1935 ,
930 1903 991 1930 aut
1015 1898 1088 1930 sra-

89 1953 181 1987 tres,
209 1953 275 1991 aut·
291 1947 550 1988 benefactores,
578 1948 606 1979 is
630 1947 782 1980 effundit
806 1946 980 1990 Spiritum
1006 1959 1087 1981 san-

73 1998 205 2038 ctum,
233 1998 330 2031 iuxta
350 1998 410 2030 illa
431 1999 523 2033 dicta
551 1999 582 2032 1.
605 1996 753 2033 lohann.
771 1998 821 2030 3.:
851 1997 921 2040 Qui
943 2011 1015 2032 non
1031 2000 1086 2032 di·
1111 2006 1113 2031 ὲ

88 2049 167 2092 ligit
183 2050 340 2087 fratrem,
369 2057 487 2083 manet
504 2050 541 2082 in
559 2056 686 2083 morte.
723 2049 809 2083 Item
829 2049 982 2082 ibidem:
1012 2049 1085 2093 Qui
1111 2071 1112 2081 i

90 2100 173 2133 facit
188 2107 387 2144 peccatum,
416 2113 455 2134 ex
481 2101 626 2134 diabolo
648 2109 708 2135 est.
764 2099 853 2134 Item
875 2100 905 2135 1.
925 2100 1085 2138 Timoth.

91 2153 142 2186 1.:
173 2150 290 2185 Milita
311 2152 440 2185 bonam
459 2153 643 2191 militiam,
670 2152 828 2185 retinens
849 2152 953 2184 fidem
971 2153 1085 2186 etho-

86 2214 168 2236 nam
187 2202 451 2239 conscientiam.
480 2202 622 2237 Habent
642 2211 759 2238 autem
777 2200 813 2235 hi
830 2203 957 2244 cuculi,
985 2204 1085 2237 vide-

87 2253 168 2288 licet
187 2252 386 2302 ἄστοργοι,
415 2266 542 2299 magna
559 2255 707 2289 vulnera
725 2254 971 2289 conscientiae.

190 2337 287 2372 Haec
308 2339 463 2373 breviter
489 2338 557 2373 hoc
580 2341 658 2373 loco
679 2339 900 2380 monuimus,
936 2346 975 2372 ut
998 2351 1083 2372 con-

87 2390 244 2424 siderent
281 2392 430 2424 studiosi
471 2399 579 2425 totam
618 2391 815 2424 doctrinam
849 2392 893 2423 de
928 2392 1083 2424 naturali

86 2443 246 2488 στοργῇ,
282 2454 372 2487 quae
396 2443 538 2487 quidem
564 2449 598 2476 et
623 2442 937 2475 commones-actrix
964 2449 1014 2475 est
1039 2443 1082 2475 de

86 2504 204 2525 amore
220 2494 352 2525 aeterni
375 2495 483 2537 patris
509 2506 589 2537 erga
614 2494 747 2532 filium,
776 2499 808 2526 et
836 2504 915 2536 erga
939 2504 1021 2534 nos,
1049 2500 1081 2527 et

85 2544 128 2576 de
146 2555 264 2576 amore
282 2544 345 2576 filii
367 2556 446 2588 erga
472 2552 635 2578 naturam
660 2542 874 2585 humanam,
900 2555 1005 2589 quam
1025 2556 1081 2577 as-

85 2595 227 2636 sumsit,
254 2602 287 2628 et
305 2607 383 2638 erga
401 2609 465 2630 nos
487 2597 622 2630 fratres.
684 2594 781 2628 Haec
805 2607 931 2628 arcana
955 2602 987 2629 et
1012 2595 1079 2627 mi-

82 2647 194 2683 randa
219 2658 323 2690 opera
348 2646 415 2680 Dei
441 2660 536 2680 nunc
561 2647 687 2691 procul
715 2647 923 2691 aspicimus,
953 2648 1013 2680 sed
1040 2648 1077 2680 in

81 2702 152 2734 vita
177 2704 318 2732 aeterna
347 2700 492 2743 propius
518 2710 781 2742 cognoscemus.

1127 534 1130 582 ἒ

1770 105 1831 142 CA
1839 106 1873 144 P.
1904 106 1947 142 V.
2068 111 2111 145 13
2118 110 2163 144 70

1455 188 1588 227 Vidua
1608 189 1788 237 eligatur,
1815 197 1876 228 etc.

1268 258 1376 304 Apud
1404 261 1576 304 templum
1600 260 1835 308 lerosolymae
1864 263 2009 297 fuerunt
2032 264 2158 298 mulie-

1276 324 1365 356 quae
1400 312 1601 346 serviebant
1631 315 1838 358 coquendo,
1874 315 2046 354 lavando,
2082 328 2156 348 sar-

1161 362 1295 395 ciendis
1322 362 1498 404 vestibus,
1532 364 1765 398 medicatione
1782 364 1918 399 Levitis
1939 375 1971 400 et
1990 367 2154 410 pauperi-

1160 414 1237 448 hus.
1292 412 1397 446 Hunc
1417 427 1549 447 morem
1566 414 1729 458 Apostoli
1748 417 1873 450 imitati
1896 418 2153 452 transtulerunt

1159 472 1192 498 et
1213 465 1253 497 ad
1274 462 1486 505 Ecclesiam,
1516 467 1693 500 iusserunt
1710 467 1790 510 eligi
1809 470 1958 511 grandes
1977 476 2061 502 natu
2078 482 2154 503 ma-

1160 522 1300 556 nonas,
1343 528 1433 561 quae
1463 518 1616 559 aegrotis
1647 524 1708 552 aut
1741 520 1935 562 peregrinis
1965 521 2153 562 servirent,

1128 587 1129 594 κ
1156 564 1279 600 et'hae
1302 569 1479 600 mercedes
1503 565 1682 602 habebant
1712 581 1753 602 ex
1780 571 2032 616 eleemosynis,
2064 584 2152 617 quas

1127 599 1129 619 l

1155 616 1311 651 Ecclesia
1331 625 1415 651 tunc
1431 618 1626 652 liberaliter
1644 620 1856 656 conserebat.
1897 622 1949 656 De
1969 620 2035 656 hoc
2055 636 2151 656 more

1126 669 1315 714 ¹loquitur
1346 668 1497 708 Paulus,
1538 682 1610 703 non
1646 672 1690 704 de
1722 673 1812 706 votis
1851 674 2072 715 monasticis,
2112 687 2150 707 ac

1154 728 1287 755 caetera
1309 721 1491 764 perspicua
1510 728 1600 754 snut.

1256 778 1324 813 Sed
1343 780 1385 812 de
1402 779 1491 812 votis
1515 780 1718 813 monasticis
1740 778 1807 814 hoc
1834 782 1911 815 loco
1928 782 2029 815 valde
2054 783 2150 815 voci-

1153 830 1313 863 ferantur
1329 830 1535 874 adversarii,
1564 832 1643 876 quia
1656 830 1786 865 Paulus
1803 833 1964 866 videatur
1981 835 2149 867 damnare

1152 879 1399 914 contrahentes
1415 882 1576 925 coniugia
1592 890 1669 927 post
1684 890 1816 924 votnm,
1833 897 1910 917 cum
1930 884 1994 925 ait,
2022 882 2149 917 Dam-

1153 932 1340 965 nationem
1360 929 1551 974 habentes,
1579 933 1668 981 quia
1686 933 1848 980 primam
1859 932 1978 980 fidem
2000 935 2148 969 irritam

1151 984 1323 1028 facerunt.
1379 982 1454 1018 Etsi
1473 992 1589 1019 autem
1612 985 1744 1020 multae
1763 986 1884 1019 firmae
1901 987 2147 1032 responsiones

1151 1042 1251 1078 sunt,
1280 1042 1397 1069 tamen
1417 1034 1506 1068 hanc
1533 1037 1717 1080 praecipue
1744 1044 1940 1072 teneamus.
1994 1037 2146 1072 Etiamsi

1150 1093 1234 1119 tunc
1258 1088 1476 1120 consuetudo
1500 1088 1623 1121 fuisset
1648 1088 1801 1121 faciendi
1826 1096 1926 1130 vota,
1954 1090 2049 1135 qnod
2073 1101 2146 1123 non

1150 1138 1235 1171 dicit
1259 1137 1408 1178 Paulus,
1436 1145 1554 1171 tamen
1582 1151 1619 1172 ea
1648 1146 1727 1172 vota
1753 1140 1975 1174 dissimilima
1998 1141 2147 1174 fuissent

1150 1189 1241 1222 votis
1264 1190 1487 1231 monasticis,
1515 1202 1604 1235 quae
1628 1190 1703 1224 sine
1726 1191 1798 1224 ulla
1819 1192 2041 1226 dubitatione
2065 1199 2148 1227 sunt

1120 1256 1122 1273 ι
1149 1240 1346 1276 idolatrica.

1253 1299 1425 1332 Tenenda
1459 1306 1509 1333 est
1537 1298 1645 1342 igitur
1670 1300 1791 1344 regula
1815 1313 1896 1334 vera
1925 1308 1957 1334 et
1981 1301 2146 1337 immota:

1147 1348 1238 1383 Vota
1258 1363 1346 1395 quae
1363 1350 1522 1393 obligant
1541 1351 1584 1383 ad
1604 1351 1719 1384 cultus
1743 1352 1921 1385 idolorum
1939 1360 1998 1387 aut
2017 1354 2060 1386 ad
2079 1355 2146 1388 alia

1150 1408 1288 1444 peccata
1318 1401 1499 1440 facienda,
1533 1401 1767 1435 certissimum
1791 1410 1840 1436 est
1865 1403 1964 1437 irrita
1988 1416 2079 1445 esse,
2108 1412 2147 1439 ut

1147 1452 1173 1484 si
1194 1453 1272 1497 quis
1295 1452 1484 1494 obligasset
1501 1465 1535 1486 se
1551 1453 1828 1487 sacrificaturum
1852 1453 1984 1488 Iunoni
2008 1457 2052 1489 ad
2077 1456 2145 1488 im·-

1146 1504 1335 1546 petrat'rdas
1359 1503 1520 1542 divitias,
1558 1504 1637 1548 quia
1664 1504 1847 1538 manifesta
1870 1512 1922 1539 est
1945 1518 2012 1540 vox
2038 1507 2146 1551 primi

1117 1577 1118 1589 i
1146 1554 1328 1593 mandati,
1356 1552 1469 1588 Exod.
1489 1554 1570 1589 20.:
1604 1553 1685 1587 Non
1712 1553 1858 1589 habebis
1882 1557 1966 1590 deos
1999 1558 2145 1595 alienos.

1145 1603 1231 1638 Item
1251 1607 1282 1639 1.
1302 1602 1466 1638 Corinth.
1488 1606 1560 1638 11.:
1591 1604 1717 1649 Fugite
1738 1607 1845 1640 idola.

1252 1664 1354 1697 Talia
1373 1671 1455 1698 sunt
1471 1672 1587 1698 autem
1605 1673 1684 1700 vota
1708 1666 1900 1700 monastica
1927 1667 1997 1700 iam
2022 1668 2145 1704 multis

1143 1715 1280 1750 seculis.
1335 1715 1496 1748 Primum
1523 1717 1712 1760 opiniones
1737 1718 1866 1762 impiae
1893 1725 1994 1760 sunt,
2029 1732 2068 1753 ac
2086 1721 2143 1754 fu·-

1143 1778 1240 1799 rores
1261 1767 1394 1811 potius,
1430 1767 1561 1809 fingere
1586 1768 1676 1801 ritus
1701 1770 1914 1802 monasticos
1936 1771 2064 1803 mereri
2086 1784 2143 1804 re-

1113 1834 1115 1842 <
1143 1818 1346 1851 missionem
1372 1824 1612 1861 peccatorum,
1648 1831 1720 1853 esse
1741 1820 1935 1862 iusticiam,
1970 1833 2043 1855 esse
2067 1823 2144 1856 cul-

93 1841 157 1876 has
181 1851 329 1878 Virtutes
353 1844 454 1885 facit,
489 1852 527 1878 ut
551 1856 581 1877 sl
605 1856 683 1890 quis
707 1846 784 1878 odit
807 1852 865 1878 aut
889 1846 1089 1889 petulanter
1141 1875 1197 1902 tus
1214 1867 1301 1910 Dei,
1325 1881 1397 1902 esse
1415 1870 1666 1912 perfectionem
1685 1872 1933 1915 evangelicam·
1977 1872 2142 1908 Secundo

1145 1920 1330 1954 manifesta
1358 1921 1454 1954 idola
1479 1928 1562 1955 sunt
1587 1922 1719 1956 oblatio
1743 1935 1808 1967 pro
1830 1923 1920 1956 vivis
1943 1930 1973 1957 et
1995 1926 2143 1959 mortuis

1141 1971 1178 2003 in
1206 1971 1336 2012 Missa,
1372 1972 1456 2005 item
1489 1972 1667 2006 invocatio
1690 1971 1876 2008 hominum
1907 1983 2143 2018 mortuorum,

1141 2029 1172 2055 et
1189 2022 1277 2055 aliae
1298 2022 1737 2068 multaesuperstitiones,
1766 2038 1854 2072 quae
1880 2026 2030 2061 usitatae
2056 2035 2139 2062 sunt

1141 2086 1177 2106 tn
1209 2081 1444 2110 monasterus.

1242 2125 1474 2171 Nequaquam
1502 2125 1610 2168 igitur
1643 2127 1929 2173 detorquendum
1963 2136 2012 2163 est
2037 2129 2140 2163 Pauli

1139 2175 1271 2209 dictum
1290 2178 1334 2210 ad
1354 2185 1435 2211 vota
1460 2178 1654 2212 monastica
1674 2176 1803 2212 horum
1828 2181 2023 2214 recentium
2049 2188 2140 2214 tern—

1138 2239 1284 2272 porum,
1313 2228 1352 2261 in
1368 2228 1497 2273 quibus
1514 2229 1625 2263 multa
1644 2230 1830 2264 manifesta
1856 2231 1951 2265 idola
1970 2239 2062 2265 sunt.

1240 2287 1315 2321 Nec
1336 2288 1449 2332 prima
1477 2288 1561 2321 fides
1589 2289 1764 2332 significat
1787 2297 1909 2324 votum
1933 2292 2138 2333 coelibatus,

1139 2338 1197 2370 sed
1217 2346 1277 2372 aut
1296 2339 1421 2379 fidem,
1449 2352 1515 2384 qna
1535 2341 1771 2383 promiserant
1785 2341 1988 2375 fidelitatem
2010 2343 2047 2375 in
2065 2355 2138 2376 ser-

1139 2389 1288 2430 viendo,
1326 2397 1385 2423 aut
1403 2391 1506 2422 fidem
1523 2388 1782 2432 Christianam,
1810 2405 1877 2438 qua
1906 2405 2028 2427 omnes
2052 2395 2138 2428 arti-

1136 2440 1232 2473 culos
1259 2441 1340 2473 fidei
1368 2442 1684 2485 amplectebantur.
1745 2442 1835 2476 Nam
1867 2441 1959 2477 hanc
1994 2457 2136 2490 quoque

1135 2491 1274 2536 aliquae
1305 2493 1462 2525 curiosae
1495 2499 1528 2525 et
1555 2493 1685 2526 salaces
1711 2494 1878 2528 mulieres
1907 2496 2135 2536 abiiciebant,

1135 2554 1223 2586 qnae
1248 2549 1369 2575 nactae
1394 2543 1476 2577 talia
1505 2543 1618 2576 officia
1650 2545 1761 2587 magis
1793 2547 2026 2589 vagabantur.
2087 2545 2133 2581 Et

1133 2605 1213 2625 cum
1231 2593 1350 2626 multis
1371 2595 1560 2627 veniebant
1579 2595 1615 2628 in
1635 2596 1832 2641 colloquia,
1862 2604 1893 2631 et
1917 2598 1997 2642 quia
2024 2595 2133 2630 habe-

1132 2644 1218 2678 hant
1234 2646 1409 2678 mercedes
1433 2646 1596 2685 aliunde,
1631 2647 1839 2682 victitabant
1858 2648 1991 2692 largius
2018 2655 2050 2682 et
2075 2649 2132 2682 in-

1136 2695 1331 2738 dulgebant
1350 2697 1600 2741 voluptatibus-
