2415 2942
273 115 346 152 655

275 204 407 237 nullam
428 195 766 234 condemnationem.
819 190 863 225 Et
881 189 965 224 haec
980 197 1027 223 est
1052 187 1256 234 principalis

277 252 471 297 propositio
492 250 527 280 in
547 245 611 280 hoc
629 247 705 278 loco
723 246 764 277 de
793 244 901 286 gratia
915 269 923 282 ,
956 250 1075 286 estque
1096 239 1255 273 doctriua

276 302 479 346 simpliciter
498 297 686 331 necessaria
706 296 740 327 in
760 294 930 331 Ecclesia,
965 292 1070 334 Quod
1095 290 1256 323 videlicet

277 354 387 387 renati
419 362 489 384 non
522 355 663 393 propter
690 346 927 390 impletionem
952 343 1056 386 legis,
1091 348 1151 374 aut
1176 352 1256 386 pro—

277 405 388 447 priam
404 401 628 444 dignitatem,
657 398 714 430 sed
735 403 876 440 propter
892 392 1072 427 Christum
1098 392 1164 425 fide
1187 392 1257 425 sint

278 454 377 493 iusti,
404 453 439 485 id
457 458 524 490 est,
542 449 689 491 accepti,
708 458 907 491 quanquam
925 442 1039 476 adhuc
1056 444 1092 476 in
1111 443 1158 475 eis
1175 440 1255 475 hae—

278 513 328 538 ret
348 510 545 548 peccatum,
574 501 608 532 id
629 506 697 537 est,
726 495 1018 543 concupiscentia.

381 562 449 596 Sed
466 561 502 593 in
531 557 770 602 propositione
794 556 952 588 additur:
982 550 1257 587 Ambulantibus

279 614 470 649 secundum
502 610 676 654 spiritum.
737 606 811 639 lloc
844 606 1016 638 adiectum
1043 610 1092 636 est
1117 608 1259 645 propter

279 667 365 699 duas
381 673 514 697 causas:
545 660 645 693 Prior
662 665 730 698 est,
747 665 783 689 ut
802 657 960 690 ostendat
978 655 1079 687 sulem
1097 665 1168 685 non
1187 662 1259 684 esse

279 714 524 758 cogitationem
544 708 730 743 hummun
744 735 752 747 ,
779 708 836 739 sed
856 712 988 738 motum
1008 704 1160 748 Spiritus
1178 714 1258 736 sau-

280 767 338 800 cti.
391 765 509 799 Altera
528 772 626 794 causa
646 766 713 798 est,
739 765 776 790 ut
793 757 939 790 sciamus
957 753 1046 788 hanc
1065 755 1168 786 fidem
1185 764 1258 785 non

281 829 352 850 esse
373 817 408 848 in
425 813 478 847 his
492 841 500 853 ‚
527 812 583 856 qui
606 809 785 841 ambulant
802 808 994 839 secundum
1012 816 1169 843 carnem,
1193 801 1259 835 hoc

281 875 349 907 est,
383 866 539 910 quisunt
557 862 630 893 siue
654 858 887 903 poenitentia,
922 863 952 889 et
980 862 1087 888 ruunt
1115 855 1152 887 in
1180 865 1260 898 pec-

282 926 353 951 cata
375 922 494 949 contra
515 911 773 944 conscientiam.
826 907 915 941 Nam
938 908 974 938 in
995 904 1068 947 his,
1095 905 1176 950 quia
1199 906 1257 937 de-

281 969 454 1002 lectantur
473 970 629 1011 peccato,
657 972 771 1004 neque
791 958 954 991 contritio
974 964 1043 998 est,
1070 968 1184 1001 neque
1206 967 1260 988 re-

281 1018 399 1051 missio
435 1014 573 1059 peccati.
637 1010 746 1045 Docet
770 1009 875 1051 igitur
901 1008 1052 1049 Paulus,
1083 1007 1260 1052 quomodo

283 1067 457 1102 iustificati
479 1065 654 1109 placeant,
683 1061 832 1099 scilicet,
866 1071 937 1092 non
963 1059 1044 1103 quia
1068 1058 1135 1101 legi
1161 1057 1261 1091 satis-

282 1119 434 1155 faciunt,
468 1116 525 1149 sed
545 1114 624 1159 quia
652 1114 798 1144 credunt
823 1111 858 1142 in
877 1108 1075 1143 Christum:
1110 1116 1143 1142 et
1167 1108 1260 1152 quod

284 1170 362 1203 talis
382 1169 464 1201 fides
482 1166 524 1198 sit
539 1171 654 1197 motus
673 1162 824 1206 Spiritus
845 1161 975 1203 sancti,
1003 1168 1035 1194 et
1062 1171 1134 1192 non
1159 1160 1202 1191 sit
1226 1158 1261 1190 in

284 1219 357 1260 his,
392 1218 451 1264 qui
485 1215 665 1248 ambulant
701 1213 891 1245 secundum
923 1223 1060 1243 carnem
1074 1237 1082 1250 ‚
1116 1208 1181 1242 hoc
1203 1216 1264 1248 est,

285 1272 344 1316 qui
364 1276 443 1303 sunt
465 1267 538 1300 sine
555 1264 790 1309 poenitentia,
819 1269 852 1295 et
874 1262 1058 1305 indulgent
1083 1261 1264 1293 affectibus

286 1320 488 1355 carnalibus
504 1323 624 1349 contra
645 1313 904 1346 conscientiam.

386 1377 523 1411 Deinde
558 1374 654 1407 addit
690 1372 861 1406 rationem
894 1382 952 1402 seu
995 1369 1265 1402 declarationem

288 1426 556 1476 propositionis:
587 1424 665 1467 Qua
690 1424 741 1455 lex
768 1422 910 1464 spiritus
926 1421 1015 1453 vitae
1033 1428 1094 1455 etc.
1152 1419 1189 1451 ld
1207 1425 1268 1458 est,

290 1483 335 1515 ita
366 1479 570 1512 iustificatus
601 1487 694 1511 sum,
735 1473 815 1517 quia
838 1472 922 1511 fide,
958 1483 1024 1515 qua
1051 1468 1266 1514 apprehendi

287 1530 486 1567 Christum,
522 1526 690 1558 liberatus
717 1535 792 1555 sum
819 1534 835 1554 a
863 1523 1054 1554 terroribus
1081 1521 1208 1563 peccati
1236 1526 1269 1552 et

289 1581 423 1615 mortis.
459 1576 506 1612 Et
523 1574 608 1609 haec
630 1575 704 1617 ipsa
729 1572 889 1606 liberatio
915 1579 964 1604 est
992 1572 1199 1611 vivificatio,
1232 1571 1268 1602 id

289 1640 357 1674 est,
384 1628 536 1664 incoatio
553 1637 664 1659 novae
681 1630 714 1657 et
729 1630 888 1656 aeternae
907 1623 1009 1657 vitae.

390 1697 462 1731 Lex
485 1694 628 1739 spiritus
654 1692 745 1725 vitae
773 1698 854 1730 etc.,
890 1687 982 1732 Ergo
1015 1690 1069 1722 lex
1097 1689 1271 1722 iustificat.

290 1751 361 1786 Lex
380 1747 549 1792 significat
566 1743 775 1777 doctrinam:
797 1740 931 1783 Diliges
946 1740 1139 1775 Dominum
1156 1739 1270 1773 Deum

292 1810 392 1837 tuum
408 1806 469 1832 etc.
486 1796 531 1831 R.
582 1793 710 1830 Addit,
738 1792 809 1825 Lex
831 1791 993 1835 spiritus,
1022 1789 1116 1834 Ergo
1141 1790 1271 1824 intelli-

293 1853 341 1896 git
363 1850 523 1895 spiritum
543 1845 815 1887 gubernantem,
849 1842 882 1874 id
908 1850 977 1881 est,
1012 1842 1070 1875 illa
1099 1842 1270 1884 guberna-

292 1904 362 1940 tio,
389 1906 504 1933 motus
519 1894 709 1940 spiritualis
722 1918 730 1931 ,
748 1893 805 1937 qui
824 1892 976 1926 vivificat
995 1890 1272 1937 apprehensione

293 1951 446 1989 Christi,
473 1948 531 1981 ille
550 1952 663 1978 motus
680 1951 728 1977 est
748 1943 901 1986 spiritus.

394 2008 593 2050 Diligenter
609 2010 721 2037 autem
740 2001 804 2034 hoc
824 2003 899 2034 loco
919 2001 1086 2034 vocabula
1111 2001 1271 2033 conside—

296 2061 406 2097 randa
422 2065 514 2092 sunt.
539 2091 548 2099 ,
567 2054 656 2088 Nam
678 2055 730 2085 lex
748 2053 783 2085 in
802 2050 856 2085 his
875 2053 1007 2084 verbis:
1037 2051 1108 2084 Lex
1131 2052 1273 2092 spiritns

297 2114 388 2145 vitae
411 2118 472 2143 etc.
492 2118 565 2140 non
595 2104 764 2147 significat
787 2103 981 2135 doctrinam
1007 2102 1101 2144 legis.
1156 2101 1272 2146 lnquit

299 2164 410 2197 enim:
437 2159 508 2193 Lex
526 2156 686 2201 spiritus,
716 2151 782 2186 hoc
805 2160 870 2192 est,
898 2152 1042 2194 spiritus
1066 2152 1276 2194 gubernans,

298 2226 357 2247 seu
380 2220 544 2248 movens,
579 2217 638 2239 seu
662 2204 849 2238 vivificans.
909 2202 1040 2247 Estque
1070 2203 1277 2247 metalepsis,

299 2264 371 2297 Lex
393 2261 553 2306 spiritus,
586 2257 622 2289 id
648 2262 716 2295 est,
751 2254 958 2298 gubernatio
983 2265 1042 2287 seu
1065 2261 1179 2287 motus
1206 2254 1277 2297 spi-

300 2315 402 2348 ritus.

402 2368 448 2403 Et
461 2375 497 2401 ut
517 2367 644 2400 diserte
663 2363 878 2405 intelligatur
902 2361 1005 2398 fides,
1041 2373 1128 2405 quae
1154 2373 1278 2405 appre-

303 2422 427 2457 hendit
448 2417 644 2455 Christum,
684 2425 746 2446 nec
777 2413 994 2453 intelligatur
1018 2412 1158 2456 aliquod
1192 2424 1278 2455 opus

304 2473 408 2512 legis,
442 2470 515 2512 ipse
534 2468 662 2500 Paulus
685 2464 843 2498 subiicit:
872 2463 944 2496 Lex
961 2463 1104 2506 spiritus
1129 2463 1219 2495 vitae
1242 2463 1279 2494 in

303 2523 444 2559 Christo
473 2518 568 2557 Iesu,
602 2517 638 2549 id
662 2523 729 2554 est,
768 2514 827 2546 illa
858 2513 1063 2555 gubernatio
1089 2513 1282 2557 spiritualis

305 2586 394 2620 quae
428 2569 598 2606 vivificat,
641 2562 905 2607 apprehendens
939 2562 1119 2598 Christum
1157 2563 1281 2598 lesum.

304 2625 392 2658 Vult
409 2621 515 2665 igitur
530 2629 594 2651 uos
618 2616 683 2648 fide
708 2622 739 2647 et
762 2615 938 2656 agnitione
955 2613 1088 2648 Christi
1114 2614 1281 2646 vivificari

307 2683 340 2709 et
357 2672 500 2708 liberari
515 2681 534 2703 a
549 2673 689 2713 peccato
714 2671 746 2698 et
763 2676 780 2697 a
800 2672 926 2706 morte,
943 2666 1042 2711 quasi
1058 2665 1164 2699 dieat:
1195 2663 1276 2698 Non

875 105 999 140 PHlL.
1026 101 1141 138 MEL.
1169 99 1376 137 SCRIPTA
1404 96 1704 134 EXEGETICA.

2216 100 2290 136 656

1309 191 1451 228 propter
1475 183 1560 226 legis
1584 183 1846 228 impletionem,
1878 186 1935 220 sed
1954 185 2035 232 quia
2053 183 2289 232 apprehendi-

1310 236 1369 269 stis
1387 233 1576 269 Christum.

1409 284 1506 318 Facit
1525 285 1630 327 igitur
1644 282 1854 325 antithesin,
1870 287 2019 330 opponit
2036 288 2137 321 fidem
2149 293 2181 320 et
2192 286 2291 331 agni-

1311 336 1443 369 tionem
1460 335 1591 369 Christi
1611 336 1661 378 ei,
1681 336 1774 379 quod
1794 336 1934 379 proprie
1951 336 2004 370 lex
2021 339 2167 381 dicitur,
2191 337 2289 383 quasi

1312 388 1425 420 dicat:
1463 385 1566 418 Fides
1583 394 1615 419 et
1637 385 1768 428 agnitio
1791 383 1923 419 Christi
1949 387 2043 421 tollit
2059 388 2167 430 legem
2190 400 2291 422 accu-

1311 444 1444 469 santem
1465 443 1496 470 et
1522 438 1756 471 damnantem.
1808 435 1908 470 Sicut
1931 444 2047 480 postea
2072 437 2204 482 inquit:
2229 438 2292 472 Li-

1312 488 1448 520 beravit
1465 499 1519 520 me
1536 499 1553 520 a
1571 488 1645 530 lege
1661 485 1789 531 peccati
1805 493 1837 520 et
1847 488 1980 522 mortis.
2013 486 2294 533 Estquesumma

1313 538 1522 578 sententiae,
1550 537 1748 571 lustificatis
1764 549 1836 570 non
1854 545 1904 571 est
1920 538 2185 576 condemnatio,
2220 549 2295 573 non

1313 588 1392 632 quia
1417 585 1547 621 habent
1570 588 1654 631 legis
1679 588 1941 632 impletionem,
1973 590 2032 622 sed
2059 589 2142 634 quia
2165 588 2233 621 fide
2255 588 2296 621 in

1312 637 1493 671 Christum
1515 639 1738 672 vivificantur
1755 645 1788 672 et
1806 638 2003 672 liberantur
2019 653 2036 673 a
2049 639 2296 673 maledictione

1313 689 1397 731 legis
1414 701 1474 722 seu
1493 701 1510 722 a
1528 690 1764 723 damnatione.

1446 768 1546 817 Quia
1565 782 1642 804 cum
1660 769 1886 818 impossibile
1901 775 1989 806 esset
2004 769 2079 817 legi
2097 776 2158 806 etc.

1411 838 1581 884 Sequitur
1597 839 1706 880 ratio,
1727 839 1847 884 inqua
1865 840 1989 874 iterum
2007 841 2219 886 proponitur
2233 851 2297 874 an-

1314 887 1450 924 tithesis
1468 890 1553 932 legis
1569 896 1602 923 et
1619 890 1780 922 beneficii
1796 888 1939 926 Christi.
1994 890 2164 925 Primum,
2179 898 2296 925 autem

1315 940 1555 973 Grammatica
1577 941 1730 985 syntaxis
1755 941 2015 980 consideretur,
2058 948 2092 975 et
2114 948 2297 975 construa-

1315 998 1373 1024 tur
1403 991 1567 1034 periodus
1594 989 1660 1023 hoc
1682 991 1800 1026 modo.
1859 991 1952 1034 Quia
1978 1004 2056 1025 curn
2082 991 2298 1036 impossibile

1316 1048 1403 1074 esset
1418 1042 1504 1084 legi,
1531 1041 1661 1073 scilicet
1676 1040 1798 1073 tollere
1816 1049 2005 1085 peccatum.
2056 1040 2110 1076 Eo
2126 1043 2220 1087 quod
2239 1049 2299 1086 per

1317 1103 1456 1125 carnem
1482 1092 1534 1123 lex
1559 1102 1632 1123 non
1657 1097 1791 1134 poterat
1819 1092 1910 1125 fieri:
1947 1091 2042 1126 Deus
2067 1093 2165 1126 misit
2186 1088 2309 1126 filium*

1317 1154 1418 1176 suum
1438 1142 1474 1174 in
1493 1141 1726 1174 similitudine
1745 1141 1859 1174 caruis
1876 1143 2025 1186 peccati,
2052 1150 2085 1177 et
2101 1155 2162 1186 per
2181 1154 2300 1186 pecca-

1319 1200 1392 1226 tum
1410 1191 1588 1225 damnavit
1606 1199 1802 1236 peccatum,
1831 1192 1868 1224 in
1893 1204 2014 1233 carne,
2040 1199 2079 1226 ut
2101 1193 2300 1227 iustificatio

1319 1243 1402 1286 legis
1432 1243 1648 1287 impleretur.
1703 1241 1801 1275 Haec
1825 1244 1998 1276 sententia
2022 1250 2093 1277 tota
2120 1250 2170 1277 est
2193 1240 2300 1277 διδα-

1320 1291 1489 1338 σκαλική,
1517 1300 1550 1326 et
1565 1293 1722 1326 continet
1740 1293 1925 1337 praecipua
1939 1293 2139 1328 testimonia
2157 1295 2199 1327 de
2217 1294 2303 1337 lege,

1320 1346 1362 1376 de
1385 1345 1566 1386 operibus,
1602 1350 1635 1376 et
1660 1345 1702 1375 de
1726 1343 1987 1382 iustificatione,
2017 1356 2077 1377 seu
2104 1346 2147 1378 de
2172 1345 2300 1377 merito

1321 1391 1465 1428 Christi.
1498 1392 1544 1426 Et
1563 1394 1714 1436 primum
1732 1393 1824 1425 clare
1837 1394 1943 1434 dicit,
1972 1395 2065 1439 quod
2083 1394 2138 1426 lex
2154 1405 2226 1426 non
2242 1394 2302 1427 fiat

1322 1456 1384 1477 nec
1404 1444 1590 1488 impleatur
1610 1456 1670 1486 per
1686 1441 1775 1476 hanc
1794 1451 1993 1488 corruptam
2012 1451 2186 1478 naturam.
2228 1444 2303 1478 Do-

1323 1502 1374 1528 cet
1391 1495 1472 1527 item
1486 1519 1493 1532 ,
1511 1496 1603 1539 quod
1621 1506 1725 1537 opera
1743 1500 1860 1527 nostra
1879 1506 1948 1526 non
1969 1495 2094 1528 tollant
2112 1501 2304 1541 peccatum,

1323 1557 1382 1577 seu
1401 1558 1472 1577 non
1491 1546 1640 1577 liberent
1658 1556 1720 1576 nos
1743 1556 1760 1576 a
1787 1551 1927 1587 peccato
1953 1552 1984 1578 et
2009 1557 2028 1578 a
2052 1552 2179 1583 morte,
2211 1543 2304 1587 Ergo

1323 1596 1406 1627 salsa
1437 1601 1486 1627 est
1518 1595 1719 1636 imaginatio
1743 1594 2044 1633 adversariorum,
2081 1595 2142 1639 qui
2167 1595 2304 1638 fingunt

1326 1643 1485 1677 homines
1503 1645 1630 1676 mereri
1649 1643 1887 1676 remissionem
1906 1651 2125 1688 peccatorum
2144 1656 2206 1688 per
2223 1656 2305 1688 pro-

1326 1696 1402 1739 pria
1420 1708 1535 1739 opera.
1566 1695 1650 1728 ltem
1669 1692 1829 1727 homines
1847 1706 1919 1728 esse
1936 1695 2045 1730 iustos
2062 1701 2205 1740 propter
2221 1707 2306 1739 pro-

1328 1746 1439 1790 priam
1458 1747 1541 1789 legis
1559 1745 1812 1788 impletionem.

1429 1796 1522 1829 Haec
1539 1799 1727 1829 traduntur
1746 1795 1781 1828 in
1801 1795 1912 1839 prima
1930 1803 2027 1839 parte
2043 1796 2197 1839 periodi,
2214 1794 2306 1830 Cum
2342 1834 2347 1837 ¹

1327 1847 1392 1889 legi
1410 1847 1626 1891 impossibile
1644 1853 1730 1879 esset
1748 1846 1870 1878 tollere
1887 1853 2079 1889 peccatum.
2121 1846 2209 1881 Item
2225 1858 2306 1880 cum

1328 1905 1444 1941 postea
1461 1898 1525 1931 ait:
1554 1896 1646 1939 Quia
1665 1897 1911 1928 infirmabatur
1929 1908 1989 1939 per
2004 1907 2162 1940 carnem,
2190 1897 2226 1930 id
2245 1903 2306 1936 est,

1329 1960 1400 1980 non
1419 1955 1554 1992 poterat
1572 1947 1645 1979 fieri
1663 1958 1723 1990 per
1741 1944 1832 1978 hanc
1850 1953 2050 1990 corruptam
2069 1953 2243 1982 naturam.

1329 2039 1443 2074 Misit
1460 2038 1566 2073 Deus
1579 2036 1709 2084 filium
1732 2050 1838 2071 suum
1860 2036 1898 2071 in
1914 2035 2158 2073 similitudine
2175 2038 2307 2086 [carnis

1740 2088 1888 2135 peccati.

1432 2157 1564 2202 Magna
1598 2163 1648 2190 est
1681 2153 1856 2199 emphasis
1889 2155 1927 2188 in
1960 2153 2015 2189 his
2037 2156 2169 2190 verbis:
2207 2155 2308 2191 Misit

1331 2209 1443 2243 filium
1461 2210 1497 2241 in
1516 2207 1748 2241 similitudine
1766 2206 1879 2239 carnis
1906 2207 2046 2250 peccati.
2100 2206 2206 2240 Item:
2241 2206 2309 2240 Per

1333 2267 1511 2304 peccatum
1542 2257 1723 2291 damnavit
1754 2264 1943 2301 peccatum.
2011 2256 2179 2300 Intelligit
2213 2258 2307 2291 enirn

1332 2309 1510 2344 Christum
1529 2310 1575 2343 ita
1594 2309 1738 2341 missum
1755 2319 1844 2347 esse,
1869 2313 1909 2339 ut
1933 2307 2163 2341 subiiceretur
2187 2308 2310 2351 poenis

1334 2361 1481 2404 peccati,
1509 2359 1709 2396 doloribus,
1736 2357 1926 2402 pavoribus
1942 2363 1975 2389 et
1997 2357 2125 2398 morti,
2161 2358 2250 2392 sicut
2265 2360 2310 2392 ad

1333 2410 1580 2458 Philippenses
1596 2410 1748 2443 secundo
1765 2407 1896 2452 inquit:
1924 2406 1964 2440 ln
1987 2407 2221 2442 similitudine
2245 2407 2312 2443 ho-

1334 2462 1471 2495 minum
1493 2462 1622 2501 factus,
1661 2466 1694 2493 et
1719 2456 1841 2491 habitu
1867 2458 2029 2490 inventus
2052 2466 2092 2492 ut
2116 2457 2221 2492 homo
2245 2465 2310 2495 etc.

1334 2511 1380 2546 Et
1396 2519 1512 2556 postea
1533 2517 1630 2544 vocat
1647 2508 1826 2543 Christum
1844 2514 2019 2551 peccatum
2032 2534 2041 2548 ,
2067 2520 2145 2542 cum
2162 2509 2226 2543 ait:
2242 2508 2310 2543 Per

1335 2569 1532 2607 peccatum,
1562 2561 1694 2595 scilicet
1718 2557 1919 2597 Christum,
1955 2559 2154 2600 damnavit,
2189 2560 2224 2592 id
2249 2567 2309 2600 est,

1335 2613 1494 2651 sustulit,
1522 2624 1581 2645 seu
1597 2611 1735 2644 irritum
1752 2609 1833 2642 fecit
1857 2615 2035 2652 peccatum
2057 2616 2090 2643 et
2112 2610 2311 2643 damnatio-

1337 2664 1472 2698 nemin
1493 2660 1716 2702 hominibus,
1746 2659 1782 2693 id
1807 2666 1881 2693 est:
1908 2659 2096 2705 Postquam
2120 2660 2192 2704 ipse
2205 2657 2310 2694 Chri-
