2415 2942
273 112 343 148 951

278 196 320 229 Si
343 195 424 243 quis
451 194 621 241 spiritum
648 190 793 228 Christi
823 205 895 226 non
930 191 1060 235 habet,
1094 189 1154 225 hic
1185 203 1259 225 non

669 249 718 278 esl
745 244 872 291 ipsius.

387 314 481 347 llaec
506 315 611 347 verba
637 313 818 356 perspicue
843 311 994 344 refutant
1009 310 1214 353 Pelagianos
1231 316 1263 343 et

284 364 498 406 Monachos,
532 365 591 409 qui
616 365 800 403 dixerunt,
835 360 996 395 homines
1022 375 1093 394 non
1122 367 1264 394 renatos

286 428 384 461 posse
412 417 484 459 lege
506 414 567 448 Dei
597 415 811 456 satisfacere,
841 420 873 447 et
897 410 960 446 hac
983 413 1166 456 disciplina
1193 424 1263 444 me-

287 468 354 500 reri
382 467 621 500 remissionem
644 472 882 509 peccatorum,
911 471 942 497 et
963 472 1104 508 propter
1120 475 1193 495 eam
1212 462 1265 494 iu-

287 525 358 552 stos
383 529 453 550 esse
486 524 516 550 et
542 517 676 560 placere
703 514 788 550 Deo.
864 513 959 547 Haec
994 514 1099 558 impia
1132 512 1266 546 somnia

290 580 426 601 necesse
446 576 493 601 est
513 569 546 600 in
566 566 720 600 Ecclesia
739 565 916 606 damnari,
945 565 1038 598 iuxta
1058 565 1166 597 dicta:
1196 563 1267 605 Qui

292 632 363 652 non
388 631 425 651 ex
450 619 697 661 sanguinibus,
734 629 845 661 neque
868 628 908 649 ex
936 616 1116 648 voluntate
1144 614 1270 653 carnis,

295 682 406 714 neque
431 682 470 701 ex
496 671 675 702 xoluntate
702 668 788 709 viri,
827 667 886 700 sed
915 678 954 699 ex
975 665 1048 699 Deo
1080 665 1151 698 nati
1178 671 1270 698 sunt.

293 721 336 754 lit,
355 718 418 753 hoc
439 721 528 753 loco:
560 719 618 764 qui
640 730 710 751 non
729 716 831 750 habet
849 717 1010 759 spiritum
1027 714 1170 754 Christi,
1200 726 1272 748 non

295 778 343 804 est
365 771 483 815 ipsius,
530 769 632 804 Item:
662 769 746 803 Sine
764 780 818 800 me
832 765 923 800 nihil
943 767 1085 810 potestis
1101 768 1224 802 facere.

397 829 671 862 Observandum
698 833 747 860 est
769 827 896 860 diserte
921 824 988 859 hoc
1006 827 1082 859 loco
1101 824 1276 858 nominari

296 881 466 925 Spiritum
486 879 629 914 Christi.
682 878 858 918 Primum,
881 884 919 911 ut
942 877 1157 919 intelligatur
1172 875 1277 920 spiri-

298 941 352 965 tus
368 944 439 964 non
456 932 564 971 ratio,
591 930 650 963 sed
670 928 823 972 Spiritus
839 936 998 969 sanctus,
1026 928 1086 972 qui
1106 934 1155 960 est
1178 927 1277 960 tertia

298 994 443 1025 persona
478 980 684 1014 divinitatis.
752 978 906 1017 Deinde,
947 986 984 1012 ut
1014 981 1280 1017 admoneamur,

299 1034 475 1079 quomodo
497 1035 599 1065 detur
616 1031 769 1074 Spiritus
789 1038 946 1070 sanctus,
974 1029 1054 1074 quia
1081 1041 1152 1062 non
1178 1030 1280 1061 datur

301 1086 374 1118 sine
392 1084 569 1127 agnitione
588 1082 651 1115 filii
671 1082 753 1121 Dei,
787 1087 820 1113 et
841 1081 915 1113 sine
935 1080 1144 1123 cogitatione
1161 1077 1280 1112 Evan-

301 1135 382 1179 gelii
400 1162 408 1174 ,
448 1135 507 1167 sed
542 1141 623 1168 tunc
657 1132 836 1165 verissime
868 1131 1063 1164 effunditur
1097 1131 1133 1162 in
1167 1131 1284 1170 corda,

304 1186 445 1231 quando
466 1185 501 1218 in
519 1197 598 1218 vera
616 1183 845 1217 conversione
861 1190 995 1216 mentes
1020 1181 1284 1225 perterrefactae

305 1237 488 1280 eriguntur
504 1248 586 1269 voce
603 1234 806 1277 Evangelii,
834 1240 866 1266 et
890 1233 956 1265 fide
983 1233 1158 1276 incipiunt
1175 1243 1284 1275 agno—

304 1300 396 1320 scere
418 1287 527 1319 filium
554 1286 637 1326 Dei,
679 1292 712 1318 et
734 1285 952 1329 acquiescere
979 1284 1014 1316 in
1045 1283 1285 1316 consolatione

302 1351 362 1382 per
380 1336 610 1380 Evangelium
629 1336 805 1379 proposita
821 1362 828 1372 ,
858 1342 889 1367 et
910 1335 1029 1366 laetari
1056 1334 1091 1365 in
1111 1332 1183 1366 Deo
1204 1345 1282 1376 pro-

301 1396 376 1433 pter
400 1389 646 1426 mediatorem,
679 1393 717 1419 ut
739 1387 782 1419 ad
810 1384 951 1417 Galatas
976 1384 1119 1417 dicitur:
1157 1382 1203 1417 Ut
1227 1395 1284 1416 ac-

305 1440 474 1484 cipiamus
493 1437 759 1482 promissionem
779 1436 923 1479 spiritus
945 1447 1004 1478 per
1022 1435 1136 1467 fidem.

409 1495 557 1538 Quoties
586 1502 700 1528 autem
731 1495 772 1526 de
805 1493 1049 1526 iustificatione
1084 1492 1286 1533 cogitamus,

306 1551 507 1584 intueamur
531 1555 599 1582 tres
620 1557 804 1591 personas,
829 1555 1057 1587 agnoscamus
1077 1543 1188 1575 filiurn
1214 1554 1285 1574 me-

307 1604 474 1635 diatorem
498 1598 613 1633 Deum
639 1604 673 1632 et
696 1595 879 1630 hominem
910 1594 1139 1627 constitutum
1167 1593 1287 1636 propi-

308 1653 491 1691 ciatorem,
529 1656 670 1694 propter
695 1660 796 1694 quern
827 1646 1033 1690 recipimur,
1077 1651 1110 1677 et
1139 1643 1287 1676 sciamus

309 1716 374 1736 nos
399 1703 503 1735 simul
524 1701 629 1745 recipi
657 1701 700 1733 ab
723 1706 864 1732 aeterno
882 1696 1003 1733 Patre,
1031 1695 1123 1728 Filio
1151 1701 1183 1728 et
1207 1694 1289 1738 Spi-

308 1755 379 1788 ritu
396 1760 533 1793 sancto,
563 1758 593 1785 et
612 1751 779 1784 vivificari
797 1761 860 1782 nos
879 1760 939 1792 per
955 1747 1084 1786 filium,
1112 1758 1189 1778 cum
1210 1746 1288 1778 data

309 1817 392 1838 voce
409 1803 592 1846 Evangelii
611 1802 702 1835 filius
719 1799 994 1834 consolationem
1013 1798 1048 1829 in
1068 1797 1170 1830 nobis
1193 1797 1288 1836 dicit,

311 1864 341 1889 et
364 1863 494 1898 patrem
518 1854 686 1893 ostendit,
714 1860 746 1885 et
766 1850 916 1884 effundit
936 1848 1106 1893 Spiritum
1131 1855 1287 1881 sanctum

311 1906 553 1940 laetificantem
579 1916 639 1937 cor
664 1904 820 1936 credens.
892 1900 974 1933 [deo
1006 1899 1136 1932 dicitur
1158 1896 1289 1932 lohan-

310 1958 364 1990 nis
385 1955 460 1990 14.:
491 1955 528 1988 Si
545 1956 621 1999 quis
641 1954 753 1997 diligit
772 1966 844 1992 me,
872 1962 1068 1984 sermonem
1086 1962 1200 1984 meum
1218 1961 1290 1982 ser-

311 2009 425 2047 vabit,
453 2013 485 2039 et
505 2014 600 2049 pater
619 2017 714 2038 meus
730 2004 845 2046 diligit
862 2014 958 2042 eum,
987 2009 1019 2035 et
1045 2002 1223 2033 veniemus
1248 2001 1287 2032 ad

312 2071 411 2099 eum,
433 2064 463 2091 et
479 2057 697 2090 mansionem
715 2056 807 2099 apud
826 2066 903 2087 eum
922 2053 1096 2086 faciemus,
1145 2052 1288 2095 Spirant

313 2110 407 2144 enim
448 2115 546 2152 pater
579 2114 611 2140 et
638 2107 729 2139 filius
760 2105 931 2148 Spiritum
961 2110 1119 2136 sanctum
1153 2103 1189 2134 in
1217 2115 1287 2140 cor,

311 2161 359 2195 Et
384 2158 439 2192 hic
459 2159 588 2192 Paulus
615 2158 699 2191 alias
725 2156 860 2200 inquit,
889 2154 925 2188 Si
944 2152 1103 2187 Christus
1126 2155 1162 2186 in
1189 2154 1287 2186 vobis

313 2219 379 2245 est:
416 2211 500 2243 alias
534 2209 668 2253 inquit,
705 2208 742 2240 Si
772 2207 913 2249 spiritus
937 2203 1069 2237 Christi
1094 2202 1226 2237 habitat
1251 2204 1287 2236 in

313 2262 423 2296 vobis.
479 2259 565 2294 Nam
583 2266 615 2293 et
631 2259 742 2298 filius,
769 2257 828 2302 qni
850 2263 898 2289 est
913 2251 1028 2302 λόγος,
1055 2256 1151 2288 adest
1168 2253 1287 2288 Eccle-

316 2315 403 2352 siae,
428 2319 477 2345 est
493 2311 683 2350 Emanuel,
712 2316 743 2342 et
769 2315 818 2341 est
842 2308 877 2339 in
905 2319 941 2339 ea
962 2307 1100 2345 efficax,
1129 2306 1288 2350 patefacit

314 2361 568 2405 Evangelium,
601 2368 634 2394 et
658 2372 740 2393 voce
765 2358 945 2400 Evangelii
970 2357 1122 2390 ostendit
1147 2364 1289 2401 patrem,

315 2414 399 2446 dicit
433 2412 726 2449 consolationem,
761 2417 793 2444 et
821 2410 879 2442 dat
913 2407 1084 2450 Spiritum
1119 2415 1285 2441 sanctum.

316 2464 400 2497 ldeo
431 2464 545 2507 inquit
567 2460 799 2495 Athanasius:
838 2459 1131 2502 Quandocunque
1160 2459 1289 2491 dicitur

316 2514 467 2558 Spiritus
485 2520 622 2545 sanctus
639 2513 673 2544 in
692 2510 834 2544 homine
851 2522 934 2550 esse,
956 2509 1058 2542 estin
1075 2520 1113 2542 eo
1134 2521 1194 2553 per
1212 2521 1288 2542 ver-

314 2567 410 2599 bum.
463 2563 507 2596 Et
527 2564 568 2595 de
585 2563 654 2595 filio
672 2563 838 2607 loquitur.

414 2631 504 2665 Nota
529 2631 570 2663 sit
594 2637 707 2662 autem
733 2629 948 2668 differentia,
973 2627 1080 2660 Aliud
1107 2633 1156 2660 est
1175 2624 1287 2659 Deum

314 2696 382 2716 esse
401 2683 547 2726 ultique:
577 2681 669 2713 aliud
693 2677 848 2713 habitare
864 2692 941 2712 eum
961 2679 995 2711 in
1007 2678 1171 2712 Ecclesia.
1206 2675 1288 2710 Esse

859 108 983 144 PHlL.
1012 106 1127 143 MEL,
1155 105 1362 142 SCRIPTA
1396 104 1692 140 EXEGETICA.

2218 108 2295 144 952

1316 190 1446 234 ubique
1467 191 1595 224 dicitur
1614 191 1656 223 de
1674 190 1865 225 universali
1889 193 2102 236 praesentia,
2129 205 2196 238 qua
2225 200 2296 226 tota

1317 241 1483 274 divinitas
1507 241 1718 275 substantias
1747 248 1985 276 creaturarum
2019 251 2219 284 conservat,
2254 245 2298 277 de

1319 304 1384 336 qua
1403 292 1569 325 Ieremiae
1585 293 1644 325 23.
1671 292 1817 325 dicitur:
1845 292 1925 326 Non
1942 306 1984 326 ne
2009 295 2143 327 coelum
2171 302 2201 328 et
2230 301 2300 328 ter-

1319 355 1390 375 ram
1409 354 1470 385 ego
1489 343 1628 387 impleo.
1682 342 1751 376 Sed
1770 343 1886 376 Deum
1907 341 2064 377 habitare
2082 345 2118 377 in
2137 343 2302 385 Ecclesia,

1320 400 1368 426 est
1387 404 1447 436 per
1466 394 1576 426 filium
1602 405 1685 426 voce
1701 391 1886 436 Evangelii
1910 406 2025 426 veram
2045 393 2109 427 Dei
2136 396 2301 429 noticiam

1321 445 1509 476 accendere
1535 451 1568 478 et
1592 444 1765 477 consolari
1790 456 1865 483 cor,
1900 450 1932 477 et
1959 457 2017 488 per
2036 445 2207 488 Spiritum
2225 458 2303 479 san-

1322 501 1415 527 ctum
1441 506 1559 537 regere
1580 507 1657 535 cor,
1684 501 1721 528 ut
1746 492 1870 528 habeat
1892 503 2008 529 motus
2032 495 2096 540 ipsi
2121 496 2307 540 placente8‚

1324 551 1356 578 et
1374 544 1471 578 initia
1494 545 1651 579 iusticiae
1667 553 1700 580 et
1722 545 1842 579 salutis
1859 552 2029 580 aeternae.

1427 595 1517 629 Nota
1546 597 1615 630 sint
1644 596 1746 629 etiam
1771 597 1877 630 verba
1903 594 2088 630 Athanasii
2115 597 2158 630 de
2183 603 2307 631 natura

1325 645 1445 679 divina
1465 647 1501 679 in
1518 645 1679 687 Christo,
1707 647 1742 679 in
1760 647 1852 680 libro
1871 649 1913 680 de
1934 647 2175 681 incarnatione
2195 648 2306 680 verbi:

1327 696 1404 729 Non
1432 697 1478 730 ita
1506 704 1555 730 est
1580 698 1616 730 in
1642 709 1786 742 corpore
1818 694 1944 745 λόγος,
1979 705 2017 732 ut
2046 698 2130 731 alibi
2156 711 2229 731 non
2255 699 2309 736 sit,

1329 760 1390 780 nec
1407 747 1453 781 ita
1472 754 1586 781 movet
1601 760 1746 792 corpus,
1773 755 1811 782 ut
1829 749 1917 783 desit
1940 749 2018 782 aliis
2035 749 2223 790 creaturis,
2250 750 2309 782 sed

1330 799 1491 831 mirando
1508 799 1632 837 modo,
1659 811 1737 832 cum
1765 795 1873 845 λόγος
1896 801 1957 841 sit,
1987 812 2004 833 a
2029 799 2128 833 nullo
2154 811 2315 844 compre-

1330 848 1514 890 henditur,
1541 851 1600 882 sed
1621 849 1693 893 ipse
1717 850 1983 893 comprehendit
2009 850 2147 889 omnia,
2176 857 2210 885 et
2233 861 2310 883 cum

1331 900 1365 932 in
1383 900 1480 932 omni
1495 907 1650 933 creatura
1666 900 1732 941 sit,
1767 907 1882 934 tamen
1907 901 1974 934 alia
2000 901 2194 935 substantia
2220 908 2269 934 est
2293 912 2311 933 a

1333 951 1510 983 creaturis.
1563 948 1714 984 Animae
1732 957 1873 985 nostrae
1891 953 1954 985 etsi
1971 953 2125 995 cogitant
2145 963 2198 985 res
2217 958 2311 984 extra

1332 1013 1477 1045 corpus,
1506 1013 1561 1034 eas
1585 1014 1657 1034 non
1689 1009 1848 1036 movent:
1886 1014 1957 1035 non
1984 1004 2076 1036 enim
2102 1003 2236 1046 agitant
2257 1013 2315 1034 so-

1333 1052 1420 1090 lem,
1447 1064 1648 1097 quanquam
1668 1052 1801 1085 moveri
1817 1064 1896 1086 eum
1914 1061 2079 1088 cernunt:
2106 1065 2177 1087 non
2199 1052 2247 1086 sic
2264 1058 2315 1085 est

1333 1098 1454 1149 λόγος,
1482 1103 1518 1135 in
1537 1109 1689 1137 assumta
1707 1110 1849 1144 natura,
1877 1116 1949 1136 non
1968 1104 2062 1139 enim
2081 1105 2236 1137 inclusus
2253 1109 2314 1142 est,

1334 1155 1390 1186 sed
1423 1154 1494 1197 ipse
1526 1154 1683 1187 continet
1718 1166 1863 1198 corpus,
1900 1161 1933 1188 et
1965 1155 2070 1189 simul
2097 1155 2209 1190 estin
2237 1153 2317 1186 sinu

1334 1205 1464 1237 aeterni
1484 1205 1609 1249 patris,
1637 1211 1670 1238 et
1686 1205 1782 1238 adest
1800 1205 1977 1239 creaturis.

1407 1287 1550 1336 Corpus
1579 1293 1762 1322 mortuum
1789 1293 1839 1322 est
1864 1293 2012 1337 propter
2035 1290 2234 1336 peccalum.

1435 1356 1602 1391 Occurrit
1628 1357 1834 1397 obiectioni‚
1863 1356 2000 1399 Quare,
2029 1368 2107 1389 cum
2137 1356 2317 1388 credentes

1336 1409 1405 1442 sint
1424 1409 1506 1441 iusti
1534 1415 1565 1440 et
1591 1407 1653 1440 filii
1674 1407 1756 1447 Dei,
1784 1405 1898 1439 adbuc
1925 1414 2040 1439 tamen
2066 1405 2211 1438 subiecti
2236 1412 2317 1438 sunt

1337 1459 1440 1492 morti
1458 1465 1491 1492 et
1509 1459 1587 1491 aliis
1607 1458 1863 1490 calamitatibus
1883 1464 1915 1490 et
1932 1457 2073 1500 quidem
2093 1455 2214 1488 durius
2231 1466 2314 1487 one-

1336 1510 1400 1543 rati
1418 1517 1499 1542 sunt
1514 1521 1617 1553 quam
1635 1509 1694 1540 alii
1716 1505 1887 1539 homines.
1927 1507 2131 1550 Respondet
2148 1505 2315 1537 breviter:

1338 1560 1548 1604 Quanquam
1566 1560 1601 1590 in
1619 1559 1733 1590 anima
1752 1558 1885 1591 incoata
1905 1565 1954 1591 est
1971 1558 2030 1590 lux
2048 1563 2079 1589 et
2095 1556 2164 1588 vita
2183 1562 2320 1588 aeterna

1339 1623 1398 1654 per
1422 1611 1567 1643 verbum
1593 1616 1626 1642 et
1652 1608 1823 1652 Spiritum
1848 1614 2025 1647 sanctum,
2060 1613 2178 1639 tamen
2203 1603 2317 1636 adhuc

1340 1662 1375 1694 in
1403 1672 1512 1693 massa
1540 1659 1671 1692 carnali
1697 1656 1816 1691 haeret
1839 1664 2039 1702 peccatum,
2081 1656 2161 1689 ideo
2185 1655 2317 1688 destrui

1339 1723 1485 1745 massam
1507 1710 1680 1744 carnalem
1697 1714 1854 1753 oportet,
1881 1714 1919 1741 ut
1936 1714 2053 1756 postea
2073 1707 2110 1739 in
2134 1706 2319 1739 resuscita-—

1339 1763 1434 1796 tione
1455 1762 1645 1795 induamur
1669 1771 1815 1803 corpore
1834 1770 1976 1803 prorsus
2000 1758 2201 1803 purificato,
2230 1757 2318 1789 sicut

1339 1815 1381 1847 ad
1413 1810 1573 1847 Corinth.
1607 1811 1776 1854 scriptum
1810 1817 1885 1843 est:
1932 1809 2256 1854 Superinduemur‚
2292 1807 2319 1839 si

1340 1872 1454 1898 tamen
1478 1875 1550 1896 non
1573 1862 1660 1895 nudi
1692 1862 1916 1905 reperiemur.
1988 1859 2041 1894 lta
2065 1858 2253 1903 respondet
2275 1859 2319 1890 ad

1340 1921 1584 1960 argumentum
1604 1913 1766 1946 rationis:

1493 1964 1609 1998 Iustus
1626 1964 1727 1996 debet
1745 1964 1832 1995 bene
1849 1973 1936 1994 esse:

1491 2014 1645 2049 Ecclesia
1661 2020 1710 2046 est
1730 2013 1816 2046 iusta
1828 2037 1837 2050 ,

1491 2065 1585 2108 Ergo
1601 2063 1775 2097 Ecclesiae
1792 2063 1895 2096 debet
1911 2063 1999 2096 bene
2017 2071 2098 2094 esse.

1439 2116 1649 2161 Respondeo
1676 2115 1829 2158 primum
1860 2114 1903 2147 ad
1936 2113 2124 2145 minorem:
2165 2106 2320 2142 Ecclesia

1339 2176 1387 2203 est
1411 2169 1519 2209 iusta,
1547 2165 1612 2199 hoc
1638 2177 1759 2198 verum
1778 2171 1847 2205 est,
1874 2163 2131 2207 imputatione,
2159 2159 2318 2192 nondum

1338 2218 1651 2253 consummatione.
1704 2215 1793 2250 Cum
1813 2215 1918 2258 igitur
1939 2211 2053 2246 adhuc
2072 2213 2109 2244 in
2134 2209 2262 2242 renatis
2285 2209 2322 2241 in

1341 2269 1403 2304 hac
1428 2270 1498 2303 vita
1527 2266 1669 2301 haereat
1699 2273 1896 2310 peccatum,
1938 2264 2096 2308 sequitur
2134 2260 2322 2294 destructio

1339 2321 1494 2365 corporis
1511 2347 1519 2360 ‚
1569 2319 1650 2364 quia
1693 2317 1787 2351 Deus
1833 2317 1909 2350 vult
1950 2319 2127 2359 peccatum
2179 2321 2321 2354 prorsus

1340 2372 1485 2406 destrui.

1442 2420 1582 2455 Deinde
1609 2418 1862 2462 respondeatur
1883 2423 1916 2449 et
1939 2415 1981 2448 ad
2000 2413 2185 2446 maiorem:
2218 2411 2320 2445 Iustis

1341 2474 1442 2506 debet
1458 2474 1544 2505 bene
1561 2482 1651 2503 esse:
1680 2469 1811 2501 dictum
1829 2475 1879 2500 est
1908 2465 2014 2508 legale
2039 2472 2069 2497 et
2091 2475 2212 2496 verum
2226 2490 2234 2503 ,
2258 2464 2317 2495 sed

1340 2523 1607 2566 intelligendum
1627 2526 1675 2553 est
1692 2520 1784 2552 iuxta
1800 2517 2072 2550 declarationem
2101 2515 2136 2546 in
2156 2512 2316 2556 Evange-

1341 2576 1387 2608 lio
1405 2569 1627 2618 patefactam,
1652 2581 1739 2614 quae
1762 2569 1863 2601 docet
1885 2567 1973 2600 velle
1992 2567 2106 2599 Deum
2126 2564 2318 2598 Ecclesiam

1341 2627 1376 2658 in
1396 2623 1460 2658 hac
1484 2624 1553 2656 vita
1577 2620 1713 2662 colligi,
1748 2625 1782 2652 et
1800 2619 1888 2651 velle
1912 2618 2103 2651 subiectam
2121 2627 2193 2648 csse
2213 2614 2320 2652 cruci,

1340 2677 1420 2721 qnia
1447 2684 1646 2719 quanquam
1673 2671 1851 2703 credentes
1875 2669 2016 2713 recipit,
2050 2674 2082 2701 et
2105 2665 2319 2700 sanctificare
