2415 2942
102 77 196 113 1041

102 176 142 198 ex
167 161 354 197 collatione
375 167 410 195 et
429 160 723 207 interpretatione
747 159 1000 193 sacrificiorum
1024 158 1094 193 Le-

100 214 303 248 vitiem-um.

198 263 342 297 Dictum
362 269 411 296 est
429 269 545 296 autem
571 262 675 300 alibi,
705 262 797 307 quod
825 260 868 293 sit
894 260 1084 293 discrimen

96 315 239 360 politiae
264 314 372 348 Moisi
401 321 434 347 et
458 320 619 347 aeternae
644 311 837 352 Ecclesiae,
874 322 963 355 quae
997 323 1082 343 voce

353 73 453 111 XIII.
481 74 518 109 3.
550 70 848 110 ENARRATIO
883 71 1039 110 EPIST.
1074 69 1222 107 PAULI
1249 67 1316 105 AD
1340 69 1601 110 ROMANOS.
1653 72 1755 112 CAP.
1782 76 1861 112 XV.

2043 81 2139 118 1042

1149 163 1284 192 tuntur.
1338 156 1422 191 Ideo
1438 155 1495 192 hic
1512 159 1656 194 additur
1672 161 1714 194 de
1731 162 1900 197 sacrificio
1917 164 2133 204 auditorum.

1148 208 1194 242 Ut
1218 208 1351 242 oblatio
1377 210 1532 252 gentium
1558 211 1616 244 fiat
1639 219 1776 256 accepta
1801 212 1896 256 Deo,
1927 216 1963 249 id
1989 225 2058 259 est,
2093 226 2132 253 ut

1146 266 1177 291 et
1197 258 1330 292 Gentes
1347 260 1442 303 ipsae
1463 261 1546 294 fiant
1571 258 1723 304 hostiae,
1748 271 1782 298 et
1805 272 1944 301 aeterna
1961 269 2128 304 sacrificia

1143 309 1221 342 Deo
1239 309 1408 350 offerant,
1437 324 1553 344 veram
1572 313 1695 354 fidem,
1722 326 1838 349 veram
1856 316 2129 361 invocationem,

97 366 342 411 promissionis
359 367 402 398 de
425 365 499 398 filio
518 363 584 398 Dei
603 363 799 407 colligitur,
828 368 861 395 et
884 373 993 406 quare
1016 373 1080 405 po·
1114 367 1116 396 1
1142 360 1417 401 confessionem,
1451 363 1642 404 gratiarum
1668 364 1862 410 actionem,
1897 370 2129 405 conformita-

96 418 172 452 litia
195 416 304 450 Moisi
327 416 517 451 constituta
543 415 605 456 sit,
643 422 677 448 et
700 413 787 459 quid
811 412 883 446 sint
905 412 1086 452 sacrificia,
1112 398 1116 466 f
1141 416 1210 443 tem
1236 423 1315 444 cum
1334 410 1407 444 Deo
1435 421 1467 445 et
1494 413 1662 446 laetitiam
1684 427 1762 448 cum
1787 430 1826 451 eo
1854 419 1891 451 in
1917 426 1989 454 tota
2013 428 2127 455 aeter-

97 469 193 514 quod
218 468 261 500 sit
284 467 474 500 discrimen
499 467 594 500 inter
616 465 713 508 signa
739 471 772 498 et
801 476 882 497 vera
905 463 1085 504 sacrificia,
1111 470 1114 510 J

1138 510 1298 554 Baccho,
1330 512 1458 546 Veneri
1485 522 1547 549 etc.
1583 526 1586 528 ·

97 519 179 565 quia
203 519 256 551 lex
281 518 318 550 in
342 516 406 551 hac
432 518 502 551 vita
523 516 666 550 ordinat
687 522 848 560 utraque.

198 567 355 603 Ordinat
388 569 503 612 signa,
546 567 675 613 quibus
713 563 875 598 homines
911 570 1084 598 testantur

95 618 191 653 hunc
214 631 286 652 esse
312 632 434 652 verum
462 618 576 652 Deum
602 629 708 663 quem
733 617 926 656 invocant,
969 623 1001 648 et
1029 613 1084 648 his

96 670 223 704 ritibus
261 672 467 704 discernunt
506 681 585 702 eum
623 681 641 701 a
674 668 926 702 commentitiis
963 667 1082 699 numi-
1110 685 1112 699 >

95 722 213 754 nibus.

197 769 353 804 Ordinat
384 778 500 805 autem
527 777 559 804 et
586 770 653 803 alia
687 769 856 803 interiora
883 775 916 803 et
941 775 1082 802 externa

94 822 279 860 sacrificia,
309 822 344 854 in
361 823 491 866 quibus
508 833 582 855 sese
598 821 694 854 Deus
711 821 784 865 ipse
803 820 906 854 nobis
923 831 1082 853 commu-

95 874 190 906 nicat
211 880 244 906 et
265 880 315 906 est
341 873 481 912 efficax,
509 872 592 918 quia
618 879 757 917 oportet
781 872 918 916 aliquas
934 883 988 903 res
1011 882 1082 903 esse

94 924 301 968 copulantes
328 935 392 957 nos
417 936 495 957 cum
520 923 608 957 Deo.
668 922 770 956 Talia
799 929 880 956 sunt
905 922 1082 961 sacrificia,

94 987 177 1008 vera
198 975 329 1018 agnitio
351 974 415 1008 Dei
434 975 554 1008 lucens
569 975 607 1007 in
624 981 762 1017 mente,
790 981 823 1007 et
847 980 917 1007 tota
935 973 1083 1011 novitas,

96 1039 164 1070 qna
189 1024 296 1059 homo
314 1026 350 1058 fit
369 1026 540 1069 templum
564 1024 650 1063 Dei,
679 1032 711 1058 et
729 1037 795 1070 qua
814 1036 885 1057 sese
904 1023 998 1057 Deus
1016 1036 1082 1056 no-

94 1078 150 1110 bis
164 1077 419 1115 communicat,
447 1083 481 1110 et
498 1077 650 1109 vicissim
670 1074 776 1109 homo
794 1076 945 1109 celebrat
957 1075 1083 1110 Deum.

95 1127 153 1162 Sic
171 1128 263 1160 enim
282 1127 377 1160 Deus
395 1139 429 1160 se
449 1128 683 1160 communicat
704 1127 868 1160 rationali
893 1133 1082 1164 creaturae,

94 1191 172 1211 cum
192 1186 282 1212 recte
301 1179 524 1220 agnoscitur,
552 1179 633 1223 quia
658 1185 706 1211 est
725 1179 783 1211 lux
809 1179 929 1210 lucens
948 1177 983 1208 in
1001 1188 1082 1207 san·

93 1230 169 1263 ctis.
229 1229 286 1262 Fit
309 1237 424 1262 autern
451 1229 639 1261 celebratio
663 1228 700 1259 in
726 1226 790 1259 hac
813 1228 882 1259 vita
909 1226 1081 1263 docendo,

95 1280 313 1319 confitendo,
332 1278 573 1318 invocatione,
600 1278 790 1321 gratiarum
811 1277 968 1316 actione,
996 1288 1081 1308 con-

93 1328 273 1363 formitate
288 1330 404 1362 cordis
422 1336 454 1362 et
470 1329 600 1362 laetitia
619 1330 656 1361 in
675 1327 763 1363 Deo.
816 1327 912 1360 Haec
932 1327 1081 1359 incoan-

95 1388 152 1414 tur
172 1382 206 1412 iu
227 1378 289 1413 hac
307 1380 397 1420 vita,
432 1387 465 1413 et
482 1386 723 1424 praeterquam
744 1379 838 1423 quod
863 1379 989 1410 modus
1017 1379 1081 1409 do-

94 1432 196 1465 cendi
224 1432 260 1463 in
277 1430 474 1464 ministerio
500 1442 573 1463 non
599 1437 647 1463 est
672 1430 750 1462 talis
774 1429 810 1461 in
835 1428 904 1460 vita
929 1435 1081 1465 aeterna,

93 1489 227 1516 caetera
255 1482 372 1515 omnia
408 1488 553 1514 manent
580 1482 723 1519 eadem,
764 1480 897 1512 scilicet
945 1479 1081 1512 conses-

93 1535 165 1574 sio,
191 1534 383 1576 gratiarum
407 1534 517 1572 actio,
547 1531 773 1565 conformitas
792 1530 907 1564 cordis
924 1538 957 1563 et
981 1531 1081 1563 laeti-

94 1585 141 1618 tia
159 1585 195 1616 in
216 1583 303 1618 Deo.
359 1583 398 1616 ln
423 1581 477 1616 his
498 1583 582 1625 ipsis
604 1582 803 1615 actionibus
826 1593 898 1614 sese
922 1593 1082 1613 commu—
1108 1596 1111 1618 ς

95 1635 188 1668 nicat
217 1633 312 1668 Deus
336 1635 374 1666 in
398 1640 472 1667 tota
496 1634 724 1671 aeternitate,
766 1644 846 1665 cum
872 1632 939 1666 erit
962 1632 1082 1664 omnia
1109 1637 1111 1653 ¹

94 1687 132 1718 in
155 1686 332 1720 omnibus.

197 1735 375 1780 Scriptum
395 1742 444 1769 est
460 1736 567 1779 igitur
583 1732 698 1768 Oseae
714 1733 769 1769 4.:
798 1731 953 1767 Omnem
971 1733 1083 1765 auffer

94 1787 318 1833 iniquitatem
331 1814 339 1828 ‚
366 1794 401 1820 et
419 1787 565 1820 benefac
583 1786 706 1825 nobis,
733 1792 765 1818 et
782 1786 969 1818 reddemus
987 1784 1081 1817 vitu-

95 1840 147 1872 los
172 1839 348 1872 labiorum
370 1845 596 1875 nostrorum,
632 1837 667 1870 id
693 1843 762 1877 est,
797 1843 835 1870 tu
859 1834 1009 1875 Messia‚
1038 1836 1080 1867 da

94 1890 263 1924 beneficia
289 1890 383 1922 iuxta
411 1887 681 1933 promissionem
711 1897 829 1927 tuam,
876 1886 1023 1929 gratiam
1049 1893 1081 1919 et

95 1941 202 1974 vitam
237 1947 436 1980 aeternam,
486 1946 519 1972 et
552 1940 739 1972 reddemus
774 1937 964 1977 sacrificia,
1007 1948 1080 1969 non

97 1992 217 2035 signa,
253 1993 311 2025 sed
336 2003 415 2025 vera
440 1990 627 2030 sacrificia,
655 1989 891 2022 ministerium
918 1988 1081 2028 docendi,

98 2043 357 2075 invocationem
368 2069 377 2082 ,
391 2042 666 2083 consessionem,
682 2040 875 2083 gratiarum
894 2039 1080 2079 actionem,

98 2095 223 2126 laetam
247 2093 484 2126 obedientiam
501 2092 537 2124 in
555 2092 670 2124 corde.
722 2091 773 2126 Ita
798 2088 856 2123 hic
871 2089 1003 2123 Paulus
1025 2089 1081 2122 in-

99 2145 194 2190 quit:
224 2143 269 2178 Se
293 2144 486 2177 sacrificare
510 2141 745 2185 Evangelium
770 2139 922 2181 Christi,
955 2141 991 2173 id
1014 2147 1082 2181 est,

97 2196 257 2229 docendo
284 2202 458 2239 praestare
483 2192 557 2227 Deo
584 2205 705 2225 verum
733 2193 877 2226 cultum.
931 2190 978 2225 Et
999 2191 1083 2225 facit

97 2246 229 2280 Paulus
251 2253 461 2290 utrumque,
489 2245 563 2289 ipse
580 2244 682 2278 offert
700 2243 775 2278 Deo
799 2255 878 2277 cum
896 2244 1017 2283 docet,
1046 2243 1081 2276 id

100 2305 168 2337 est,
200 2297 353 2330 celebrat
375 2296 490 2329 Deum
516 2302 550 2329 et
575 2294 701 2328 tribuit
726 2295 758 2328 ei
780 2292 965 2329 honorem.

1141 461 1270 502 nitate,
1310 474 1383 494 non
1425 463 1574 497 offerant
1615 469 1865 503 commentitiis
1905 471 2126 514 numinibus,

1241 580 1296 614 Sit
1326 588 1442 614 autem
1477 578 1533 614 hic
1567 587 1660 614 totus
1692 582 1789 617 locus
1819 583 1919 620 Pauli
1949 591 2069 625 notior
2093 599 2126 627 et

1138 631 1280 673 gratior,
1306 632 1387 676 quia
1405 632 1647 665 testimonium
1668 640 1718 666 est
1736 635 1779 667 de
1794 636 1987 673 ministerio
2004 640 2126 676 Evan-

1138 682 1231 725 gelii.
1283 682 1444 716 Primum
1474 684 1675 716 consolatur
1697 685 1862 720 docentes
1885 695 1917 722 et
1941 690 2113 726 discentes

1139 734 1319 767 affirmans
1348 734 1483 777 placere
1499 733 1574 767 Deo
1595 732 1688 767 hunc
1711 735 1886 779 laborem,
1914 752 1991 774 cum
2009 721 2126 777 nomi:

1139 792 1243 818 netur
1268 785 1497 826 sacrificium,
1545 797 1612 830 qua
1644 787 1882 829 appellatione
1910 791 2126 834 significatur

1138 836 1342 869 excellentia
1368 848 1534 879 operum,
1570 838 1664 881 quod
1692 838 1855 874 videlicet
1878 853 1967 885 opus
1991 844 2035 878 sit
2059 845 2125 878 bo-

1138 899 1222 919 num
1240 886 1314 920 Deo
1334 888 1494 931 placens,
1529 895 1559 920 et
1579 887 1666 926 tale,
1701 901 1771 934 quo
1788 890 1920 926 iudicat
1937 892 2032 928 Deus
2056 897 2126 930 sibi

1137 935 1309 970 honorem
1334 939 1456 972 tribui.

1240 995 1321 1030 Huc
1358 999 1670 1030 accommodentur
1697 998 1804 1031 dicta:
1844 997 2047 1038 Offeremus
2071 1006 2125 1039 vi-

1136 1048 1228 1081 tulos
1254 1048 1444 1081 labiorum.
1502 1048 1606 1088 hem,
1640 1047 1764 1081 Esaiae
1789 1051 1867 1084 61.:
1904 1051 1977 1086 Vos
2001 1054 2124 1090 Sacer-

1137 1101 1235 1132 dotes
1263 1098 1408 1132 Domini
1440 1099 1674 1138 vocabimini,
1719 1100 1873 1134 ministri
1902 1100 1968 1136 Dei
2001 1108 2125 1141 nostri.

1137 1149 1183 1183 Et
1208 1150 1339 1185 Psalm.
1369 1151 1471 1184 118.:
1512 1149 1722 1182 Yoluntaria
1749 1151 1821 1183 oris
1847 1153 1932 1186 meis
1957 1156 2125 1201 benepla—

1136 1207 1237 1233 ceant
1256 1200 1338 1240 tibi,
1366 1201 1401 1233 id
1419 1207 1485 1241 est,
1513 1201 1678 1233 sacrificia
1701 1201 1851 1235 docendi
1870 1211 1903 1237 et
1922 1206 2112 1242 invocandi

1136 1250 1221 1284 item
1247 1251 1424 1291 discendi,
1462 1251 1600 1295 placent
1622 1251 1700 1286 tibi.
2115 1237 2124 1251 ²

1236 1308 1383 1343 Discant
1413 1317 1445 1343 et
1475 1310 1655 1343 auditores
1686 1320 1890 1346 reverenter
1920 1316 2050 1350 sentire
2080 1319 2122 1352 de

1135 1360 1331 1393 ministerio
1362 1359 1569 1402 Evangelii,
1619 1373 1698 1393 cum
1727 1360 1787 1395 has
1812 1363 1933 1398 laudes
1962 1368 2123 1411 audiunt,

1135 1411 1223 1444 sicut
1245 1423 1346 1452 saepe
1372 1419 1594 1455 praeceptum
1616 1418 1676 1447 est.
1716 1411 1763 1446 Et
1786 1414 1815 1448 1.
1834 1413 1992 1450 Thessal.
2011 1418 2045 1453 5.
2068 1422 2123 1453 di-

1136 1463 1245 1496 citur:
1291 1460 1368 1495 Oro
1395 1474 1456 1495 vos
1478 1463 1620 1502 fratres,
1661 1469 1698 1496 ut
1728 1464 1938 1500 excellenter
1968 1469 2123 1513 diligatis

1137 1525 1211 1553 eos,
1239 1513 1299 1558 qui
1321 1520 1485 1555 praesunt
1503 1513 1603 1546 vobis
1625 1513 1660 1546 in
1686 1511 1859 1556 Domino,
1887 1526 2032 1562 propter
2055 1523 2122 1554 mi-

1136 1564 1323 1596 nisterium
1348 1564 1517 1607 ipsorum.
1573 1564 1602 1596 1.
1629 1562 1788 1600 Timoth.
1813 1564 1866 1601 5,.·
1909 1568 2123 1616 Presbyteri,

1109 1623 1110 1631 ¹
1137 1615 1197 1659 qui
1229 1616 1318 1646 bene
1352 1621 1537 1658 praesunt,
1580 1615 1714 1657 duplici
1739 1612 1874 1650 honore
1897 1620 1995 1663 digni
2019 1631 2120 1665 sunt,

1137 1666 1323 1709 praecipue
1348 1666 1409 1710 qui
1438 1666 1602 1698 laborant
1626 1666 1663 1698 in
1689 1677 1850 1701 sermone
1881 1677 1914 1704 et
1949 1673 2121 1709 doctrina.

1136 1716 1298 1759 Duplici,
1319 1716 1436 1761 inquit
1449 1743 1457 1757 ‚
1474 1716 1510 1748 id
1529 1722 1595 1757 est,
1620 1719 1816 1752 reverentia
1834 1727 1866 1754 et
1884 1721 1988 1758 victu.
2013 1722 2121 1757 Com-

1137 1767 1302 1811 plectitur
1326 1775 1441 1800 autem
1465 1767 1578 1800 victus
1610 1768 1850 1803 defensionem
1872 1798 1882 1812 ‚
1921 1777 2119 1810 reverentia

1137 1830 1218 1851 vero
1243 1818 1482 1852 obedientiam
1507 1818 1543 1850 in
1572 1815 1646 1859 his,
1673 1831 1762 1863 quae
1778 1829 1860 1855 sunt
1884 1826 2026 1868 propria
2052 1828 2119 1860 mi-

1135 1869 1273 1902 nisterii
1300 1876 1443 1913 propter
1466 1867 1601 1910 Deum,
1628 1869 1684 1902 cui
1704 1867 1817 1905 honos
1841 1873 1995 1917 primum
2014 1878 2120 1911 debe-

1135 1927 1208 1953 tur:
1251 1928 1284 1954 et
1314 1932 1392 1953 cum
1420 1920 1620 1953 obedientia
1644 1921 1688 1954 sit
1712 1922 1900 1957 coniuncta
1927 1923 2118 1962 honorifica

1135 1971 1275 2016 opinio,
1326 1983 1415 2015 quae
1446 1971 1621 2015 intelligat
1651 1984 1715 2005 nos
1748 1974 1944 2009 ministerio
1976 1986 2120 2022 propter

1134 2021 1248 2056 Deum
1267 2022 1442 2056 subiectos
1461 2034 1551 2063 esse,
1579 2029 1611 2056 et
1628 2023 1770 2057 dilectio
1790 2031 1822 2059 et
1841 2027 2005 2063 voluntas
2020 2037 2120 2064 aute-

1134 2074 1249 2107 ferens
1273 2073 1509 2107 ministerium
1531 2073 1610 2107 aliis
1632 2075 1782 2118 negotiis
1805 2077 1909 2114 vitae.

1235 2141 1395 2175 Sciamus
1411 2148 1525 2174 autem
1543 2142 1765 2186 praecipuam
1784 2156 1922 2178 causam
1939 2157 2020 2188 esse,
2037 2160 2120 2192 pro-

1136 2200 1213 2238 pter
1231 2205 1336 2237 quam
1353 2192 1552 2226 doctrinam
1582 2199 1616 2226 et
1640 2194 1876 2227 ministerium
1896 2204 2035 2240 oportet
2056 2211 2120 2233 au-

1137 2244 1208 2278 diri
1231 2251 1263 2277 et
1287 2244 1509 2282 conservari,
1540 2244 1620 2289 quia
1648 2244 1698 2277 sic
1722 2242 1817 2277 Deus
1839 2247 1973 2290 colligit
1997 2246 2121 2284 Eccle-

1027 2293 1085 2328 Si·
1110 2326 1112 2348 ι
1139 2296 1244 2335 siam,
1281 2302 1315 2328 et
1334 2306 1407 2328 non
1424 2295 1545 2338 aliter,
1577 2295 1708 2328 scilicet
1738 2308 1820 2329 voce
1850 2304 1882 2330 et
1909 2299 2120 2341 cogitatione

100 2347 173 2381 mul
193 2356 307 2381 autem
331 2353 517 2392 praeparat
541 2346 627 2379 alias
649 2343 799 2386 hostias,
827 2345 860 2378 id
886 2352 954 2384 est,
983 2346 1085 2378 audi·
1110 2350 1113 2402 Jy
1138 2345 1259 2390 scripti
1282 2344 1487 2389 Evangelii,
1523 2357 1603 2379 cum
1634 2346 1778 2379 auditur
1800 2354 1862 2382 aut
1891 2349 2037 2395 legitur,
2081 2357 2121 2386 ut

101 2406 212 2438 tores,
249 2406 287 2432 ut
308 2397 348 2432 bi
372 2410 513 2444 quoque
543 2397 694 2430 offerant
723 2395 800 2430 Deo
830 2408 930 2429 veros
956 2397 1084 2430 cultus.
1111 2407 1112 2414 ¹
1138 2397 1244 2432 Rom.
1261 2397 1318 2431 10.
1338 2397 1484 2430 dicitur:
1512 2396 1702 2439 Quomodo
1727 2398 1868 2432 credent
1886 2399 1962 2434 sine
1978 2403 2121 2444 praedi-

103 2449 202 2483 Sicut
219 2450 289 2483 duo
312 2457 411 2483 erant
428 2449 542 2482 officia
567 2448 732 2481 distincta
750 2447 953 2482 Levitarum
972 2455 1004 2481 et
1020 2446 1086 2481 Sa-

104 2501 296 2535 cerdotum.
349 2501 494 2534 Levitae
517 2511 580 2533 ceu
604 2499 691 2532 lanii
709 2499 909 2532 mactabant
925 2499 1087 2543 pecudes,

103 2552 358 2595 praeparabant
390 2549 545 2591 hostias,
579 2549 784 2584 Sacerdotes
812 2557 928 2583 autem
961 2549 1086 2582 offere-

103 2603 201 2636 bant.
254 2601 356 2636 Nunc
380 2602 473 2635 idem
488 2601 620 2636 Paulus
637 2608 671 2635 et
686 2600 790 2635 offert
812 2601 906 2644 ipse,
933 2607 967 2634 et
987 2612 1088 2644 prae-

103 2659 205 2698 parat
223 2653 309 2686 alios
321 2680 331 2694 ,
366 2654 448 2697 quia
465 2664 551 2687 voce
572 2653 648 2686 eius
666 2652 727 2685 alii
745 2652 788 2686 ad
806 2650 921 2686 Deum
940 2663 1088 2685 conver-

162 2706 342 2739 mama.
368 2706 473 2740 Orssn.
512 2705 596 2737 Vox..
620 2705 698 2736 XV.

1139 2456 1252 2484 caute.
1304 2446 1408 2481 Item:
1449 2446 1683 2489 Evangelium
1713 2455 1762 2481 est
1788 2450 1943 2492 potentia
1974 2450 2042 2486 Dei
2076 2455 2121 2487 ad

1139 2500 1287 2533 salutem
1315 2499 1414 2532 omni
1437 2498 1604 2532 credenti·
1662 2500 1696 2533 2.
1722 2496 1885 2536 Corinth.
1906 2501 1959 2536 3.:
2000 2501 2121 2537 Evan-

1138 2551 1270 2594 gelium
1302 2556 1352 2583 est
1380 2549 1616 2582 ministerium
1647 2549 1810 2592 spiritus,
1849 2551 1885 2585 id
1911 2560 1982 2594 est,
2026 2553 2123 2588 Deus

1139 2609 1192 2636 est
1213 2601 1330 2634 efficax
1357 2600 1567 2643 cogitatione
1592 2597 1779 2644 Evangelii
1803 2603 1916 2636 auditi
1938 2611 1998 2637 aut
2030 2605 2122 2650 lecti,

1140 2659 1175 2687 et
1199 2650 1373 2686 convertit
1399 2652 1504 2684 corda
1522 2648 1559 2683 in
1576 2651 1788 2695 cogitatione
1806 2651 2001 2697 Evangelii.

1251 2700 1301 2735 66
