2415 2942
119 133 192 169 373
500 134 581 171 ΧΠ.

122 221 250 260 sancti,
278 220 321 254 de
338 230 399 254 sua
418 219 628 265 praesentia,
656 220 699 253 de
717 220 899 255 effectibus
913 218 1111 264 Evangelii,

119 274 162 306 de
188 284 305 312 cruce,
340 272 382 304 de
405 271 727 311 consolationibus,
762 283 851 316 quae
875 274 1109 316 opponendae

125 331 207 357 sunt
223 322 449 356 atrocissimis
467 322 682 360 terroribus,
715 322 843 366 quibus
867 324 1023 355 mundus
1049 324 1109 355 de-

128 375 198 407 lere
223 371 455 417 Evangelium
487 378 643 407 conatur.
705 371 808 405 Nune
836 372 874 406 fit
898 370 1110 417 apostrophe

121 426 165 458 ad
202 432 382 458 aeternum
407 430 558 468 patrem,
602 429 635 456 et
658 434 736 455 curn
761 422 805 455 sit
829 429 1001 466 postrema
1025 434 1106 467 pars

121 473 226 508 huius
242 474 440 515 concionis,
467 473 628 508 doctrina
653 479 687 506 et
711 470 1020 507 adhortationibus
1047 485 1105 506 su-

122 538 183 570 pra
201 525 372 562 recitatis,
401 537 495 558 nunc
519 523 682 557 adiicitur
704 523 908 565 gravissima
925 531 958 558 et
977 524 1108 557 dulcis—

123 576 209 609 sima
234 576 387 620 precatio
415 575 618 615 ediscenda,
652 579 686 607 et
711 584 812 618 saepe
839 585 964 618 magna
986 574 1106 609 inten-

122 628 219 661 tione
239 627 348 660 animi
366 626 560 669 cogitanda.

220 693 379 727 Primum
395 699 508 726 autem
528 692 570 725 de
587 692 699 736 seipso
717 698 901 737 precatur,
926 699 1045 740 postea
1063 692 1106 726 de

121 751 193 778 tota
210 743 385 784 Ecclesia,
412 751 444 777 et
460 744 502 776 de
522 740 586 776 hac
609 744 696 787 petit
721 749 873 788 quatuor
896 755 950 776 res
975 743 1108 786 praeci-

120 807 206 840 puas
225 793 409 828 Ecclesiae.
460 792 775 827 Conservationem
793 806 894 827 verae
913 795 1106 835 doctrinae,

120 847 342 879 concordiam
360 844 550 885 Ecclesiae,
572 845 843 888 applicationem
871 844 925 878 sui
938 845 1107 886 sacrificii,

120 903 153 930 et
169 897 333 929 ultimum
352 908 390 929 ac
407 907 582 928 summum
601 897 755 936 bonum,
782 902 822 929 ut
844 893 1000 928 Ecclesia
1026 908 1105 928 cum

119 945 259 980 Christo
279 953 441 986 ornetur,
469 946 537 979 vita
551 971 559 984 ,
588 946 740 986 laetitia,
770 953 801 980 et
819 946 930 989 gloria
953 953 1105 981 aeterna.

220 1013 328 1047 Multi
345 1013 484 1058 profani
502 1025 580 1046 cum
604 1013 725 1056 legunt
747 1011 810 1046 has
835 1013 1022 1046 conciones
1045 1019 1105 1046 aut

119 1065 355 1109 precationes,
387 1070 511 1108 putant
533 1075 624 1104 esse,
654 1071 692 1097 ut
718 1061 873 1096 hominis
897 1065 1104 1108 perturbati,
1127 1101 1128 1104 Ἴ

118 1117 239 1149 inanes
258 1115 427 1160 querelas,

117 1169 177 1201 det
193 1174 292 1200 antea
311 1167 354 1198 de
373 1165 535 1197 maximis
553 1167 656 1198 rebus
676 1165 872 1198 doctrinam
898 1176 970 1198 esse
994 1166 1105 1199 tradi-

117 1226 202 1255 tam,
229 1215 335 1250 ethic
351 1216 506 1258 agnoscit
524 1216 593 1258 peti
611 1215 794 1259 praecipua
813 1218 904 1248 dona
924 1228 1012 1260 quae
1030 1228 1104 1249 ma-

117 1269 210 1302 xime
226 1267 418 1300 necessaria
437 1273 519 1299 sunt
536 1265 722 1299 Ecclesiae.

118 1320 212 1352 riens
234 1318 330 1350 aliud
356 1323 505 1360 peteret,
541 1328 645 1361 quam
669 1317 800 1349 servari
825 1317 1010 1360 puritatem
1038 1317 1102 1349 do-

120 1369 252 1402 ctrinae
269 1367 427 1400 coelestis
450 1367 485 1398 in
507 1364 571 1399 bac
590 1365 744 1399 Ecclesia
761 1379 864 1411 quam
890 1374 1041 1407 rexerat,
1069 1374 1103 1400 et

119 1418 343 1452 concordiam
370 1428 451 1450 suae
476 1417 700 1461 posteritatis.

116 1520 232 1558 addit,
267 1531 352 1564 quas
379 1519 521 1563 proprie
544 1518 658 1562 ipsum
679 1516 861 1552 Christum
886 1520 1099 1553 sacerdotem

116 1630 154 1655 ut
171 1619 236 1654 hoc
255 1632 355 1654 suum
374 1620 586 1653 sacrificium
607 1632 669 1663 pro
692 1620 856 1654 universa
872 1620 1028 1654 Ecclesia
1045 1633 1100 1654 re-

115 1723 211 1756 Haec
241 1733 374 1754 summa
405 1721 614 1764 precationis
651 1721 806 1764 primum
831 1722 983 1754 breviter
1007 1723 1101 1766 cogi-

116 1774 222 1808 tanda
241 1779 308 1812 est,
336 1771 463 1804 deinde
479 1772 635 1803 membra
655 1772 778 1804 ordine
793 1772 1020 1815 aspiciantur.

220 1839 405 1882 Quaerunt
421 1845 535 1871 autem
553 1838 661 1883 aliqui
681 1851 742 1871 cur
761 1836 921 1872 Christus
939 1837 1024 1873 haec
1040 1852 1099 1884 pe—

115 1900 182 1932 tat,
216 1902 295 1923 cum
326 1890 411 1922 alibi
438 1889 548 1927 dicat,
585 1889 736 1931 seipsum
761 1890 1001 1932 depositurum
1028 1902 1100 1923 esse
1122 1925 1123 1930 ¹

115 1944 265 1976 animam
286 1952 401 1979 suam,
428 1946 460 1973 et
483 1950 604 1971 rursus
621 1947 817 1973 sumturum
836 1952 931 1979 eam,
961 1954 1022 1975 cur
1040 1953 1099 1984 pe-

114 1995 177 2034 tit,
201 1992 295 2038 quod
314 1991 351 2024 in
368 2002 428 2024 sua
447 1996 614 2033 potestate
631 1990 704 2024 est?
757 1990 894 2024 Deinde
912 2003 990 2025 cum
1014 1993 1097 2025 sciat

117 2052 278 2078 eventum
293 2069 301 2082 ,
337 2054 398 2074 cur
420 2052 515 2074 nunc
539 2041 698 2083 angitur,
726 2042 824 2086 quasi
850 2041 886 2074 in
907 2054 942 2075 re
965 2043 1098 2076 dubia?

117 2095 190 2128 Has
206 2093 425 2138 quaestiones
443 2092 574 2125 invitus
598 2092 745 2135 attingo.
799 2090 979 2127 Oriuntur
1003 2095 1096 2126 enim

121 2148 165 2178 ab
183 2144 303 2178 otiosis
322 2149 353 2176 et
372 2142 526 2186 profanis
550 2143 745 2181 mentibus,
781 2145 839 2176 sed
866 2144 1020 2178 breviter
1042 2156 1097 2177 re-

117 2196 310 2240 spondebo.
368 2193 424 2226 Ad
451 2193 613 2236 primam:
656 2194 835 2237 Tempora
866 2195 1099 2228 discernenda

117 2253 198 2281 sunt
222 2247 258 2278 in
279 2243 424 2277 historia
442 2241 584 2277 Christi.
642 2243 721 2277 Hoc
746 2251 902 2290 tempore
928 2246 1099 2288 passionis

117 2305 241 2331 natura
261 2295 381 2329 divina
398 2295 435 2327 in
457 2307 496 2327 eo
514 2294 666 2339 quievit,
691 2301 730 2328 ut
748 2295 906 2340 loquitur
924 2296 1100 2337 Irenaeus,

118 2358 150 2382 et
168 2349 240 2392 ipse
258 2358 337 2379 vere
354 2345 519 2379 sustinuit
537 2357 609 2378 non
628 2346 732 2378 modo
759 2348 953 2380 naturalem
976 2348 1100 2381 mortis

119 2407 248 2432 metum
262 2425 270 2437 ,
298 2403 330 2430 et
346 2397 432 2430 alios
449 2397 617 2441 quosdam
636 2397 787 2437 doloreS,
814 2399 906 2442 quod
928 2399 1101 2442 praevidit

121 2450 230 2493 gentis
253 2448 414 2482 Iudaicae
441 2448 642 2488 interitum,
683 2448 766 2481 item
790 2450 884 2492 quod
912 2450 1001 2483 vidit
1025 2462 1100 2482 ma-

122 2512 223 2543 gnam
242 2506 373 2543 partem
395 2499 531 2542 generis
550 2496 697 2531 humani
720 2500 899 2533 cumulare
917 2500 1004 2533 iram
1024 2500 1101 2541 Dei,

122 2557 295 2584 contemto
319 2548 384 2583 hoc
405 2557 502 2582 tanto
541 2550 730 2590 beneficio,
772 2551 901 2584 scilicet
934 2552 1101 2585 sacrificio

121 2603 181 2634 filii
202 2600 284 2639 Dei,
311 2602 367 2633 sed
395 2601 498 2633 etiam
528 2601 635 2633 alium
661 2602 766 2644 longe
797 2602 965 2634 maiorem
991 2609 1023 2636 et
1046 2603 1102 2635 in-

123 2652 353 2685 enarrabilem
372 2652 548 2692 dolorem,
581 2652 674 2696 quod
701 2646 861 2686 videlieet
886 2654 992 2687 sensit
1014 2654 1102 2687 iram

121 2702 185 2737 Dei
217 2703 381 2736 adversus
411 2710 547 2746 peccata
578 2703 713 2745 generis
745 2701 910 2743 humani,
951 2717 1039 2749 quae
1066 2705 1103 2737 in

635 132 933 171 ENARRATIO
963 135 1012 171 IN
1038 133 1221 173 EVANG.
1249 132 1460 172 lOANNIS.
1519 135 1626 173 CAP.
1653 137 1770 174 XVII.

480 1114 547 1148 Sed
569 1116 647 1158 pius
674 1122 706 1148 et
730 1121 883 1148 attentus
914 1115 1023 1148 lector
1050 1115 1104 1148 vi-
1126 1126 1128 1136 ¹

776 1265 872 1308 Quid
892 1266 1009 1299 David
1029 1279 1103 1299 mo-
1125 1287 1127 1291 .

768 1416 843 1450 Hos
867 1429 994 1450 nervos
1015 1418 1101 1450 boni
1123 1449 1124 1454 ,

117 1477 226 1503 status
244 1469 281 1501 in
302 1466 366 1501 hac
384 1468 454 1501 vita
474 1475 506 1500 et
526 1466 686 1501 Christus
710 1468 814 1511 petit,
843 1469 901 1501 sed
927 1469 1013 1501 duas
1045 1480 1100 1501 res
1122 1459 1124 1499 l
1148 1452 1306 1485 lamnam
1327 1455 1520 1496 Oppre⁵⁵i³²
1556 1462 1588 1488 et
1614 1464 1750 1489 ¹¹⁰Sts³⁵
1776 1470 1893 1501 preces
1918 1460 2073 1503 perferre
2092 1461 2136 1492 fid

116 1672 284 1715 cipiatur‚
319 1678 352 1704 et
377 1678 415 1703 ut
439 1671 503 1703 toti
523 1669 697 1703 Ecclesiae
726 1672 829 1704 detur
853 1671 923 1704 vita
949 1679 1101 1707 aeterna.
1121 1662 1124 1692 l

2077 142 2154 180 374

1166 220 1573 266 ipsum-effundebatur,
1600 223 1648 257 sic
1667 224 1766 270 quasi
1791 223 1864 270 ipse
1880 235 1953 260 sese
1970 227 2152 271 polluisset

1164 271 1269 311 meis,
1298 272 1386 311 tuis,
1414 273 1581 314 Davidis,
1615 281 1648 309 et
1670 276 1828 309 omnium
1852 276 2043 312 electorum
2071 291 2151 323 pec-

1163 322 1265 360 catis,
1294 322 1400 357 iacuit
1427 336 1545 357 coram
1565 324 1659 367 Deo,
1693 327 1846 361 sentiens
1870 327 1958 362 iram
1982 330 2150 364 adversus

1164 378 1315 415 peccata.

1263 437 1359 472 Haec
1385 439 1521 473 etiamsi
1545 448 1627 475 sunt
1649 442 1920 486 inenarrabilia,
1954 452 2072 480 tamen
2097 446 2147 481 si-

1162 489 1322 532 gnificata
1341 497 1423 523 sunt
1447 491 1729 536 aliquantulum,
1756 507 1834 528 cum
1857 497 2002 531 dicitur:
2040 497 2148 531 Chri-

1161 547 1252 573 stum
1269 541 1399 574 factum
1417 553 1488 574 esse
1505 543 1742 578 maledictum.
1783 545 1868 578 ltem
1880 573 1890 588 ,
1915 548 2033 591 posuit
2050 547 2147 582 Deus

1160 590 1197 622 in
1215 602 1254 623 eo
1270 591 1473 636 iniquitates
1500 593 1659 626 omnium
1685 602 1863 637 nostrum,
1896 608 1960 630 nec
1982 605 2145 641 putemus

1160 638 1243 674 haec
1261 642 1368 675 fuisse
1385 642 1563 684 simulata,
1591 645 1665 677 veri
1689 653 1721 679 et
1738 647 1896 689 ingentes
1913 648 2052 683 dolores
2068 649 2145 682 fue-

1159 699 1262 732 runt,
1298 704 1385 737 quos
1409 693 1597 733 sustinuit,
1633 702 1671 729 ut
1694 704 1794 730 antea
1817 698 1908 739 dixi,
1944 699 2143 743 quiescente

1159 743 1278 775 divina
1298 751 1442 782 natura,
1478 751 1511 777 et
1539 745 1727 780 obediente
1752 754 1894 781 aeterno
1918 749 2027 792 patri,
2054 757 2087 783 et
2106 750 2143 783 in

1159 790 1226 826 hoc
1253 794 1327 837 ipso
1352 794 1520 828 sacrificio
1547 794 1707 830 Christus
1727 798 1771 831 sit
1795 800 1951 842 pontifex
1968 799 2143 834 Ecclesiae

1157 845 1341 878 universae
1367 845 1571 881 electorum.
1625 847 1716 882 Tota
1732 847 1888 883 Ecclesia
1914 851 2062 884 sustinet
2086 852 2142 884 in-

1156 901 1274 937 gentes
1290 895 1440 937 dolores,
1466 897 1525 929 sed
1543 908 1699 931 summus
1717 901 1877 934 sacerdos
1888 899 2049 935 Christus
2066 913 2142 935 sus-

1155 946 1243 979 tinet
1269 946 1436 987 maiores,
1471 955 1502 980 et
1520 948 1636 982 incoat
1655 951 1889 993 precationem
1904 979 1913 992 ‚
1940 961 1978 987 ut
2003 960 2036 985 et
2057 953 2142 986 reli-

1155 1009 1222 1041 qua
1237 996 1390 1030 Ecclesia
1411 998 1549 1031 invocet
1565 1006 1597 1032 et
1614 1002 1829 1035 exaudiatur.
1884 1002 1979 1036 Haec
2004 1004 2139 1036 descri-

1127 1058 1128 1070 ἒ
1155 1054 1211 1090 pta
1230 1055 1357 1081 suntet
1376 1048 1412 1080 in
1429 1047 1588 1092 Epistola
1606 1051 1648 1083 ad
1669 1051 1841 1085 Ebraeos:
1870 1052 1950 1086 Non
1970 1052 2139 1087 habemus

1126 1098 1374 1142 1ροῐιῐὶῆεειῃ,
1424 1100 1484 1144 qui
1518 1112 1591 1133 non
1619 1103 1724 1144 possit
1758 1104 1909 1146 compati
1943 1104 2141 1138 infirmitati

1159 1155 1318 1190 nostrae,
1346 1150 1403 1182 sed
1423 1156 1595 1184 tentatum
1614 1164 1674 1194 per
1687 1153 1805 1185 omnia
1825 1155 2018 1187 secundum
2040 1155 2140 1187 simi-

1125 1201 1128 1232 l
1153 1200 1341 1232 litudinem
1368 1200 1442 1232 sine
1474 1207 1622 1244 peccato.
1689 1202 1836 1245 Quoties
1870 1205 1977 1247 igitur
2004 1212 2140 1239 nostras

1153 1250 1369 1293 precationes
1388 1251 1593 1294 incipimus,
1626 1254 1817 1296 cogitemus
1842 1252 1937 1288 hunc
1961 1268 2137 1290 summum

1152 1302 1366 1334 sacerdotem
1383 1301 1494 1333 filium
1511 1301 1591 1342 Dei,
1617 1311 1764 1337 stantem
1782 1318 1899 1338 coram
1916 1313 2057 1340 aeterno
2077 1319 2138 1351 pa-

1151 1358 1222 1391 tre,
1250 1363 1330 1383 vere
1346 1351 1434 1384 affici
1460 1359 1580 1385 nostro
1604 1354 1743 1394 dolore,
1779 1367 1916 1398 gemere
1941 1358 2136 1399 nobiscum,

1150 1408 1189 1434 ut
1207 1408 1304 1445 pater
1322 1398 1565 1450 φιλόστοργος
1583 1406 1688 1447 gemit
1704 1418 1782 1438 cum
1802 1408 1923 1440 liberis
1939 1420 2062 1451 magna
2079 1421 2136 1441 ca-

1148 1510 1328 1536 aeternum
1356 1511 1501 1547 patrem.
1562 1504 1656 1540 Haec
1681 1515 1772 1541 certe
1800 1509 1893 1542 inter
1922 1512 2135 1554 precandum

116 1579 147 1605 et
166 1578 322 1604 autorem
346 1570 437 1602 vitae
462 1576 622 1603 aeternae
650 1576 764 1613 petere
786 1570 902 1609 decet,
937 1570 1101 1604 videlicet
1121 1573 1122 1589 ³
1148 1555 1333 1597 cogstanda
1352 1562 1456 1594 sunt’
1485 1562 1548 1589 etc·

1251 1619 1307 1653 Ad
1339 1622 1528 1654 secundam
1556 1624 1797 1667 quaestionem
1829 1627 1967 1661 facilior
1999 1635 2048 1662 est
2080 1641 2136 1662 re-

1150 1672 1311 1720 sponsio,
1338 1673 1471 1705 etiamsi
1489 1673 1553 1707 scit
1572 1682 1734 1707 eventum
1753 1674 1926 1717 Christus,
1954 1687 2070 1713 tamen
2087 1681 2135 1712 si-

1149 1723 1223 1755 mul
1247 1729 1279 1755 et
1296 1722 1533 1756 infirmitatem
1550 1736 1646 1757 suam
1665 1727 1781 1767 novit,
1807 1735 1837 1761 et
1856 1741 1925 1773 quo
1949 1730 2062 1763 maior
2085 1737 2134 1765 est

1122 1770 1124 1820 ξ
1150 1774 1340 1817 sapientia,
1368 1786 1406 1806 eo
1425 1775 1533 1817 magis
1556 1776 1742 1819 intelligit,
1780 1787 1910 1822 quanta
1939 1792 1992 1813 res
2014 1781 2058 1815 sit
2082 1782 2134 1814 ira

1122 1830 1124 1865 ξ
1147 1823 1234 1864 Dei,
1263 1831 1295 1857 et
1319 1825 1418 1858 novit
1441 1837 1515 1857 eam
1541 1827 1706 1860 sustineri
1742 1829 1817 1862 sine
1849 1831 1971 1863 divino
2001 1832 2130 1865 auxilio

1122 1874 1220 1907 'non
1259 1887 1368 1918 posse.
1438 1874 1521 1908 Ideo
1558 1885 1590 1911 et
1617 1878 1788 1912 auxilium
1821 1888 1853 1914 et
1887 1882 2133 1916 liberationem

1148 1926 1243 1969 petit.

1121 1970 1123 1999 l

1120 2008 1124 2068 l
1367 2017 1538 2054 Sublatis
1569 2019 1684 2055 oculis
1710 2021 1748 2055 ιή
1775 2022 1919 2058 coelum.

1120 2071 1123 2102 l

1120 2109 1122 2123 ι
1252 2095 1400 2129 Incoans
1417 2098 1671 2140 precationem,
1699 2100 1818 2133 oculos
1841 2101 1876 2133 in
1901 2101 2036 2135 coelum
2061 2103 2131 2136 tol-

1120 2150 1122 2183 }
1146 2147 1198 2182 lit.
1251 2145 1318 2180 Hic
1336 2147 1408 2191 ipse
1424 2156 1539 2190 gestus
1557 2149 1750 2192 singulares
1774 2158 1805 2184 et
1834 2153 1991 2195 ingentes
2014 2161 2130 2187 motus

1120 2197 1123 2219 t
1147 2198 1297 2242 pectoris
1314 2205 1346 2231 et
1364 2199 1472 2231 animi
1490 2200 1672 2242 significat.
1702 2200 1837 2234 Deinde
1857 2205 2014 2247 sequitur
2032 2216 2129 2236 com-

1147 2249 1308 2293 pellatio:
1334 2248 1448 2282 Pater.
1500 2249 1594 2283 Haec
1613 2252 1685 2294 ipsa
1704 2264 1769 2284 vox
1787 2253 1880 2286 testis
1899 2254 2011 2287 mutui
2030 2266 2130 2288 amo-

1147 2300 1196 2333 ris
1213 2300 1304 2333 inter
1322 2300 1432 2334 filium
1449 2307 1480 2334 et
1498 2308 1631 2344 patrem
1645 2329 1652 2342 ‚
1680 2302 1745 2335 ciet
1771 2302 1806 2335 in
1828 2312 1977 2349 utroque
2002 2307 2130 2339 arden-

1147 2358 1197 2384 tes
1214 2350 1370 2384 affectus.
1425 2351 1546 2385 Postea
1570 2352 1729 2396 sequitur
1754 2355 1942 2398 descriptio
1961 2356 2127 2398 periculi:

1148 2401 1255 2434 Venit
1273 2399 1377 2442 hora,
1405 2403 1439 2435 id
1463 2409 1530 2442 est,
1558 2402 1626 2435 iam
1646 2404 1750 2436 instat
1769 2416 1858 2448 agon
1875 2407 2033 2439 omnium
2055 2420 2130 2440 ma-

1147 2453 1280 2493 ximus,
1314 2454 1453 2497 qualem
1479 2465 1581 2486 nemo
1602 2460 1739 2497 patrum
1765 2457 1949 2497 sustinuit,
1982 2458 2069 2491 sicut
2093 2459 2130 2491 in

1150 2502 1288 2536 Psalmo
1307 2504 1478 2537 clamitat:
1509 2503 1549 2536 ln
1567 2510 1598 2536 te
1619 2514 1844 2548 speraverunt
1871 2516 1982 2550 patres
2005 2510 2128 2546 nostri,

1150 2562 1376 2598 speraverunt
1397 2562 1427 2588 et
1444 2555 1598 2587 liberasti
1622 2566 1690 2588 eos,
1732 2554 1807 2599 Ego
1827 2565 1941 2592 autem
1960 2571 2035 2592 sum
2053 2572 2131 2592 ver-

1125 2642 1126 2650 *
1151 2605 1216 2638 m'is
1232 2612 1263 2638 et
1286 2617 1358 2637 non
1387 2603 1511 2644 horno,
1545 2607 1774 2649 opprobrium
1804 2607 1988 2642 hominum
2015 2617 2046 2644 et
2070 2612 2131 2643 ab·

1124 2654 1128 2690 l
1152 2656 1254 2688 iectio
1274 2656 1398 2700 plebis.
1451 2654 1617 2689 Glorifica
1635 2657 1744 2689 filium
1763 2666 1882 2699 tuum,
1910 2660 1944 2693 id
1962 2668 2031 2703 est,
2059 2673 2132 2693 non

1126 2731 1131 2756 ι
1154 2707 1246 2739 sinas
1277 2718 1331 2739 me
1361 2707 1585 2740 succumbere
1609 2708 1645 2740 in
1669 2706 1734 2741 hoc
1760 2721 1886 2752 agone,
1922 2712 1981 2744 sed
2005 2712 2132 2746 adiuva

1448 2755 1498 2790 24
1513 2756 1529 2772 *
