2415 2942
125 100 224 141 109⁷

301 100 402 138 XIII.
452 100 489 138 42.
514 99 855 140 COMMENTAR.
881 100 933 138 IN
957 100 1110 139 EPIST.
1136 98 1284 137 PAULI
1310 98 1378 137 AD
1403 99 1730 142 CORINTHIOS.
1784 103 1890 143 CAP.
1918 106 1965 143 X.

2058 109 2153 145 1098

121 188 234 235 aliqui
253 187 342 234 lapsi
367 200 488 223 rursus
512 195 788 230 convertuntur,
814 194 855 222 ut
871 186 1013 231 Aaron,
1041 188 1113 223 Da-
1166 187 1281 232 lapsos
1297 200 1370 222 non
1386 189 1558 234 placuisse
1575 189 1671 233 Deo,
1697 191 1828 228 scilicet
1850 200 1995 238 propter
2012 194 2150 235 delicta,

120 241 200 275 vid:
227 239 339 286 aliqui
363 240 451 285 lapsi
482 247 647 285 pereunt,
674 247 714 275 ut
739 239 845 280 Saul,
873 237 1008 280 Chore,
1036 239 1110 274 Da-

119 289 208 327 than
235 299 268 325 et
293 291 367 327 alii.
426 291 530 326 Hanc
558 291 747 336 imaginem
777 289 955 326 Ecclesiae
984 292 1110 327 veteris

120 343 198 377 vult
220 354 287 376 nos
310 342 455 378 intueri.

220 392 317 427 Hinc
331 394 433 429 tertio
458 394 626 428 discimus
641 405 722 427 vere
737 393 983 428 reconciliatos
1007 406 1108 439 posse

118 444 214 486 labi,
239 452 272 479 et
292 456 414 478 rursus
431 447 591 479 amittere
615 444 788 489 Spiritum
811 452 968 478 sanctum
983 471 991 486 ‚
1028 458 1108 489 gra—

117 496 204 530 tiam
222 502 255 530 et
271 496 375 529 fidem
389 522 399 537 ,
426 497 508 541 quia
528 495 585 530 hic
600 496 692 529 clare
709 495 806 535 dicit,
834 493 972 530 Omnes
989 497 1105 541 bapti-

117 553 213 580 zatos
234 558 324 588 esse,
358 547 395 580 id
420 554 490 589 est,
527 554 685 591 receptos
708 547 859 581 externis
882 548 1105 590 testimoniis,

116 599 213 631 nube
229 605 366 642 tegente
381 599 567 646 populum,
583 605 615 631 et
631 598 739 631 undis
756 598 930 632 stantibus
947 598 983 631 in
1002 599 1104 633 mari.

117 647 214 682 Haec
238 649 408 683 miracula
437 649 581 683 fuerunt
610 655 846 689 sacramenta,
883 649 1104 684 testificantia

115 698 212 734 hunc
231 701 400 744 populum
426 700 545 745 recipi.
596 700 646 735 Et
662 699 795 734 Paulus
819 706 1000 746 utrunque
1022 701 1104 735 facit

116 758 240 797 typum
267 751 444 795 baptismi.

216 810 322 854 Quod
347 818 462 845 autem
484 808 618 855 inquit:
661 809 702 844 In
730 810 884 856 Moysen
908 811 1103 856 baptizatos

113 873 205 901 esse,
247 862 486 905 intelligatur,
525 861 722 895 ministerio
756 861 875 908 Moysi
908 863 1102 907 baptizatos

114 924 206 954 esse,
229 913 310 958 quia
334 924 473 946 necesse
496 919 545 945 est
562 912 669 953 scire,
696 912 877 955 Verbum,
903 916 997 959 quod
1023 927 1100 947 am-

111 963 315 1008 plectimur,
343 964 464 996 divina
484 963 674 998 autoritate
692 965 862 999 traditum
882 977 966 1001 esse.
1016 964 1100 999 ldeo

110 1015 317 1048 nominatur
334 1015 370 1048 in
388 1027 426 1048 ea
443 1012 598 1048 Ecclesia
617 1014 759 1062 Moyses
771 1043 781 1057 ,
814 1016 876 1062 qui
899 1016 1099 1051 illustribus

112 1066 322 1100 testimoniis
345 1073 490 1100 vocatus
514 1073 599 1100 erat.

209 1124 256 1161 Et
276 1136 399 1160 omnes
425 1126 576 1159 eundem
602 1124 721 1159 cibum
745 1127 966 1171 spiritualem
995 1140 1097 1161 man-

107 1178 310 1219 ducarunt,
360 1183 394 1211 et
428 1177 580 1211 eundem
621 1183 745 1221 potum
783 1178 1006 1223 spiritualem
1039 1180 1097 1214 bi·

105 1229 246 1263 berunt.

208 1278 276 1312 Hic
317 1279 409 1312 clare
443 1278 596 1312 affirmat
637 1280 818 1315 credentes
860 1281 897 1313 in
939 1279 1094 1315 Ecclesia

108 1329 225 1375 Moysi
247 1342 326 1363 vere
344 1330 589 1362 reconciliatos
608 1341 700 1369 esse,
728 1337 761 1364 et
777 1342 794 1363 a
811 1331 948 1374 Spiritu
973 1340 1092 1366 sancto

104 1387 257 1414 renatos.
311 1379 567 1423 Interpretatur
601 1381 696 1412 enim
729 1389 876 1424 potum:
918 1382 1093 1418 Biberunt

105 1443 147 1464 ex
172 1431 347 1475 spirituali
377 1431 568 1464 comitante
593 1443 651 1464 eos
678 1430 798 1472 Petra,
840 1433 940 1467 Petra
973 1441 1089 1468 autem

104 1489 178 1516 erat
204 1480 374 1516 Christus.
428 1480 496 1515 Hic
521 1482 693 1525 affirmat,
722 1483 833 1517 filium
860 1483 924 1517 Dei
950 1485 1090 1519 affuisse

104 1533 250 1577 popuIO,
278 1540 312 1566 et
332 1532 469 1566 dedisse
486 1540 628 1576 potum,
656 1546 729 1566 non
748 1536 853 1569 modo
872 1537 1090 1580 corporibus,

102 1584 271 1618 fluentem
290 1595 329 1616 ex
346 1595 451 1626 rupe,
467 1584 527 1616 sed
542 1584 645 1617 etiam
665 1585 842 1619 mentibus
859 1588 1090 1630 spiritualem,

103 1634 235 1668 scilicet
252 1633 425 1677 Spiritum
442 1641 613 1668 sanctum.
657 1632 830 1677 Expresse
847 1638 941 1670 enim
959 1638 1087 1683 inquit,

103 1684 243 1719 Petram
261 1697 330 1719 una
353 1692 494 1719 euntem
520 1685 626 1718 fuisse
647 1683 841 1722 Christum.
893 1687 971 1722 Hoc
993 1690 1090 1723 testi-

99 1736 263 1770 monium
289 1748 428 1769 necesse
453 1742 503 1768 est
527 1736 747 1775 meminisse,
774 1745 813 1771 ut
830 1739 979 1773 sciamus
998 1752 1087 1773 sem·

101 1799 165 1832 per
181 1786 359 1821 Ecclesiae
380 1786 597 1826 interfuisse,
626 1787 810 1827 interesse,
839 1797 872 1823 et
897 1791 1087 1825 interfutu—

100 1850 180 1872 rum
198 1850 270 1872 esse
288 1837 401 1872 filium
420 1837 503 1876 Dei,
531 1838 621 1872 sicut
645 1838 718 1881 ipse
740 1840 843 1874 dicit:
871 1840 974 1875 Pater
989 1855 1087 1876 mnus

96 1900 208 1934 usque
221 1890 329 1922 modo
347 1895 532 1933 operatur,
560 1896 592 1922 et
606 1900 669 1932 ego
683 1901 819 1934 operor.
873 1891 978 1926 Item:
1004 1892 1085 1926 Ma-

97 1953 165 1974 neo
184 1940 367 1974 vobiscum
392 1951 504 1985 usque
530 1940 571 1972 ad
599 1943 940 1976 consummationem
966 1945 1085 1978 seculi.

95 1991 264 2026 Nominat
290 1998 406 2025 autem
435 2003 513 2023 eum
540 1990 698 2032 Petram,
740 1993 902 2028 alludens
928 1997 969 2028 ad
1005 1996 1083 2039 iuga

96 2043 291 2082 montium,
326 2043 369 2075 ad
386 2055 475 2087 quae
493 2042 559 2075 iter
580 2043 758 2082 fecerunt,
795 2057 834 2077 ex
860 2046 989 2090 quibus
1013 2047 1081 2079 flu-

97 2105 180 2125 men
197 2105 306 2137 aquae
329 2093 461 2137 erupit,
489 2093 564 2135 ipso
584 2092 713 2126 Blessia
735 2095 904 2129 fundente
923 2109 983 2131 eos
1004 2098 1084 2130 son-

96 2150 169 2185 tes,
199 2144 259 2188 qui
281 2145 410 2177 aderat.
464 2142 525 2176 Est
548 2150 664 2176 autem
689 2143 851 2180 Christus
874 2160 979 2191 rupes
1001 2149 1083 2181 fun-

94 2196 182 2228 dens
198 2196 331 2237 fontes,
358 2195 487 2241 quibus
505 2195 667 2229 redditur
682 2197 784 2231 nobis
802 2199 872 2233 vita
890 2206 1041 2233 aeterna.

89 2294 207 2332 Ἀλλὰ
244 2295 313 2332 οὐκ
349 2296 390 2331 ἓν
419 2297 496 2335 τοῖς
528 2294 692 2331 πλείοσιν
726 2295 853 2333 αὐτῶν
884 2297 1084 2346 εὐδόκησεν

93 2346 113 2383 ὅ
140 2346 238 2388 θεὸς.
291 2346 369 2382 Sed
390 2359 463 2381 non
499 2347 538 2379 in
560 2346 732 2393 pluribus
756 2360 878 2384 eorum
909 2351 1081 2399 benepla-

422 2398 533 2432 citum
561 2404 638 2432 erat
666 2397 760 2436 Deo.

191 2483 281 2518 Cum
299 2492 400 2518 autea
419 2485 573 2525 dixisset,
589 2493 745 2530 receptos
761 2497 834 2519 esse
851 2499 984 2529 omnes,
1014 2489 1082 2521 sci-

92 2536 172 2570 licet
196 2538 393 2576 credentes,
423 2549 501 2570 cum
525 2537 585 2569 illa
605 2537 761 2580 ingentia
786 2538 957 2572 miracula
982 2537 1082 2573 exhi-

91 2587 164 2620 bita
187 2596 317 2626 essent,
353 2587 481 2632 quibus
506 2587 600 2621 Deus
630 2587 834 2623 testificatus
859 2590 972 2623 fuerat
997 2603 1080 2624 vere

89 2635 184 2671 hunc
209 2639 378 2681 populum
398 2637 586 2671 Ecclesiam
605 2651 704 2674 suam
721 2652 803 2675 esse.
858 2640 961 2674 Nunc
978 2642 1077 2675 addit

86 2689 232 2724 alteram
267 2690 475 2724 senteutiam
509 2691 553 2724 de
586 2690 713 2736 lapsis,
757 2692 900 2734 multos,
941 2693 1072 2728 scilicet

1164 251 1253 283 quae
1278 247 1395 283 postea
1417 248 1532 275 secuta
1553 248 1653 284 sunt,
1679 248 1718 277 ut
1741 244 1907 291 deinceps
1931 244 2063 281 Paulus
2082 247 2148 280 rde-

1162 289 1243 324 licta
1269 292 1442 335 quaedam
1468 293 1602 329 recitat.

1260 339 1309 374 At
1350 341 1488 389 phrasis
1521 344 1728 389 simpliciter
1761 346 1996 391 intelligatur:
2037 347 2146 382 Multi

1160 391 1418 435 displicuerunt
1433 392 1531 438 Deo,
1553 397 1685 431 scilicet
1709 405 1853 442 propter
1875 399 2003 443 lapsus.
2053 399 2143 432 Nam

1157 439 1325 477 εὐδοκεῖν
1343 451 1391 477 est
1408 445 1496 477 bene
1513 446 1602 479 affici
1619 459 1697 491 erga
1716 449 1886 494 aliquem,
1903 461 1963 483 seu
1976 450 2144 484 delectari

1157 494 1296 539 aliquo,
1331 501 1369 528 ut
1394 491 1571 541 εὐδόκησε
1591 499 1644 544 τῷ
1666 497 1778 546 ξένῳ,
1813 500 1903 533 bene
1925 501 2144 534 afficiebatur

1157 556 1236 588 erga
1260 542 1448 589 hospitem.
1504 546 1564 581 Sic
1588 555 1623 582 et
1648 550 1737 582 illud
1763 551 1969 595 accipiatur:
1998 550 2066 585 Hic
2091 559 2142 585 est

1157 596 1250 630 filius
1266 607 1364 629 meus
1379 597 1528 632 dilectus
1540 626 1549 640 ,
1566 611 1636 644 quo
1657 600 1821 635 delector.
1862 602 2026 636 Affirmat
2044 603 2141 635 enim

1159 653 1274 690 pater,
1310 659 1346 681 se
1370 654 1405 682 et
1429 660 1547 683 amare
1571 650 1703 691 filium,
1750 658 1782 685 et
1804 652 1926 685 laetari
1952 650 2017 686 hoc
2049 654 2142 693 filio,

1156 710 1245 743 quae
1268 710 1347 732 cum
1373 700 1585 742 cogitamus,
1624 701 1838 736 abiiciantur
1862 704 1990 737 stoicae
2015 704 2140 747 imagi·

1154 749 1316 783 nationes
1343 751 1388 784 de
1409 751 1509 790 Deo,
1535 758 1568 785 et
1584 758 1798 793 statuamus,
1825 754 1916 788 utin
1934 752 2140 788 hominibus

1154 806 1238 834 sunt
1260 799 1415 849 στοργαὶ
1431 814 1510 846 erga
1528 811 1628 837 natos
1645 810 1677 837 et
1694 811 1854 848 parentes
1866 832 1875 846 ,
1902 806 1949 839 ita
1966 817 2047 838 vere
2066 817 2139 839 esse

1154 851 1190 883 in
1202 858 1299 896 patre
1317 860 1458 887 aeterno
1474 861 1507 888 et
1524 854 1597 888 filio
1613 867 1780 897 amorem,
1801 856 1981 898 laetitiam,
1998 856 2137 890 etiamsi

1153 902 1328 937 nescimus
1345 931 1355 946 ,
1418 906 1598 950 quomodo
1640 903 1726 940 haec
1769 908 1807 940 in
1847 907 1972 942 divina
2011 915 2138 942 natura

1152 954 1313 996 flagrent.
1364 953 1451 990 Esse
1467 963 1597 998 tamen,
1625 969 1698 991 non
1715 958 1865 992 dubium
1883 965 1952 1001 est,
1980 966 2013 993 et
2030 969 2140 1004 στορ-

1151 1003 1216 1051 γαὶ
1240 1005 1277 1038 in
1306 1006 1411 1040 nobis
1445 1014 1528 1041 sunt
1566 1008 1708 1051 vestigia
1742 1010 1857 1043 divini
1894 1010 2025 1044 amoris
2056 1022 2137 1054 erga

1152 1056 1285 1097 filium,
1318 1058 1423 1091 nobis
1446 1058 1569 1100 insita,
1603 1066 1641 1093 ut
1664 1060 1782 1104 aliquo
1801 1061 1908 1095 modo
1933 1073 2136 1095 commone-

1151 1107 1282 1141 faciant
1305 1120 1370 1143 nos
1389 1110 1433 1143 de
1456 1107 1550 1150 Deo,
1576 1110 1689 1155 qualis
1711 1111 1776 1155 sit,
1808 1119 1841 1145 et
1859 1113 2038 1157 quomodo
2057 1124 2136 1156 erga

1151 1157 1262 1192 filium
1282 1166 1315 1193 et
1329 1171 1409 1203 erga
1425 1172 1505 1194 suas
1521 1168 1698 1195 creaturas
1715 1162 1859 1197 affectus
1877 1164 1931 1198 sit.

1252 1208 1349 1244 Haec
1365 1212 1409 1244 de
1429 1212 1600 1245 vocabulo
1620 1210 1787 1249 εὐδοκεῒν
1806 1215 2024 1248 observanda
2043 1222 2136 1256 sunt,

1149 1260 1192 1292 de
1209 1272 1280 1305 quo
1297 1261 1414 1295 variae
1429 1262 1737 1306 interpretationes
1755 1266 1799 1298 ab
1815 1266 1894 1299 aliis
1909 1267 2109 1300 traduntur.

1252 1310 1293 1344 ln
1328 1312 1534 1346 recitatione
1565 1315 1775 1348 delictorum
1812 1317 1969 1361 exempla
2011 1317 2136 1361 populi

1146 1359 1257 1394 Israe'l
1282 1368 1314 1396 et
1339 1375 1469 1406 poenas
1493 1365 1678 1408 proponit,
1714 1372 1754 1399 ut
1779 1366 1969 1410 significet,
2004 1368 2135 1401 similia

1144 1420 1282 1459 peccata
1310 1414 1463 1449 subinde
1480 1416 1597 1460 vagari
1616 1416 1653 1450 in
1669 1416 1848 1458 Ecclesia,
1876 1425 1911 1454 et
1933 1419 2033 1466 sequi
2050 1431 2134 1463 poe-

1144 1474 1206 1497 nas
1229 1465 1372 1500 similes,

1245 1513 1321 1549 Etsi
1339 1524 1454 1551 autem
1472 1518 1719 1553 universaliter
1733 1520 1770 1553 in
1787 1532 1859 1554 uno
1876 1521 2005 1555 delicto
2022 1522 2133 1555 multa

1143 1565 1285 1604 insunt,
1312 1578 1372 1601 seu
1393 1568 1457 1602 uni
1479 1570 1589 1604 multa
1613 1571 1774 1614 copulata
1793 1578 1892 1607 sunt:
1926 1579 2045 1606 tamen
2073 1584 2132 1616 ge-

1142 1628 1226 1649 nera
1271 1617 1542 1659 discernuntur,
1583 1622 1666 1666 quia
1702 1622 1888 1657 dissimiles
1930 1624 2131 1657 occasiones

1142 1674 1243 1708 sunt,
1271 1681 1359 1713 quae
1385 1670 1532 1705 miscent
1554 1672 1640 1706 alias
1659 1673 1728 1707 alia
1746 1674 1833 1708 facta
1850 1675 1992 1709 caeteris
2009 1686 2131 1720 pecca—

1142 1719 1205 1760 tis,
1232 1731 1321 1764 quae
1348 1721 1483 1767 alioqui
1506 1731 1736 1760 concurrunt.

1242 1769 1283 1803 ln
1309 1773 1475 1806 omnibus
1505 1774 1642 1808 delictis
1674 1776 1796 1819 populi
1821 1776 1859 1810 in
1882 1777 2020 1811 deserto
2046 1785 2129 1812 sunt

1140 1817 1318 1855 horrenda
1361 1824 1600 1867 ingratitudo,
1644 1826 1858 1869 diffidentia,
1908 1828 2127 1872 impatientia

1138 1882 1199 1905 seu
1215 1873 1376 1908 fremitus
1395 1877 1563 1909 adversus
1579 1877 1708 1912 Deum.
1764 1877 1833 1912 Sed
1851 1879 1936 1912 alias
1957 1881 2128 1914 accedunt

1137 1922 1197 1955 alii
1234 1923 1362 1968 lapsus.
1430 1924 1477 1961 Et
1514 1924 1572 1961 hie
1606 1929 1842 1965 nominantur
1875 1930 2001 1966 ordine
2043 1929 2128 1966 haec

1135 1984 1275 2016 genera.

1291 2026 1318 2062 Ι.
1404 2027 1692 2073 Intemperantia.

1290 2076 1337 2112 Il.
1405 2077 1587 2114 Idolorum
1613 2083 1740 2117 cultus.

1288 2127 1353 2165 Ill.
1401 2129 1586 2165 Scortatio.

1288 2178 1350 2216 lv.
1405 2180 1560 2216 Tentare
1590 2182 1717 2219 Deum.

1287 2230 1330 2266 V.
1401 2231 1447 2266 Et
1474 2235 1718 2269 murmuratio.

1234 2279 1398 2316 Intuetur
1426 2291 1542 2318 autem
1568 2284 1699 2319 Paulus
1728 2286 1893 2321 historias
1921 2290 2044 2332 populi
2069 2290 2123 2325 Is·-

1134 2332 1225 2371 rae'l,
1265 2339 1303 2366 ut
1330 2335 1425 2376 dixi,
1465 2336 1547 2381 quia
1573 2336 1679 2370 simul
1706 2350 1770 2372 nos
1797 2340 1840 2372 de
1867 2341 1992 2384 poeuis
2025 2354 2120 2375 com-

1134 2384 1333 2420 monefacit.

1237 2434 1288 2468 De
1314 2435 1585 2481 Intemperantia
1610 2445 1700 2473 extat
1731 2437 1876 2474 historia
1902 2444 1994 2486 apud
2015 2443 2121 2489 Moy-

1133 2497 1192 2519 sen
1211 2486 1246 2519 in
1264 2485 1430 2521 Numeris
1448 2489 1559 2532 capite
1580 2490 1655 2531 11.,
1683 2491 1745 2524 ubi
1765 2493 1914 2536 populus
1938 2495 2120 2528 fastidiens

1133 2537 1201 2570 iarn
1232 2538 1367 2572 Manna
1400 2540 1532 2583 adpetit
1564 2552 1701 2575 carnes:
1753 2555 1817 2576 nec
1848 2556 1924 2578 esus
1957 2546 2117 2578 carnium

1131 2595 1288 2629 taxatur,
1315 2591 1375 2623 sed
1402 2591 1581 2624 fastidium
1603 2594 1795 2635 praesentis
1818 2596 1916 2630 doni.
1970 2595 2013 2629 Et
2036 2608 2120 2628 cou-

1130 2647 1278 2674 currunt
1293 2641 1403 2674 multa
1422 2648 1557 2684 peccata
1573 2650 1611 2676 ut
1628 2644 1717 2677 dixi:
1747 2644 1969 2688 ingratitudo
1985 2647 2120 2690 populi,

1129 2691 1190 2736 qui
1216 2704 1295 2726 cum
1318 2704 1335 2727 a
1353 2690 1429 2726 Deo
1455 2693 1560 2728 tantis
1587 2694 1768 2729 miraculis
1794 2697 1940 2732 eductus
1966 2706 2052 2731 esset
2079 2710 2118 2730 ex
