2415 2942
166 80 241 115 837
447 78 545 113 xm.
600 80 636 114 3.
665 75 964 113 ENARRATIO
992 76 1145 114 EPIST.
1173 73 1320 112 PAULI
1348 71 1414 109 AD
1442 72 1704 113 ROMANOS.
1755 76 1860 115 CAP.
1890 77 1918 114 I.
2132 81 2205 115 838

167 164 467 210 gradus'quidam
493 161 698 206 homiuum,
742 163 873 209 quibus
891 165 1080 209 praecipue
1098 167 1157 197 de-
1210 163 1304 195 libus
1335 163 1446 196 deest:
1488 161 1589 196 Bona
1630 163 1865 205 conscientia,
1910 171 1942 199 et
1980 167 2202 200 moderatum

166 220 339 251 lectantur
359 224 532 260 potentes:
1212 213 1411 248 consilinm.

217 266 236 302 ὃ
251 265 353 313 βιος
353 264 509 301 Μάλιστα
525 268 601 306 τοῖς
619 265 794 312 πονηροῖς
813 262 959 310 ἥδεται,
1305 261 1524 297 Ἀσύικθετοι
1559 276 1631 297 11011
1662 272 1839 299 servantes
1868 274 1966 310 pacta
1992 268 2026 300 in
2047 269 2198 312 promis-

216 316 364 364 πράττει
384 316 437 352 δ’ὁ
456 315 567 357 κόλαξ
583 317 716 363 ἄριστα
732 313 903 356 πάντων,
930 310 1085 361 δεύτερα
1209 314 1369 347 sionibus
1400 313 1555 348 honestis
1570 342 1578 356 ‚
1620 317 1858 349 001111.ι(1111115
1890 326 1949 351 aut
1982 319 2197 358 foederibus,

219 368 238 404 ὁ
258 366 513 416 συκοφάντης,
532 367 550 403 ὃ
567 365 755 413 κακοηθης
777 364 883 411 τρίτα
900 365 1004 413 λέγει,
1209 372 1241 398 et
1263 371 1322 398 aut
1347 365 1421 397 sine
1444 365 1514 398 ulla
1534 367 1756 399 excusatione
1781 368 1958 409 fallentes,
1987 377 2045 403 aut
2070 370 2196 414 sophi-

271 420 429 453 Primum
462 421 577 453 locum
608 419 732 453 tribuit
764 415 1004 450 Adsentatori.
1067 415 1154 449 Nam

171 470 228 503 1110
246 471 468 504 dulcissimus
486 478 544 505 est.
579 469 763 503 Proximus
781 474 829 500 est
845 468 998 508 delator,
1022 479 1081 501 seu
1099 479 1157 500 su-

171 534 291 560 surro,
331 522 390 565 qui
415 522 480 554 init
509 521 653 564 gratiam
683 518 900 564 perferendis
927 519 1085 557 sabellis,
1118 530 1156 551 ac

172 573 389 605 instruendis
405 572 601 606 calumniis.
640 570 802 603 Tertium
826 569 942 602 locum
968 566 1073 603 habet
1089 581 1154 603 κα-

169 619 329 668 κοήθης,
363 623 422 667 qui
444 622 542 655 novit
568 622 724 654 alludere
748 620 791 652 ad
815 617 962 652 Domini
987 621 1155 660 adfectus,

170 674 264 707 bono
298 673 414 707 studio
452 673 539 706 facta
574 684 671 705 secus
703 671 945 714 interpretari,
987 671 1068 704 odia
1100 671 1155 702 in-
1208 668 1311 703 Item:
1340 668 1441 712 Quos
1459 670 1571 702 credis
1598 670 1702 709 fidos,
1731 670 1866 713 effuge,
1896 679 1991 705 tutus
2017 674 2094 706 eris.
2149 673 2196 708 Et

170 725 328 758 cendere.
1207 721 1296 753 illud
1328 718 1552 764 Epicharmi:
1597 722 1692 766 νῆσε
1720 718 1781 754 καὶ
1812 720 1981 768 μέμνησο
2015 722 2192 765 ἀπιστεῖν,

274 773 489 821 (θεοστυγεῖς
508 773 580 806 51νο
611 773 723 806 active
753 772 826 806 sive
857 773 993 817 passive
1026 772 1153 815 accipi·
1217 770 1287 805 ”0
1351 773 1468 805 ταῦτα
1487 773 1648 817 φρειιῦν.

1208 416 1291 448 stice
1315 415 1496 448 eludentes
1519 417 1699 459 promissa.
1758 417 1802 451 Ut
1826 417 1981 453 Thraces
2010 421 2100 464 pacti
2133 422 2195 454 tri-

1207 466 1301 510 ginta
1328 467 1465 499 dierum
1491 467 1645 500 indutias
1672 475 1776 501 noctu
1797 470 2060 512 populabantur
2084 484 2196 514 agros,

1207 517 1289 562 quia
1316 517 1454 550 dierum
1482 529 1554 549 non
1587 518 1743 551 noctium
1769 519 1923 552 indutias
1950 523 2039 565 pacti
2070 531 2193 557 essent.

1208 569 1259 601 Ac
1278 569 1363 601 adeo
1381 569 1500 600 crebra
1518 575 1600 601 sunt
1618 569 1784 615 perfidiae
1803 571 1978 614 exempla,
2001 580 2038 606 ut
2056 574 2193 606 dictum

1210 618 1349 662 Virgilii
1369 619 1535 651 omnibus
1554 619 1590 650 in
1614 631 1674 651 ore
1699 620 1760 652 sit:
1791 619 1970 664 Nusquam
1999 629 2069 656 tuta
2099 624 2194 658 fides.

170 833 247 866 tur,
295 824 465 868 significat
513 824 625 867 palam
671 824 947 857 contumeliosos
989 824 1156 857 adversus
1300 822 1516 869 Ἀστοργοι,
1534 823 1592 867 qui
1610 821 1786 855 naturales
1801 823 1956 855 adfectus
1973 835 2049 866 erga
2070 837 2194 867 paren-

169 876 302 916 Deum,
336 875 457 920 quales
492 882 573 908 suut
606 873 714 908 ἄθεοι
739 875 906 908 omnibus
939 874 1156 918 temporibus
1207 880 1277 914 tes,
1305 874 1484 911 sobolem,
1511 874 1650 909 fratres,
1687 874 1857 906 ’1111110110
1884 875 2025 906 meritos
2054 885 2197 909 exuunt.

168 926 292 963 multi,
328 925 390 970 qui
415 937 459 958 ne
483 926 625 970 quidem
652 926 877 959 dissimulant
902 937 983 959 suos
1009 927 1156 963 furores,
1207 924 1295 957 Nam
1321 921 1474 971 στοργαὶ
1505 931 1587 958 511111
1609 925 1693 957 honi
1720 925 1893 962 adfectus,
1923 926 2002 969 quia
2030 925 2124 959 Deus
2151 928 2196 959 ita

169 977 260 1010 sicut
281 975 478 1009 Mezentius
501 978 592 1020 apud
623 976 814 1019 Virgilium
829 1002 838 1018 ‚
867 973 1109 1009 Sennacherib
1126 983 1157 1008 et
1207 975 1367 1008 condidit
1385 976 1510 1015 corda,
1538 974 1742 1018 praesertim
1762 976 1798 1007 111
1818 973 2040 1014 hominibus,
2071 984 2107 1010 ut
2128 979 2193 1009 1111-

167 1026 344 1071 Rapsaces
369 1027 406 1059 in
435 1024 581 1060 historia
608 1025 746 1062 Esaiae.
807 1025 1006 1061 Antiochus
1041 1028 1076 1059 in
1102 1024 1158 1059 hi-
1208 1026 1314 1058 rabili
1339 1027 1493 1071 quodam
1519 1026 1668 1058 naturali
1696 1025 1859 1058 incendio
1887 1034 2004 1060 ament
2028 1036 2192 1070 cognatus

169 1078 276 1111 storia
301 1077 616 1118 Maccahaeorum,
659 1085 692 1112 et
719 1077 851 1111 similes
878 1078 1022 1123 tyranni
1046 1078 1157 1122 pluri·
1208 1084 1376 1121 tanquam
1411 1088 1492 1109 suae
1526 1084 1670 1108 naturae
1704 1084 1848 1119 partem.
1914 1077 1987 1109 11110
2018 1078 2053 1110 111
2086 1088 2194 1112 matre

170 1129 241 1170 mi,
271 1128 333 1172 qui
349 1135 466 1172 aperte
483 1129 709 1172 profitentur,
737 1141 772 1162 se
789 1140 861 1161 esse
884 1127 999 1162 hostes
1015 1127 1093 1163 Dei.
1210 1129 1317 1161 ubera
1349 1127 1481 1172 pectori
1506 1128 1623 1160 addita
1656 1134 1754 1168 511111,
1791 1135 1935 1171 propter
1968 1126 2030 1161 has
2058 1142 2194 1163 causas:

261 1176 486 1225 Ἐφευρετὰς
500 1181 629 1213 κακῶν
643 1180 804 1213 nominat
829 1180 1029 1214 inventores
1047 1192 1158 1213 novo·
1209 1178 1388 1219 Primum,
1429 1185 1468 1212 ut
1497 1179 1549 1211 lac
1573 1178 1699 1210 melius
1731 1185 1902 1222 coquatur
1926 1179 2041 1212 calore
2067 1182 2195 1217 cordis.

171 1242 249 1263 rum
269 1230 458 1270 scelerum,
486 1236 520 1263 et
546 1242 658 1263 novos
683 1237 822 1264 autores
845 1231 1020 1264 malorum
1043 1242 1159 1263 exem·
1210 1229 1369 1269 Deinde,
1396 1235 1436 1262 ut
1462 1241 1480 1262 a
1504 1229 1730 1275 corde-etiam
1746 1229 1889 1272 spiritus
1914 1236 1946 1263 et
1962 1242 2061 1264 amor
2079 1238 2194 1264 trans-

171 1281 334 1325 plorum,
360 1287 401 1314 ut
423 1279 576 1314 Lamech
599 1281 735 1325 primus
759 1281 917 1314 discessit
932 1284 957 1319 [a
976 1293 1055 1314 vera
1074 1293 1157 1314 cona
1208 1280 1378 1313 fundatur
1403 1280 1439 1311 in
1470 1279 1621 1320 foetum,
1656 1287 1688 1312 et
1722 1287 1867 1312 mutuus
1893 1293 1991 1313 amor
2025 1290 2192 1325 perpetuo

1207 1331 1330 1372 flagret
1357 1331 1450 1362 inter
1471 1337 1631 1374 parentes
1655 1336 1689 1364 et
1713 1337 1825 1363 natos.
1896 1332 1988 1364 Nam
2014 1332 2049 1364 in
2072 1334 2193 1367 bestiis

1207 1381 1426 1424 extinguitur
1442 1381 1610 1413 memoria
1630 1388 1814 1424 parentum
1834 1388 1863 1414 et
1884 1382 2026 1416 sobolis.

1309 1430 1361 1465 Ac
1379 1432 1514 1465 discant
1539 1432 1575 1464 in
1599 1429 1664 1465 hoc
1689 1433 1765 1465 loco
1790 1434 1955 1473 studiosi,
1983 1434 2192 1476 fugiendum

1207 1489 1239 1515 et
1273 1483 1532 1526 explodendum
1567 1494 1639 1515 esse
1669 1482 1868 1516 Stoicorum
1909 1496 2086 1526 errorem,
2131 1487 2192 1532 qui

1208 1545 1329 1565 omnes
1347 1534 1502 1566 adfectus
1519 1534 1596 1566 tolli
1615 1535 1737 1566 volunt
1757 1546 1796 1566 ex
1815 1542 1949 1567 natura.
2007 1535 2194 1571 manifeste

1208 1583 1301 1615 enim
1322 1584 1486 1616 reclamat
1505 1584 1557 1616 lex
1575 1585 1712 1624 divina,
1735 1597 1823 1629 quae
1840 1586 1938 1618 dicit:
1967 1586 2100 1629 Diligas
2118 1587 2192 1621 Do-

1209 1634 1344 1666 minum
1355 1633 1468 1667 Deum
1485 1642 1583 1668 tuum
1603 1647 1640 1667 ex
1662 1642 1733 1668 toto
1752 1637 1870 1669 corde.
1924 1635 2029 1671 Item:
2059 1636 2193 1681 Diligas

1211 1684 1410 1727 proximum
1423 1712 1430 1726 ‚
1447 1686 1534 1719 sicut
1554 1693 1586 1719 te
1604 1686 1732 1729 ipsum.
1774 1684 1817 1719 Et
1839 1687 1980 1731 quidem
1998 1689 2033 1720 in
2052 1697 2192 1724 aeterno

1211 1743 1304 1777 patre
1322 1748 1443 1768 verum
1463 1744 1494 1770 et
1513 1737 1692 1770 ardentem
1711 1749 1863 1770 amorem
1883 1750 1954 1771 esse
1973 1750 2050 1782 erga
2069 1739 2194 1783 filium,

1210 1786 1318 1829 ipsius
1345 1799 1410 1819 vox
1435 1794 1603 1827 testatur,
1640 1800 1718 1820 cum
1756 1788 1888 1833 inquit:
1922 1788 1990 1822 Hic
2018 1797 2068 1823 est
2100 1792 2194 1826 filius

1211 1849 1307 1869 1110115
1331 1838 1499 1876 dilectus,
1527 1851 1597 1882 quo
1624 1839 1787 1873 delector.
1823 1839 1865 1871 Et
1887 1840 1921 1872 iu
1940 1839 2014 1873 Deo
2033 1853 2110 1884 erga
2130 1855 2194 1878 nos

1211 1886 1372 1920 homines
1398 1900 1500 1922 verus
1529 1901 1628 1922 amor
1660 1896 1730 1930 est,
1774 1896 1811 1922 ut
1837 1891 2004 1933 scriptum
2032 1900 2095 1925 est:
2133 1894 2192 1928 Sic

1211 1939 1303 1972 Deus
1338 1940 1459 1972 dilexit
1490 1943 1661 1973 mundum
1698 1948 1761 1974 etc.
1825 1940 1863 1973 ln
1894 1942 1966 1974 filio
2001 1944 2194 1978 mediatore

1210 2001 1376 2033 magnum
1394 2003 1465 2023 esse
1486 1991 1688 2024 incendium
1706 1992 1834 2024 amoris
1858 2004 1935 2035 erga
1961 2004 2022 2026 nos
2040 1996 2194 2028 certissi-

1213 2053 1305 2073 mum
1324 2048 1388 2074 est.
1438 2041 1599 2087 Suntque
1625 2043 1810 2085 impressae
1835 2042 1989 2090 στοργαὶ
2008 2042 2194 2080 hominum

1212 2099 1374 2130 naturae,
1403 2099 1440 2125 ut
1459 2093 1526 2125 siut
1547 2094 1902 2127 comnionesactioues
1925 2096 1966 2128 de
1990 2108 2109 2130 amore
2136 2110 2195 2131 ae-

1213 2143 1302 2176 terni
1321 2143 1428 2187 patris
1447 2156 1524 2185 erga
1543 2145 1673 2186 filium,
1702 2152 1732 2177 et
1760 2156 1837 2187 erga
1857 2158 1931 2180 nos.

1313 2193 1399 2227 Vult
1419 2194 1525 2237 igitur
1543 2194 1653 2233 Deus,
1680 2207 1751 2229 esse
1769 2196 1803 2228 in
1822 2197 1924 2229 nobis
1940 2195 2096 2231 adfectus
2111 2211 2195 2232 con-

1212 2252 1374 2288 gruentes
1390 2257 1472 2279 suae
1490 2246 1567 2290 legi.
1622 2245 1666 2280 Et
1691 2253 1771 2280 sunt
1795 2247 1904 2291 aliqui
1931 2248 2015 2280 boni
2038 2249 2194 2283 adfectus

1214 2297 1249 2327 in
1273 2296 1409 2329 naturis
1433 2309 1504 2330 non
1538 2299 1761 2335 monstrosis,
1804 2298 1863 2342 qui
1890 2299 2024 2331 etiamsi
2055 2309 2197 2344 propter

172 1331 260 1374 iugii
285 1331 525 1371 institutione,
551 1338 583 1364 et
599 1332 703 1365 simul
721 1332 840 1376 plures
869 1343 994 1364 uxores
1022 1329 1158 1370 habuit,

171 1388 204 1415 et
225 1379 319 1414 hunc
337 1381 502 1415 vitiosum
519 1394 651 1415 morem
673 1382 893 1415 inmundum
912 1382 1056 1420 invexit,
1073 1395 1158 1415 con-

170 1439 224 1465 tra
242 1432 404 1465 ordinem
422 1432 526 1465 initio
543 1445 561 1466 a
581 1431 656 1466 Deo
674 1433 889 1468 institutum.
942 1432 1048 1466 Tales
1065 1441 1158 1473 suut,

170 1482 231 1529 qui
254 1483 289 1515 in
317 1482 407 1516 aulis
429 1483 626 1526 excogitant
647 1496 758 1517 novos
788 1490 985 1527 praetextus
1010 1484 1158 1517 iniusta—

169 1546 248 1567 rum
273 1533 547 1577 expilationurn,
575 1541 636 1568 aut
661 1535 723 1580 qui
746 1535 883 1578 fingunt
906 1547 1027 1568 causas
1055 1547 1159 1568 occu-

172 1584 280 1628 pandi
297 1584 424 1617 aliena.
478 1583 566 1618 Item
582 1584 813 1626 Mercatores,
841 1585 901 1630 qui
921 1598 1029 1619 novas
1046 1586 1159 1628 impo—

173 1641 286 1667 sturas
315 1635 530 1677 excogitant,
565 1643 703 1669 mutant
729 1636 818 1669 iusta
847 1637 957 1679 pretia
987 1644 1160 1676 monetae,

172 1684 362 1718 inveniunt
393 1697 485 1718 nova
511 1696 697 1719 usurarum
720 1686 957 1727 incrementa,
993 1693 1024 1719 et
1049 1698 1159 1719 novos

174 1741 386 1779 praetextus.
440 1734 602 1780 Denique
621 1736 689 1769 late
706 1743 799 1780 patet
815 1734 881 1768 hoc
899 1737 1049 1778 malum,
1069 1738 1158 1769 mul-

174 1794 228 1820 tae
260 1797 373 1819 novae
405 1786 564 1827 fraudes,
600 1793 632 1820 et
663 1787 794 1819 multae
824 1788 1029 1831 praestigiae
1059 1799 1157 1820 exco-

175 1837 334 1880 gitantur
362 1836 406 1869 ad
440 1838 635 1870 excusanda
666 1838 795 1871 scelera
833 1838 870 1870 in
915 1839 1035 1872 multis
1069 1839 1159 1871 vitae

173 1886 334 1931 negotiis.

269 1933 476 1978 Ἀσύνετοι,
511 1938 656 1980 furiosi,
688 1940 748 1984 qui
786 1940 878 1973 coeci
914 1946 1034 1972 contra
1065 1940 1156 1972 iudi-

174 1989 267 2022 cium
285 1989 482 2022 communis
497 2000 618 2023 sensus
636 1997 745 2024 ruunt
762 1991 966 2035 praecipites
983 1992 1018 2023 in
1037 1992 1154 2024 onmia

175 2039 322 2079 scelera,
348 2045 381 2072 et
397 2039 465 2071 sibi
490 2040 573 2083 ipsis
598 2041 780 2076 manifesta
804 2042 956 2075 amentia
979 2050 1157 2075 accersunt

176 2089 338 2130 exitium,
374 2096 413 2123 ut
436 2088 608 2129 Catilina,
637 2089 795 2125 Thomas
824 2092 1063 2133 Monetarius‚
1099 2094 1157 2137 qui

175 2140 295 2173 furens
312 2139 423 2173 movit
437 2141 647 2174 seditionem
664 2142 701 2175 in
719 2142 891 2187 Turingia
904 2171 913 2185 ,
940 2151 972 2177 et
997 2144 1159 2177 multitu-

176 2190 315 2231 dinem,
342 2202 431 2235 quae
447 2192 633 2225 temerario
650 2205 822 2228 concursu
848 2195 1077 2235 confluxerat,
1102 2207 1158 2227 ar-

176 2253 232 2274 ma
256 2253 377 2284 capere
406 2242 506 2276 iussit
540 2244 582 2275 ad
606 2244 775 2277 delendos
799 2245 933 2278 vicinos
967 2244 1160 2288 Principes,

178 2293 221 2325 ad
240 2292 459 2336 diripiendas
475 2293 689 2337 locupletum
715 2295 907 2329 facultates.
962 2294 1068 2337 Item,
1093 2296 1161 2329 Ne-

177 2343 260 2376 bulo
285 2342 575 2377 Monasteriensis
593 2345 630 2377 in
657 2344 880 2385 Westvalia,
910 2347 969 2391 qui
991 2359 1026 2380 se
1047 2348 1162 2380 nomi-
1212 2359 1435 2380 communem
1453 2356 1598 2381 naturae
1614 2349 1899 2392 depravationem
1915 2349 2046 2394 aliquid
2066 2349 2197 2385 habent

179 2394 285 2428 nabat
305 2393 437 2438 Regem
454 2395 575 2438 templi
594 2394 674 2432 Dei.
726 2395 828 2430 Hanc
854 2398 1040 2431 amentiam
1063 2410 1164 2442 saepe
1213 2399 1384 2441 contagii,
1412 2405 1527 2432 tamen
1554 2398 1648 2432 Deus
1672 2411 1730 2432 eos
1758 2401 1947 2442 adprobat,
1976 2408 2009 2434 et
2033 2402 2109 2435 vult
2138 2415 2198 2436 005

180 2444 303 2478 dicunt
336 2443 532 2490 Prophetae
571 2459 718 2491 poenam
758 2460 831 2482 esse
870 2448 1078 2493 impietatis,
1126 2457 1163 2483 ut
1188 2443 1192 2483 l
1214 2456 1303 2483 recte
1335 2450 1536 2493 gubernari.
1599 2449 1684 2483 Vult
1714 2456 1754 2483 ut
1779 2451 1924 2484 maritus
1948 2459 2041 2485 amet
2074 2455 2197 2487 coniu-

180 2492 305 2528 Esaiae
326 2495 382 2531 19.
419 2497 563 2530 Miscuit
592 2498 685 2532 inter
711 2510 769 2532 eos
790 2499 951 2558 spiritum
970 2500 1165 2543 vertiginis,
1214 2512 1310 2542 gem,
1341 2508 1501 2545 parentes
1527 2508 1644 2534 ament
1667 2508 1788 2542 natos,
1814 2502 1920 2534 frater
1941 2503 2104 2542 fratrem,
2133 2506 2195 2537 ad-

180 2546 360 2585 videficet,
397 2554 563 2593 tanquam
587 2550 780 2583 infundens
806 2551 843 2583 in
868 2551 1046 2595 poculum.
1107 2553 1165 2585 Sic
1213 2552 1322 2585 fectus
1339 2552 1508 2585 beneficio
1526 2552 1802 2592 benefactorem,
1830 2551 1902 2586 vult
1928 2551 2091 2588 homines
2115 2556 2199 2588 tali-

179 2594 342 2640 Pharao,
386 2597 470 2632 Saul
514 2606 548 2633 et
575 2600 635 2634 alii
671 2601 947 2635 innumerabiles
980 2603 1164 2636 manifesto
1216 2604 1280 2635 bus
1307 2603 1458 2636 vinculis
1484 2603 1574 2636 inter
1599 2614 1673 2635 sese
1697 2603 1904 2636 coniunctos
1930 2611 1961 2637 et
1982 2605 2198 2639 consociatos

182 2648 301 2682 furore
330 2659 365 2681 se
389 2655 420 2682 et
440 2649 526 2683 alios
552 2652 792 2695 perdiderunt.
846 2653 898 2686 Ac
918 2659 1096 2699 utrunque
1115 2661 1164 2687 ta-
1217 2666 1301 2691 esse.
1356 2653 1402 2688 Ut
1420 2653 1512 2687 enim
1530 2653 1597 2688 dici
1617 2653 1725 2695 solet,
1744 2652 1885 2688 Bonum
1902 2661 2025 2689 natura
2043 2656 2096 2689 sui
2115 2668 2201 2690 con-

1626 2702 1711 2740 53*
