2415 2942
142 110 212 144 321
523 107 606 146 XII.
633 105 931 144 ENARRATtO
965 108 1014 144 IN
1047 106 1231 144 EVANG.
1265 105 1484 146 IOANNIS.
1551 108 1655 144 CAP.
1682 110 1781 145 xlv.
2090 115 2165 149 322

142 202 190 228 cst
207 195 248 227 de
265 192 299 228 S.
315 192 350 228 S.
404 193 549 228 Publice
573 196 668 228 adest
695 194 910 234 ministerio,
937 206 977 227 ac
1001 195 1128 229 retinet
1152 196 1155 219 l
1181 200 1421 239 praeceptum,
1456 195 1512 227 sed
1537 202 1585 227 est
1611 193 1794 238 promissio
1823 203 1856 231 et
1879 197 2090 238 consolatio,
2124 200 2168 231 ad

141 257 258 278 veram
277 245 504 283 sententiam,
542 252 573 278 et
596 258 656 289 per
681 245 794 289 ipsum
819 245 1052 278 ministerium
1077 253 1127 279 est
1151 238 1154 273 l
1179 246 1336 287 singulos
1372 252 1404 278 et
1434 247 1475 277 ad
1517 246 1716 278 universam
1751 246 1943 281 Ecclesiam
1978 248 2169 291 pertinens.

140 297 277 336 efficax,
322 304 361 329 ut
388 296 579 329 clarissime
607 304 778 329 testantur
804 293 888 328 haec
912 295 1003 328 dicta
1030 297 1061 328 l.
1082 297 1125 328 ad
1179 294 1360 337 Significat
1376 296 1482 338 igitur
1500 309 1564 339 pax
1582 294 1759 338 hocloco,
1786 306 1824 332 ut
1841 310 1941 343 saepe
1957 299 2054 342 alias,
2071 306 2168 333 tran-

138 345 220 380 Cor.
242 349 275 380 1.
303 353 336 380 et
351 348 385 382 2,
404 348 445 380 ad
466 345 628 382 Corinth,
650 347 703 380 3.:
728 344 960 388 Evangelium
987 354 1036 380 est
1058 347 1126 378 mi-
1179 345 1390 389 quillitateni
1416 353 1448 378 et
1473 348 1639 388 gaudium
1666 349 1812 389 mentis,
1850 356 1966 383 ortum
1992 363 2008 382 a
2031 351 2168 383 duabus

138 397 324 430 nisterium
352 398 513 442 spirituS‚
550 405 582 432 et
603 399 645 431 ad
673 396 855 431 Romanos
884 399 930 431 1.:
964 395 1125 440 Evange-
1178 395 1309 433 causis,
1338 396 1420 440 qnia
1439 396 1600 430 videlicet
1627 410 1724 431 mens
1750 399 1917 443 intelligit
1932 400 2006 434 Deo
2032 401 2067 433 in
2098 401 2168 434 illis

138 449 226 481 lium
251 456 301 483 est
324 449 481 491 potentia
506 448 571 481 Dei
597 450 638 481 ad
662 448 808 480 salutem
832 447 930 480 omni
958 447 1125 481 credenti.
1178 445 1357 479 aerumnis
1385 446 1623 480 obediendum
1652 460 1740 489 esse,
1774 457 1805 483 et
1832 451 1998 494 prospicit
2025 451 2169 492 exitum,

137 498 282 532 Retinet
314 499 467 544 Spiritus
490 506 628 532 sanctus
652 499 688 530 in
704 496 859 531 Ecclesia
886 499 997 531 lucem
1023 510 1124 531 verae
1179 497 1214 529 id
1231 503 1300 535 est,
1333 497 1398 530 scit
1413 495 1529 531 Deum
1550 498 1652 530 nobis
1678 501 1815 540 adesse,
1851 500 1918 533 iam
1945 514 2039 534 nunc
2065 514 2168 546 opem

138 550 335 590 doctrinae,
364 550 501 583 aliasin
516 550 696 593 pluribus,
724 548 809 581 alias
829 549 864 581 in
888 549 1124 592 paucioribus,
1150 563 1152 594 3
1178 547 1285 587 serre,
1319 547 1480 590 mitigare
1506 549 1740 593 calamitateS,
1777 557 1810 584 et
1836 552 1974 584 taudem
2001 553 2167 586 daturum

137 608 171 633 et
186 601 337 633 subinde
354 612 474 634 rursus
490 600 665 640 accendit,
692 605 730 632 ut
751 600 793 633 ad
812 597 984 644 Ephesios
999 607 1123 645 quarto
1150 596 1152 630 ἶ
1179 598 1335 642 placidos
1354 599 1477 633 exitus.

137 651 281 683 dicitur:
310 650 415 685 Dedit
432 651 524 684 dona
542 648 768 691 hominibus,
785 648 998 694 Prophetas,
1024 651 1122 694 Apo·
1279 648 1373 681 Haec
1390 649 1519 682 clarius
1537 648 1778 692 intelligentur
1796 663 1835 684 ex
1851 652 2051 685 collatione.
2096 653 2168 686 Dc-

136 701 262 739 stolos,
291 701 471 743 pastores,
499 700 692 741 Doctores,
727 709 759 735 et
776 702 921 735 additur
947 702 995 734 ibi
1021 714 1121 735 causa
1177 697 1396 741 mosthenes,
1425 698 1548 733 Cicero
1575 708 1606 733 et
1626 701 1757 734 similes
1775 714 1897 745 magna
1915 703 2069 746 pericula
2090 716 2168 737 sus-

135 753 224 786 tanti
251 753 430 793 beneficii,
475 764 519 785 ne
544 753 715 786 fluctuent
738 749 919 792 homines,
954 760 1121 798 tanquam
1177 750 1291 785 tinent
1320 750 1356 783 in
1387 762 1447 784 sua
1479 752 1753 794 gubernatione,
1788 760 1822 786 et
1846 765 1926 786 cum
1953 754 2074 787 vident
2106 766 2167 788 sua

135 803 249 836 ventis
283 815 442 837 errorum
467 803 605 846 agitati,
641 803 676 835 id
702 811 771 844 est,
805 803 959 847 Spiritus
983 811 1122 836 sanctus
1176 801 1322 834 consilia
1358 813 1430 834 esse
1468 802 1643 843 infelicia,
1681 810 1844 836 accusant
1865 805 2040 837 sociorum
2066 806 2167 848 perfi-

134 853 261 887 retinet
278 852 511 897 Evangelium
538 866 556 887 a
580 851 722 887 Christo
746 855 913 887 traditum
944 854 979 887 in
998 853 1121 888 Eccle—
1176 853 1288 891 diam,
1325 853 1446 886 dolent
1470 864 1551 885 suos
1576 853 1712 886 labores
1737 865 1808 887 esse
1835 855 1951 888 irritos
1976 862 2008 887 et
2035 855 2167 896 inanes,

134 904 202 944 sia,
232 912 264 936 et
281 905 379 937 addit
397 906 530 938 donum
549 905 869 949 interpretationis,
896 917 955 938 seu
974 906 1010 938 in
1030 906 1121 938 mul·
1175 911 1205 935 et
1228 903 1383 936 iudicant
1401 915 1436 936 se
1452 916 1469 936 a
1487 903 1560 937 Deo
1579 904 1727 947 negligi,
1756 905 1956 939 irascuntur
1979 917 2059 949 ergo
2080 905 2166 943 Deo.

132 955 195 992 tis,
223 966 281 987 seu
301 955 335 986 in
354 956 488 998 paucis,
524 962 562 988 ut
583 968 671 996 una,
708 968 806 994 vera,
842 963 1028 1000 perpetua,
1066 957 1121 989 in-
1175 961 1205 986 et
1238 954 1489 998 opprimuntur
1520 956 1761 997 desperatione
1791 962 1823 988 et
1848 957 1981 992 dolore.
2045 956 2083 990 lu
2111 955 2166 990 liis

131 1012 295 1049 corrupta
326 1007 496 1039 sententia
527 1018 662 1049 semper
695 1013 853 1047 maneat,
896 1020 940 1040 ne
971 1008 1120 1041 extincta
1177 1017 1248 1037 non
1267 1012 1316 1038 est
1332 1017 1409 1048 pax,
1427 1006 1470 1038 de
1489 1017 1557 1049 qua
1567 1003 1730 1039 Christus
1747 1006 1915 1051 loquitur,
1937 1007 1970 1039 id
1992 1014 2051 1048 est,
2069 1015 2165 1041 tran-

130 1067 212 1088 νεῖ-Ἀ
237 1056 415 1099 agnitione
439 1064 470 1090 et
494 1057 716 1090 invocatione
744 1056 839 1097 Dei,
874 1064 986 1091 totum
1012 1070 1119 1101 genus
1146 1061 1149 1087 Ι
1176 1056 1332 1100 quillilas
1362 1067 1422 1089 seu
1443 1055 1610 1099 gaudium
1636 1056 1770 1094 cordis,
1805 1064 1838 1090 et
1863 1058 2054 1101 expectatio
2080 1059 2163 1091 honi

133 1104 327 1140 humanum
347 1108 569 1152 opprimatur
586 1108 766 1141 furoribus
792 1106 942 1142 ethnicis
965 1116 996 1142 et
1021 1109 1119 1142 simi-
1174 1107 1295 1140 exitus.
1351 1107 1397 1139 At
1423 1113 1564 1140 econtra
1591 1107 1626 1138 in
1650 1106 1795 1139 Ieremia
1822 1114 1854 1140 et
1880 1107 1915 1140 in
1934 1106 2090 1152 Baptista
2115 1117 2165 1142 est

131 1156 235 1190 libus.
289 1157 384 1191 Haec
400 1159 442 1191 de
459 1159 602 1202 publico
620 1159 790 1192 beneficio
813 1159 1000 1202 diligenter
1025 1160 1118 1201 cogi-
1175 1170 1256 1199 pax,
1292 1157 1428 1190 tametsi
1461 1157 1564 1189 ambo
1590 1157 1763 1190 sustinent
1787 1158 1944 1200 ingentes
1968 1171 2164 1200 aerumnas,

129 1210 234 1241 tanda
259 1216 360 1249 sunt,
392 1215 425 1241 et
452 1210 640 1252 petendum
666 1216 733 1248 est,
761 1216 799 1242 ut
824 1211 966 1243 doctore
982 1209 1117 1253 Spiritu
1172 1207 1326 1249 ingentia
1346 1207 1510 1250 pericula,
1526 1215 1556 1239 et
1573 1209 1714 1240 tandem
1734 1221 1749 1240 a
1766 1209 1925 1252 tyrannis
1944 1209 2162 1243 interficiun-

130 1266 248 1291 sancto
279 1270 416 1303 semper
449 1266 482 1292 et
511 1259 643 1304 ubique
673 1267 813 1303 regatur
839 1272 905 1293 vox
929 1260 1116 1293 ministerii
1139 1271 1145 1649 Ι
1172 1265 1240 1292 tur.
1294 1256 1397 1290 Unde
1418 1264 1533 1290 autem
1564 1255 1647 1290 haec
1674 1270 1737 1301 pax
1765 1259 1798 1290 in
1825 1260 1930 1292 corde
1955 1260 2091 1293 oritur?
2127 1261 2161 1294 id

131 1309 278 1352 publici.
1171 1315 1236 1348 est,
1270 1320 1358 1352 quae
1375 1319 1497 1341 causae
1514 1309 1762 1347 consolantur,
1800 1317 1832 1342 et
1858 1317 2055 1344 sustentant
2082 1312 2163 1345 eos?

232 1358 368 1392 Deinde
388 1359 561 1403 privatum
583 1360 789 1393 beneficium
813 1367 884 1401 est,
913 1373 991 1394 cum
1017 1373 1113 1394 men-
1171 1358 1245 1391 Hae
1261 1369 1384 1392 causae
1398 1365 1491 1392 sunt.
1544 1358 1685 1393 Norunt
1703 1372 1742 1392 ex
1760 1361 1918 1393 doctrina
1938 1362 2079 1394 coelesti
2100 1375 2162 1396 cur

129 1417 179 1443 tes
211 1410 362 1443 audiunt
394 1411 539 1444 verbum
565 1409 650 1450 Dei,
693 1410 847 1454 Spiritus
881 1418 1020 1445 sanctus
1053 1409 1117 1444 bac
1170 1407 1324 1442 Ecclesia
1356 1409 1400 1442 sit
1431 1408 1584 1443 subiecta
1619 1411 1734 1449 cruci,
1771 1418 1803 1444 et
1831 1413 1924 1455 quod
1953 1411 2045 1445 Deus
2071 1411 2161 1446 banc

130 1460 202 1504 ipsa
238 1473 320 1493 voce
353 1461 466 1494 lucem
501 1462 537 1494 in
563 1462 729 1495 cordibus
751 1463 927 1503 accendit,
962 1470 999 1496 ut
1026 1470 1116 1495 recte
1169 1459 1404 1493 obedientiam
1425 1460 1595 1504 postulet,
1623 1461 1692 1494 imo
1709 1462 1823 1495 sciunt
1848 1462 1958 1494 lilium
1980 1463 2063 1503 Dei,
2099 1464 2161 1508 qui

128 1511 328 1555 intelligant
352 1509 604 1555 Evangelium,
639 1520 670 1546 et
692 1513 878 1547 flectantur
903 1526 1019 1558 mens,
1054 1526 1116 1546 vo-
1169 1518 1219 1544 est
1243 1519 1346 1554 caput
1372 1509 1567 1550 Ecclesiae,
1604 1512 1762 1545 futurum
1790 1524 1862 1545 esse
1892 1514 2088 1552 victimam,
2127 1521 2161 1547 et

128 1563 245 1595 luntas
265 1570 294 1595 et
313 1575 372 1596 cor
387 1564 430 1595 ad
448 1565 684 1604 credendum,
722 1570 754 1597 et
779 1564 974 1598 excitentur
1000 1573 1116 1598 motus
1169 1562 1398 1595 toleraturum
1424 1562 1666 1595 acerbissimos
1689 1564 1872 1599 cruciatus.
1935 1564 2081 1597 Interim
2107 1572 2159 1598 ta—

128 1613 386 1647 consentientes
414 1614 481 1656 legi
513 1613 597 1655 Dei,
642 1622 675 1648 et
704 1616 980 1656 consolationes,
1024 1628 1115 1660 quae
1169 1625 1247 1644 men
1263 1612 1399 1652 sciunt,
1436 1625 1470 1645 se
1487 1620 1517 1645 et
1534 1611 1727 1646 Ecclesiam
1751 1613 1885 1654 iuvari,
1914 1621 1946 1647 et
1971 1616 2159 1648 sustentari

130 1671 211 1697 sunt
240 1664 392 1698 incoatio
419 1665 511 1697 vitae
534 1672 715 1705 aeternae,
749 1673 786 1698 ut
811 1665 973 1699 Christus
998 1667 1115 1711 inquit
1167 1676 1185 1696 a
1203 1662 1295 1701 Deo,
1330 1670 1361 1696 et
1386 1664 1524 1697 tandein
1551 1664 1661 1696 exitus
1686 1664 1760 1696 sore
1783 1664 1893 1698 laetos
1921 1672 1954 1698 et
1977 1665 2158 1708 gloriosos,

132 1713 229 1747 loan.
249 1713 321 1748 17.:
357 1713 453 1747 Haec
470 1722 519 1748 est
538 1715 607 1748 vita
625 1723 786 1754 aeterna,
815 1724 852 1750 ut
869 1725 1057 1759 agnoscant
1083 1725 1115 1750 te
1169 1727 1231 1747 nec
1251 1714 1389 1747 labores
1404 1725 1484 1747 SUOS
1504 1714 1624 1747 inanes
1640 1721 1671 1747 et
1691 1715 1810 1748 irritos
1828 1726 1912 1749 esse·

128 1765 242 1798 solum
261 1777 382 1799 verum
409 1776 480 1798 esse
497 1765 631 1806 Deum,
667 1773 701 1799 et
724 1778 827 1811 quem
852 1768 975 1801 misisti
1001 1767 1113 1800 lesum
1273 1764 1438 1798 ieremiae
1470 1765 1678 1807 gubernatio
1709 1766 1891 1799 dissimilis
1922 1773 1971 1799 est
1996 1768 2156 1801 omnium

128 1826 200 1848 esse
215 1813 416 1855 Christum,
449 1827 489 1849 ac
511 1817 554 1848 de
579 1824 729 1861 utroque
750 1817 938 1858 beneficio,
975 1819 1114 1861 publico
1168 1815 1388 1859 superiorum
1413 1812 1672 1859 Prophetarum
1695 1817 1872 1856 consiliis,
1907 1829 2028 1850 omnes
2051 1830 2155 1862 supe-

128 1874 159 1898 et
179 1866 333 1910 privato,
363 1878 463 1910 saepe
481 1867 548 1899 iam
563 1868 696 1900 dictum
716 1875 786 1907 est,
806 1875 836 1900 et
856 1880 976 1901 rursus
994 1870 1114 1901 dicen-
1168 1867 1277 1898 riores
1299 1864 1558 1909 prohibuerunt
1578 1866 1814 1905 deditionem,
1843 1874 1874 1900 et
1895 1867 2073 1903 iusserunt
2099 1870 2154 1901 di-

128 1919 213 1950 dum
238 1917 316 1952 erit.
373 1915 534 1962 Cumque
558 1919 662 1951 verba
686 1925 798 1951 textus
821 1920 907 1952 adeo
934 1919 1113 1964 perspicua
1168 1917 1315 1957 micare,
1361 1918 1453 1961 quod
1482 1917 1674 1950 suadebant
1700 1925 1728 1950 et
1759 1918 2027 1961 promissiones,
2065 1932 2154 1964 quae

127 1968 216 2007 sint,
243 1979 315 2000 non
343 1974 392 2001 cst
415 1979 504 2011 opus
526 1968 630 2011 longa
657 1969 897 2010 enarratione,
933 1971 990 2003 sed
1019 1983 1114 2003 com-
1167 1968 1411 2011 significabant
1427 1979 1572 2010 regnum
1593 1968 1630 2000 in
1650 1967 1733 2001 luda
1752 1980 1956 2002 mansurum
1976 1982 2058 2004 esse.
2106 1968 2154 2004 At

126 2018 307 2051 monefieri
341 2018 506 2051 lectorem
537 2021 696 2063 prodest,
741 2020 867 2053 deinde
900 2021 956 2064 pia
983 2021 1115 2064 cogita-
1169 2018 1330 2051 Ieremias
1362 2020 1483 2051 suadet
1515 2018 1752 2059 deditionem,
1796 2032 1884 2064 quae
1911 2027 1984 2053 erat
2009 2021 2152 2054 exitiosa

126 2069 223 2103 tione
252 2070 288 2101 in
319 2069 536 2114 quotidianis
568 2070 733 2114 periculis
765 2078 799 2104 et
822 2072 859 2103 in
880 2072 1114 2112 invocatione,
1167 2067 1247 2102 huic
1263 2069 1326 2102 toti
1346 2069 1499 2112 politiae,
1517 2077 1549 2103 et
1567 2070 1776 2112 dissipatura
1796 2077 2026 2113 eratgentein.
2056 2070 2152 2105 Haec

127 2117 194 2154 hae
211 2120 432 2153 dulcissimae
450 2121 698 2164 promissiones
714 2122 802 2156 fiunt
820 2122 1040 2158 illustriores.
1166 2131 1323 2165 pugnare
1340 2120 1553 2153 videbantur
1576 2133 1654 2153 cum
1682 2121 1931 2164 promissione,
1966 2133 2030 2154 nec
2057 2123 2151 2155 enim

1166 2171 1356 2204 verisimile
1376 2171 1582 2212 videbatur,
1606 2171 1809 2215 dissipatam
1835 2179 1970 2214 gentem
1995 2179 2072 2216 post
2098 2185 2151 2206 se-

1165 2222 1348 2271 ptuaginta
1365 2234 1476 2254 annos
1493 2234 1613 2255 rursus
1631 2223 1832 2264 congregari
1852 2234 1950 2265 posse
1976 2223 2011 2255 in
2039 2236 2150 2257 unum

228 2272 287 2307 Sic
318 2271 356 2305 in
380 2270 445 2305 hac
469 2273 640 2306 sententia
668 2275 1035 2309 commonefaciendus
1064 2282 1114 2308 est
1167 2275 1298 2313 locum,
1334 2279 1393 2306 aut
1416 2285 1523 2305 unam
1551 2273 1696 2305 sormam
1723 2272 1876 2316 Reipub.
1936 2272 2019 2306 Ideo
2046 2273 2150 2307 Prin-

128 2324 255 2365 lector,
289 2335 357 2369 qua
375 2325 418 2356 de
440 2336 476 2357 re
499 2324 646 2359 dicatur.
701 2324 823 2358 Postea
851 2327 886 2358 in
911 2326 1113 2360 afflictioni·
1165 2325 1276 2369 cipes,
1305 2323 1490 2357 Pontifices
1511 2331 1542 2357 et
1560 2322 1765 2357 Sacerdotes
1783 2324 1948 2364 oderant,
1980 2331 2012 2357 et
2030 2325 2150 2359 multis

128 2375 193 2408 ltus
226 2382 258 2409 et
290 2375 478 2418 periculis,
529 2373 620 2408 hanc
650 2376 917 2419 promissionem
949 2377 1111 2419 cogitatio
1137 2364 1140 2408 l
1165 2376 1278 2409 modis
1302 2375 1546 2408 excruciabant
1572 2372 1763 2408 Ieremiam.
1826 2372 1920 2407 Haec
1945 2375 2070 2408 tolerat
2094 2376 2150 2408 in-

129 2426 252 2459 reddet
269 2425 509 2460 illustriorem.
564 2425 672 2459 Multi
692 2427 957 2461 intellexerunt:
986 2427 1111 2461 Pacem
1165 2427 1259 2470 genti
1277 2426 1405 2459 robore
1421 2426 1550 2464 animi,
1578 2431 1610 2457 et
1627 2424 1690 2457 scit
1711 2436 1792 2457 suos
1816 2425 1953 2458 labores
1979 2426 2150 2460 salutares

128 2477 290 2522 relinquo
309 2477 427 2518 vobis,
460 2475 605 2521 probae
621 2479 811 2511 sententia:
842 2479 933 2512 Volo
956 2490 1018 2512 vos
1042 2491 1113 2512 esse
1164 2490 1236 2511 esse
1252 2475 1428 2511 Ecclesiae
1446 2476 1527 2516 Dei,
1561 2475 1696 2508 etiamsi
1719 2475 1815 2509 videt
1838 2476 2012 2510 excidium
2038 2477 2147 2521 urbis,

130 2529 317 2561 concordes
335 2528 427 2561 inter
443 2541 523 2567 vos,
549 2536 579 2561 et
597 2529 745 2561 tolerare
764 2530 927 2571 iniurias,
950 2542 1012 2563 nec
1029 2542 1113 2563 con-
1164 2528 1428 2572 dissipationem
1442 2555 1449 2568 ,
1478 2534 1509 2560 et
1528 2536 1627 2559 neces
1645 2525 1774 2559 civium
1787 2553 1796 2567 ,
1822 2526 1884 2559 scit
1910 2535 1942 2561 et
1964 2524 2049 2567 hoc,
2077 2539 2111 2561 se
2130 2541 2148 2561 a

129 2579 234 2611 citare
258 2579 395 2625 plebem
421 2587 541 2613 contra
559 2577 744 2622 Evangelii
768 2579 895 2617 hostes.
952 2579 1029 2614 Etsi
1050 2593 1112 2614 au-
1163 2579 1238 2613 Deo
1255 2579 1388 2624 protegi
1407 2585 1438 2612 et
1454 2577 1586 2617 iuvari,
1616 2588 1818 2622 quanquam
1839 2588 1941 2621 saepe
1960 2579 2148 2612 crudeliter

126 2637 197 2663 tem
215 2629 300 2662 alias
317 2640 416 2673 saepe
434 2631 476 2663 de
495 2631 681 2664 concordia
694 2658 702 2674 ,
719 2639 750 2666 et
768 2633 810 2665 de
826 2632 1010 2666 tolerantia
1028 2645 1110 2665 con·
1165 2637 1308 2664 vexetur
1323 2630 1367 2662 ab
1382 2629 1554 2668 inimicis,
1568 2640 1606 2661 ac
1622 2628 1764 2661 tandem
1782 2628 1819 2661 in
1837 2626 1995 2673 Aegypto
2014 2628 2147 2662 interfi—

127 2681 306 2721 cionatur,
335 2687 448 2713 tamen
468 2682 600 2715 dictum
619 2684 712 2726 quod
732 2681 788 2717 hic
806 2684 948 2727 legitur,
975 2695 1045 2717 non
1063 2691 1110 2717 est
1135 2678 1139 2720 ἱ
1165 2683 1267 2717 citur.
1322 2679 1361 2713 In
1387 2678 1441 2713 his
1465 2679 1672 2713 tristissimis
1695 2679 1898 2724 spectaculis
1926 2686 2040 2712 tamen
2066 2680 2149 2714 reti-

177 2734 352 2764 Mamm.
382 2734 483 2765 open.
509 2735 589 2764 Vox„
621 2735 696 2766 XV.
1613 2731 1659 2763 21

392 2201 523 2237 Pacem
544 2216 660 2238 meam
679 2203 723 2239 do
740 2205 850 2242 cobis.
