2415 2942
297 129 390 165 1099
884 117 1006 152 PlltL.
1036 115 1151 152 MEL.
1191 113 1401 150 semem
1422 112 1720 151 EXEGETICA.
2212 117 2309 153 1100

295 216 450 257 Aegvpto
465 236 474 249 ,
510 215 542 241 ct
566 207 670 241 sciret
698 204 766 238 iam
795 215 830 237 se
858 203 895 236 in
919 209 1048 237 terram
1073 200 1280 246 promissam
1332 212 1409 245 cap.
1425 201 1506 241 21„
1532 200 1596 234 ubi
1618 201 1656 235 fit
1677 202 1809 236 mentio
1824 209 2042 246 serpentum,
2068 210 2103 238 et
2119 201 2233 237 Exodi
2252 202 2310 239 17.

297 254 460 299 Patribus
495 259 597 298 duci,
644 256 706 290 ubi
737 254 982 299 pulcerrimam
1007 253 1167 298 politiam
1201 259 1280 287 tan·
1332 262 1416 285 usus
1446 257 1499 285 est
1532 250 1674 298 Moyses
1708 250 1763 286 his
1795 253 1925 287 verbis:
1968 253 2040 288 Cur
2070 255 2210 289 tentatis
2234 253 2311 289 Do-

299 325 403 360 quam
437 312 552 344 sedem
578 306 756 342 Ecclesiae
789 313 915 339 certam
947 303 1043 338 Deus
1074 302 1281 338 conditurus
1332 302 1493 336 minum?

299 371 389 399 erat:
424 373 519 394 nunc
543 371 605 394 nec
623 357 737 392 Deum
762 368 825 389 nec
851 355 1019 389 miracula
1040 355 1281 391 recordantur,
1434 351 1510 386 Etsi
1542 359 1657 386 autem
1684 349 1752 385 hoc
1777 360 1978 396 peccatum,
2021 361 2156 389 tentare
2179 355 2307 399 Deum,

300 417 359 450 sed
377 413 492 448 taedio
509 411 673 444 itinerum
692 408 792 441 fracti
812 408 1010 440 irascuntur
1030 405 1159 451 Moysi,
1174 415 1282 449 quae·
1334 403 1436 436 valde
1464 410 1563 436 atrox
1595 409 1662 444 est,
1706 410 1740 437 et
1767 415 1866 447 saepe
1892 405 2038 444 accidit,
2081 413 2197 440 tamen
2228 407 2310 450 quia

301 471 430 500 runtur
453 474 487 496 se
512 460 667 495 humano
692 458 859 498 consilio,
903 464 936 491 et
962 457 1071 501 ipsius
1096 455 1283 501 tyrannide
1335 453 1518 487 obscurius
1542 459 1612 493 est,
1646 454 1917 488 declarationem
1943 457 2112 489 addemus
2135 468 2175 489 ex
2200 457 2312 490 colla-

302 529 343 551 ex
368 514 526 559 Aegypto
553 512 696 545 eductos
719 521 804 543 esse.
857 508 948 542 Sunt
973 515 1005 541 et
1029 506 1285 545 inobedientes,
1336 505 1432 540 tione
1457 502 1523 538 hoc
1546 505 1662 538 modo.

303 574 341 601 ut
359 564 512 600 ostendit
534 561 771 606 impatientia,
799 560 880 605 quia
897 559 1108 591 mediocrem
1128 557 1284 589 laborem
1437 553 1616 588 Differunt
1656 554 1894 589 Murmuratio
1940 563 1973 590 et
2015 563 2148 591 tentare
2189 557 2313 592 Deum.

304 619 472 652 itinerum
499 619 660 647 recusant
681 612 783 646 serre.
833 609 993 654 Cumque
1018 607 1203 641 mediocris
1227 619 1287 639 co-
1339 605 1576 639 Murmuratio
1610 606 1704 638 enim
1743 613 1791 640 est
1825 607 2085 650 impatientiae,
2140 619 2229 653 quae
2265 615 2316 643 est

305 669 363 713 pia
389 667 433 700 sit
457 665 589 705 victus,
617 675 680 696 nec
698 663 857 695 laborent
874 661 982 700 tame,
1008 660 1176 692 fruuntur
1192 658 1286 690 enim
1340 657 1580 690 inobedientia
1599 656 1750 689 irascens
1763 656 1838 689 Deo
1865 658 1898 689 in
1917 659 2092 691 aerumnis
2109 666 2167 692 aut
2184 659 2316 703 poenis.

307 719 443 753 Manna
455 744 464 757 ,
490 727 564 749 non
581 713 736 748 contenti
752 718 833 745 sunt
850 708 916 743 hoc
933 711 1027 744 dono
1037 707 1101 743 Dei
1113 735 1123 753 ,
1151 709 1209 742 sed
1227 720 1289 752 ap-
1340 707 1440 740 Hanc
1457 707 1733 740 inobedientiam
1753 708 1985 751 intelligimus
2009 716 2202 754 utcunque,
2234 710 2317 755 quia

306 774 431 815 petunt
453 766 607 799 delicias,
1342 770 1442 801 saepe
1466 764 1497 791 et
1521 758 1558 790 in
1574 758 1702 791 sanctis
1726 759 1877 792 existunt
1897 759 1980 792 tales
1997 759 2158 793 fremitus
2173 767 2207 795 et
2221 760 2317 795 indi-

410 817 510 851 Hanc
534 812 859 857 intemperantiam,
887 823 964 844 cum
994 809 1137 855 quidem
1163 814 1196 842 et
1221 807 1290 840 alia
1342 809 1542 853 gnationes,
1569 815 1606 841 ut
1624 808 1660 841 in
1677 808 1759 849 Iol),
1795 808 1938 842 Ieremia
1955 816 1986 843 et
2003 810 2091 846 aliis.

311 875 448 915 peccata
465 867 652 905 accedunt,
678 864 781 907 punit
797 862 902 897 Deus.
943 859 989 895 Et
1006 860 1133 894 similia
1152 865 1291 903 peccata
1446 858 1514 892 Sed
1531 865 1664 892 tentare
1683 857 1796 892 Deum
1814 860 1911 893 addit
1929 860 2024 893 aliud
2049 867 2228 905 peccatum
2244 874 2320 896 ma—

311 920 459 954 subinde
477 918 514 950 in
532 915 685 949 Ecclesia
706 914 895 953 accedunt,
917 919 956 946 ut
979 923 1092 949 nunc,
1121 910 1203 955 quia
1221 909 1291 942 dif-
1346 910 1410 942 ius.
1463 908 1541 941 Non
1560 916 1694 942 tantum
1712 916 1759 942 est
1779 910 1878 943 irasci
1904 909 1997 951 Deo,
2024 912 2081 944 sed
2101 911 2203 945 etiam
2220 913 2319 946 insu—

311 970 479 1004 ficultates
505 968 543 1000 in
568 979 605 1000 re
631 964 816 1004 familiari,
860 970 894 997 et
917 969 1100 1007 potentum
1125 961 1292 994 adversus
1344 972 1407 1005 per
1437 960 1564 992 addere
1599 959 1651 992 vet
1683 961 1923 1002 negationem,
1963 963 2018 994 vel
2050 963 2322 1003 correctionem,

312 1032 377 1055 nos
400 1019 480 1053 odia
505 1025 539 1051 et
560 1021 776 1051 contemtum
800 1015 1000 1058 experimur
1030 1018 1174 1057 propter
1210 1022 1292 1054 pro·
1344 1010 1471 1044 fiducia
1499 1010 1660 1054 propriae
1677 1011 1884 1054 sapientiae,
1919 1018 1955 1044 ut
1979 1012 2016 1044 in
2042 1012 2164 1046 Exodo
2187 1015 2322 1047 addunt

312 1072 497 1106 sessionem
515 1066 717 1110 Evangelii,
751 1066 851 1099 multi
878 1070 1049 1108 appetunt
1073 1074 1178 1096 suave
1203 1061 1294 1094 illud
1346 1061 1586 1104 negationem:
1621 1060 1729 1093 Estne
1747 1060 1920 1094 Dominus
1939 1063 2030 1095 inter
2047 1074 2130 1103 nos,
2163 1076 2207 1096 an
2227 1065 2323 1097 non'?

313 1124 425 1156 otium
460 1127 494 1154 et
527 1119 768 1163 splendorem,
816 1128 918 1161 quem
970 1112 1173 1147 habuerunt
1212 1119 1293 1145 ante
1347 1111 1419 1146 Ubi
1448 1111 1693 1145 contradicunt
1717 1112 1909 1146 manifestis
1937 1113 2115 1146 miraculis
2139 1115 2236 1157 quasi
2263 1117 2325 1148 de—

315 1171 595 1207 emendationem
621 1168 811 1201 doctrinae.
865 1165 940 1199 Imo
966 1165 1076 1209 aliqui
1099 1164 1295 1197 abutuntur
1347 1162 1437 1206 cepti
1455 1161 1545 1201 sint,
1573 1168 1606 1196 et
1622 1168 1691 1195 tota
1711 1159 1793 1195 haec
1809 1163 1966 1203 eductio,
1991 1164 2091 1207 plena
2109 1165 2326 1199 mirabilium

315 1222 508 1266 Evangelio
523 1221 567 1253 ad
591 1219 785 1262 augendam
804 1215 1110 1260 intemperantiam
1130 1221 1163 1248 et
1180 1213 1295 1247 avari·
1348 1212 1631 1247 testimoniorum
1649 1210 1741 1253 Dei,
1772 1213 1873 1245 fuerit
1892 1214 2095 1257 impostura.

319 1276 427 1311 ciam,
461 1279 494 1306 et
517 1272 561 1305 ad
584 1269 853 1303 ostentationem
883 1273 915 1300 et
946 1265 1144 1313 splendoris
1169 1264 1297 1307 ampli·
1451 1262 1492 1296 ln
1514 1262 1678 1296 Numeris
1699 1263 1809 1306 capite
1835 1264 1892 1299 14.
1915 1265 2050 1298 addunt
2073 1266 2325 1300 correctionem

318 1324 525 1358 ficationem.
580 1320 724 1355 Secutae
742 1325 824 1352 sunt
845 1318 952 1361 igitur
977 1328 1127 1361 poenae,
1155 1315 1246 1348 bella
1264 1321 1298 1347 et
1349 1312 1563 1347 horrendam
1591 1325 1632 1346 ex
1655 1325 1716 1347 sua
1741 1314 1930 1357 sapientia,
1960 1316 2084 1350 volunt
2107 1328 2239 1350 novum
2258 1318 2326 1351 du-

317 1376 405 1410 anae
431 1373 656 1407 calamitates·
1350 1377 1421 1397 cem
1448 1364 1594 1406 eligere,
1645 1376 1663 1397 a
1695 1377 1765 1409 quo
1800 1365 2013 1399 reducantur
2044 1366 2082 1399 in
2114 1366 2325 1413 Aegyptum.

420 1424 582 1459 Secundo
603 1421 808 1454 nominatur
826 1417 983 1451 adoratio
1004 1416 1199 1450 Idolorum.
1251 1412 1299 1447 Et
1350 1415 1473 1447 Postea
1491 1421 1670 1459 utcunque
1688 1416 1851 1457 repressi,
1879 1416 2004 1449 volunt
2021 1428 2161 1460 pergere
2179 1424 2212 1452 et
2227 1430 2328 1462 prae-

319 1477 424 1509 verba
441 1481 630 1507 sumuntur
645 1484 683 1504 ex
702 1470 824 1515 Moyse
850 1469 961 1512 capite
985 1468 1043 1501 32.
1072 1467 1208 1508 Exodi,
1236 1465 1298 1497 ubi
1322 1436 1326 1509 i
1351 1465 1429 1498 liari
1453 1476 1530 1497 cum
1555 1462 1734 1505 hostibus,
1762 1478 1839 1498 cum
1860 1467 2001 1510 quidem
2027 1474 2110 1500 tunc
2129 1468 2227 1502 Deus
2243 1481 2325 1512 pro-

321 1526 472 1571 populus
495 1525 628 1557 otiosus
647 1529 679 1554 et
695 1532 835 1554 securus
852 1519 947 1553 iubet
964 1518 1127 1551 fabricari
1147 1517 1297 1549 idolum.
1324 1511 1326 1541 i
1351 1513 1496 1548 biberet.
1551 1514 1599 1547 Ita
1617 1527 1717 1559 saepe
1735 1513 1886 1548 humana
1905 1517 2075 1560 sapientia
2094 1526 2220 1561 peccat,
2237 1532 2326 1564 quae

321 1578 390 1611 Nec
409 1575 555 1609 dubium
577 1580 627 1606 est
645 1572 816 1616 populum
843 1569 947 1604 lsrael
967 1568 1164 1601 imitatione
1184 1566 1298 1611 Aegy·
1351 1567 1449 1599 iubet
1478 1562 1608 1605 Deus,
1647 1577 1720 1598 non
1746 1567 1820 1599 vult
1850 1567 1981 1608 facere,
2024 1575 2055 1600 et
2080 1569 2213 1613 quaerit
2243 1570 2328 1611 alia,

326 1628 480 1673 ptiorum
498 1625 683 1658 fabricasse
701 1621 871 1659 vitulum,
900 1620 980 1665 quia
1001 1618 1162 1664 Aegyptii
1181 1617 1299 1650 colue-
1352 1628 1440 1660 quae
1471 1613 1646 1659 prohibet.
1723 1613 1838 1649 Actias
1871 1628 1945 1650 non
1976 1618 2052 1651 vult
2091 1631 2213 1662 parere
2252 1622 2328 1654 voci

322 1685 406 1713 runt
432 1675 530 1723 Apin
563 1675 674 1719 specie
704 1673 815 1712 tauri,
862 1677 1005 1714 propter
1038 1669 1300 1712 agriculturam.
1352 1665 1493 1708 Esaiae,
1521 1665 1557 1698 in
1582 1678 1649 1710 qua
1674 1664 1768 1699 Deus
1791 1667 1965 1710 promittit
1982 1669 2011 1701 ei
2029 1669 2208 1703 auxilium.
2260 1670 2330 1704 Po-

323 1729 368 1762 Et
395 1739 496 1772 saepe
526 1725 686 1759 homines
720 1725 762 1756 ad
793 1723 918 1756 usitata
951 1721 1045 1754 idola
1078 1720 1297 1753 relabuntur.
1354 1724 1424 1750 stea
1451 1717 1587 1761 quaerit
1604 1717 1796 1761 impiorum
1822 1729 1941 1761 regum
1961 1720 2109 1769 auxilia,
2135 1733 2223 1765 quae
2248 1729 2331 1756 sunt

323 1779 514 1823 Praecipue
539 1788 622 1809 vero
647 1774 703 1808 hic
727 1774 985 1812 consideretur,
1013 1778 1142 1815 quanta
1167 1770 1211 1802 sit
1236 1767 1301 1801 ho-
1326 1786 1328 1802 ι
1353 1768 1418 1811 ipsi
1444 1775 1478 1800 et
1501 1778 1608 1810 regno
1634 1767 1841 1811 perniciosa.
1893 1766 2014 1802 Esaias
2031 1771 2132 1805 dicit:
2168 1771 2208 1805 ln
2224 1771 2331 1806 silen-

325 1831 463 1863 minum
481 1828 640 1864 miseria,
669 1825 763 1870 quod
787 1831 861 1867 post
884 1830 979 1857 tanta
998 1821 1165 1854 miracula
1189 1831 1301 1863 popu-
1327 1833 1328 1844 ¹
1353 1819 1402 1852 tio
1419 1825 1526 1866 etspe
1542 1818 1712 1851 fortitudo
1729 1825 1853 1853 vestra.
1900 1818 1967 1853 Sed
1987 1821 2089 1854 multi
2106 1830 2248 1865 propter
2264 1823 2331 1856 im-

326 1882 380 1914 lus
406 1887 523 1914 tamen
547 1877 670 1921 recipit
695 1875 780 1908 idoli
808 1875 959 1911 cultum,
1005 1884 1108 1917 quem
1134 1871 1264 1904 sciebat
1284 1881 1303 1902 a
1327 1865 1329 1890 l
1354 1869 1556 1912 patientiam
1582 1875 1613 1901 et
1638 1868 1869 1902 diffidentiam
1898 1878 2073 1914 quaerunt
2096 1874 2249 1906 remedia
2274 1874 2332 1906 in-

327 1932 402 1965 Deo
419 1931 624 1963 damnatum
643 1938 734 1967 esse,
761 1933 793 1960 et
809 1926 902 1970 quod
923 1923 1044 1957 Aaron
1066 1922 1266 1956 assentitur.
1354 1921 1456 1954 iusta.
1511 1918 1616 1952 Tales
1631 1920 1863 1953 correctiones
1880 1927 1962 1954 sunt
1980 1920 2113 1955 tentare
2130 1922 2254 1957 Deum.

427 1979 577 2014 Causam
595 1990 676 2011 vem
695 1983 830 2009 narrat:
858 1975 958 2010 Sedit
978 1974 1129 2017 populus
1153 1972 1304 2005 mandu-
1459 1969 1555 2003 Haec
1584 1970 1826 2014 interpretatio
1852 1971 2011 2014 congruit
2037 1984 2115 2005 cum
2148 1973 2332 2013 sententia,

329 2044 407 2066 care
437 2037 469 2063 et
496 2031 636 2069 bibere,
677 2035 710 2060 et
733 2026 882 2060 surrexit
908 2026 1039 2058 ludere.
1094 2023 1132 2056 ld
1162 2029 1231 2062 est,
1267 2022 1304 2054 in
1355 2018 1485 2056 Matth.
1510 2019 1573 2061 4.,
1611 2021 1674 2054 ubi
1703 2032 1780 2054 cum
1812 2021 1974 2055 diabolus
2005 2029 2089 2056 esset
2113 2035 2252 2064 suasor,
2293 2031 2334 2058 ut

328 2084 413 2116 luxu
430 2088 463 2114 et
484 2081 521 2113 in
540 2080 612 2113 otio
632 2077 792 2111 homines
811 2076 972 2119 frigidius
999 2075 1163 2107 invocant
1179 2073 1305 2110 Deum,
1356 2069 1518 2106 Christus
1541 2071 1678 2104 omissis
1701 2070 1867 2114 gradibus
1891 2072 2054 2106 deiiceret
2077 2086 2113 2107 se
2131 2075 2174 2108 de
2195 2076 2334 2119 fastigio

329 2140 365 2167 et
387 2132 519 2165 maiore
545 2129 688 2164 audacia
716 2128 852 2170 fingunt
877 2126 1062 2170 opiniones
1085 2126 1128 2157 de
1150 2124 1241 2163 Deo,
1268 2128 1306 2155 ut
1357 2122 1478 2166 templi
1498 2133 1560 2166 per
1582 2122 1719 2165 aerem,
1746 2123 1926 2166 respondit
1941 2120 2120 2159 Christus:
2157 2125 2238 2160 Non
2257 2133 2335 2160 ten-—

330 2195 431 2228 saepe
458 2181 584 2215 accidit
606 2181 643 2212 in
668 2177 836 2213 Ecclesia.
899 2177 1163 2214 samosatenus,
1200 2173 1308 2206 Arius
1358 2173 1449 2206 tabis
1481 2172 1676 2207 Dominum
1710 2171 1824 2205 Deum
1861 2180 1973 2208 tuum.
2026 2173 2252 2219 Perspicuum
2284 2183 2336 2210 est

331 2241 363 2268 et
394 2233 545 2271 similes,
587 2242 664 2264 cum
694 2230 730 2262 in
759 2240 883 2271 magua
916 2227 1098 2259 securitate
1133 2225 1307 2263 viverent,
1358 2224 1453 2256 enim
1485 2220 1553 2256 hoc
1585 2223 1675 2255 velle
1697 2221 1897 2256 Christum:
1939 2236 2009 2257 non
2044 2232 2125 2259 sunt
2157 2227 2336 2261 faciendae

334 2295 443 2317 novas
465 2282 649 2326 opiniones
672 2280 870 2327 petulanter
897 2278 1152 2319 excogitarunt:
1191 2282 1225 2308 et
1254 2272 1310 2307 his
1360 2273 1592 2307 correctiones
1606 2274 1839 2306 ordinationis
1856 2274 1997 2308 divinae
2013 2272 2164 2309 humana
2186 2277 2338 2312 curiosi-

333 2333 503 2378 proximis
531 2332 633 2365 annis
658 2330 759 2363 multi
785 2330 922 2362 furores
945 2328 1154 2370 opinionum
1188 2325 1310 2359 extite-
1359 2331 1447 2362 tate,
1474 2325 1532 2356 sed
1551 2321 1657 2356 homo
1675 2324 1786 2357 sciens
1802 2325 2005 2359 mandatum
2024 2332 2055 2359 et
2076 2327 2336 2362 ordinationem

334 2392 429 2418 runt.
482 2382 527 2416 Et
547 2383 597 2414 illi
616 2381 702 2424 ipsi,
730 2380 789 2425 qui
807 2387 906 2412 antea
926 2375 1229 2410 vehementissime
1248 2387 1310 2408 vo-
1361 2373 1426 2408 Dei
1447 2386 1588 2407 manere
1608 2375 1700 2408 inter
1721 2372 1782 2408 has
1804 2382 1912 2409 metas
1929 2384 2129 2410 reverenter
2154 2379 2276 2420 (lebet,
2304 2386 2337 2414 et

334 2434 463 2467 ciserati
490 2440 570 2465 suut
596 2438 715 2465 contra
741 2429 973 2468 ceremonias,
1001 2440 1096 2460 nunc
1123 2427 1311 2460 restituunt
1361 2424 1437 2458 Deo
1463 2425 1589 2468 gratias
1612 2437 1732 2468 agere,
1765 2432 1800 2459 et
1822 2426 1853 2458 ei
1876 2426 2028 2460 obedire.

2084 2426 2130 2461 Ut
2156 2441 2234 2463 cum
2250 2430 2338 2464 scia-

335 2483 500 2523 Missam,
527 2483 560 2514 in
578 2495 643 2526 qua
661 2482 776 2514 sciunt
792 2481 1012 2513 manifestum
1029 2478 1162 2511 idolum
1180 2488 1262 2511 esse.
1362 2487 1439 2508 mus
1460 2477 1665 2509 mandatum
1689 2482 1722 2509 et
1745 2475 2003 2509 ordinationem
2021 2477 2084 2510 Dei
2101 2490 2190 2520 esse,
2217 2478 2337 2514 utho-

437 2533 559 2566 Tertio
580 2534 622 2564 de
640 2532 858 2566 Scortatione
876 2531 1032 2563 intuetur
1048 2528 1176 2562 Paulus
1202 2525 1312 2559 histo·
1363 2538 1420 2559 mo
1446 2526 1553 2569 vitam
1580 2526 1657 2559 cibo
1684 2532 1716 2559 et
1744 2533 1830 2570 potu
1857 2526 1988 2567 foveat,
2039 2535 2076 2561 ut
2102 2529 2139 2562 in
2165 2531 2278 2575 primo
2303 2539 2338 2566 et

334 2586 423 2619 riam
442 2585 478 2616 in
496 2583 658 2616 Numeris
675 2594 748 2625 cap.
766 2580 826 2616 25.
1363 2577 1514 2609 secundo
1539 2577 1650 2620 capite
1674 2576 1756 2609 libri
1784 2577 1816 2611 1.
1840 2575 1956 2622 Moysi
1982 2579 2150 2622 scriptum
2172 2588 2240 2620 est,
2269 2581 2339 2615 Fa-

437 2633 572 2677 Quarto
605 2632 764 2664 nominat
788 2638 983 2675 peccatum:
1026 2628 1179 2662 Tentare
1208 2624 1314 2660 Chri-
1364 2634 1453 2660 ceret
1486 2634 1664 2670 peccatum
1692 2624 1798 2659 huius
1822 2627 1975 2669 generis,
2016 2629 2052 2662 id
2076 2637 2145 2673 est,
2191 2639 2339 2667 tentaret

336 2694 426 2719 stum
439 2712 447 2725 ,
475 2684 572 2717 cuius
591 2682 787 2725 exemplum
807 2688 857 2714 est
875 2681 913 2713 in
928 2679 1074 2714 historia
1096 2679 1130 2711 iu
1150 2678 1312 2712 Numeris
1336 2702 1340 2721 1
1365 2677 1502 2718 Deum,
1529 2677 1556 2709 si
1577 2676 1654 2722 quis
1671 2676 1780 2711 nollet
1797 2677 1849 2710 uti
1867 2677 1944 2712 cibo
1962 2685 1994 2712 et
2015 2686 2109 2724 potu.
