2415 2942
271 93 342 129 195

272 185 310 212 ut
335 187 455 210 omnes
483 173 590 217 ipsius
613 169 719 203 verbo
746 165 908 203 credant,
951 169 984 196 et
1007 162 1118 196 sciant
1141 160 1255 195 Deum

276 229 365 261 velle
386 232 527 271 propter
545 224 656 265 ipsum
682 218 815 251 salvare.
835 214 1031 253 credentes,
1065 220 1097 246 et
1120 220 1256 246 sumtu-

278 291 355 312 rum
375 286 503 321 poenas
521 275 563 306 de
589 282 658 302 nou
676 265 919 303 credentibus,
944 271 983 298 ut
997 265 1210 297 damnentur
1226 270 1257 297 et

275 334 438 372 pereant,
471 334 587 356 eversa
614 326 683 353 tota
707 316 827 361 politia
861 313 965 348 huius
993 315 1136 359 populi,
1171 325 1259 359 quae

277 385 415 412 tantum
449 380 591 418 propter
620 367 715 402 hunc
740 367 903 400 Messinm
928 378 946 399 a
969 365 1044 398 Deo
1071 366 1258 399 constituta

276 435 366 466 erat,
393 433 431 460 ut
456 425 492 457 in
520 421 584 455 hoc
608 419 737 465 populo
764 425 918 451 extarent
945 417 1194 460 promissiones
1218 417 1260 448 de

276 476 435 515 Christo,
472 481 506 508 et
530 474 602 518 ipse
627 475 872 514 agnosceretur
897 467 1060 501 dominus
1085 474 1117 500 et
1142 466 1261 513 propi-

279 528 402 562 ciator.

383 577 478 610 Idem
495 582 527 609 ct
542 572 597 607 bis
616 571 731 605 verbis
755 569 984 613 significatur:
1019 566 1109 601 Cum
1133 566 1262 601 exalta-

279 628 399 662 veritis
419 628 528 660 filium
546 623 715 662 bominis,
742 620 953 663 cognoscetis
978 620 1070 664 quod
1095 630 1156 661 ego
1175 630 1263 657 sum,

280 678 346 714 hoc
365 685 435 718 est,
463 689 540 710 cum
560 674 762 719 praestitero
782 669 846 704 boc
863 682 968 714 opus,
1003 676 1146 714 propter
1169 669 1262 713 quod

281 730 408 764 missus
423 740 517 767 sum,
543 725 705 758 videlicet
724 730 758 755 ut
778 724 855 754 fiam
877 721 1036 764 victima,
1064 728 1145 752 tunc
1164 719 1264 752 colli-

282 792 359 825 gam
374 779 585 814 Ecclesiam,
613 777 693 808 dato
713 773 848 816 Spiritu
874 778 1011 812 sancto,
1034 777 1065 803 et
1083 770 1183 803 editis
1197 770 1264 801 mi-

282 830 405 865 randis
429 829 612 873 operibus,
654 837 741 870 quae
765 823 1004 861 testabuntur,
1037 833 1092 853 me
1120 832 1264 861 regnare

284 882 406 916 divina
423 878 594 924 potentia,
621 874 711 909 hanc
730 872 957 916 experiemini
978 883 1038 904 vos
1056 871 1122 911 ita,
1148 877 1186 903 ut
1206 877 1265 903 aut

285 933 464 966 credentes
481 927 674 969 Evangelio
694 923 903 961 salvemini,
931 929 989 955 aut
1006 922 1033 954 si
1053 933 1124 953 non
1143 921 1266 953 voletis

285 982 449 1020 obedire,
476 986 508 1012 et
524 978 591 1022 ipsi
614 975 783 1024 pereatis,
818 980 850 1006 et
873 971 956 1005 haec
980 978 1051 1005 tota
1068 971 1189 1015 politia
1208 983 1267 1004 ve-

284 1040 354 1066 stra
379 1036 574 1069 evertatur,
621 1038 725 1072 quam
758 1036 818 1057 vos
848 1023 1030 1056 somniatis
1063 1029 1266 1065 perpetuam

282 1084 378 1120 fore,
411 1089 445 1115 et
469 1079 636 1113 Messiam
663 1076 724 1109 ubi
750 1074 900 1112 venerit,
941 1073 1162 1106 muniturum
1196 1083 1268 1104 esse

285 1146 373 1172 eam,
397 1138 429 1165 et
446 1130 737 1174 amplificaturum
758 1126 859 1168 longe
877 1125 1008 1157 maiore
1026 1124 1135 1166 gloria
1156 1129 1188 1156 et
1206 1135 1269 1166 po-

285 1184 394 1219 tentia
412 1180 597 1225 corporali.
650 1178 727 1211 IIoc
754 1183 827 1210 tum
847 1175 1000 1219 primum
1018 1175 1093 1214 fiet,
1118 1186 1196 1207 cum
1215 1185 1270 1205 me

286 1235 474 1268 exaltatum
494 1232 530 1264 in
549 1241 685 1264 crucem
704 1234 736 1260 et
753 1233 931 1260 mortuum
949 1226 1028 1265 iam,
1055 1224 1269 1258 existimabi-

288 1286 334 1320 tis
353 1294 495 1328 prorsus
518 1291 721 1325 oppressum
747 1290 837 1317 esse,
873 1277 942 1309 imo
969 1277 1071 1309 ctiam
1096 1276 1269 1308 abiectum

287 1344 322 1370 et
338 1336 542 1368 damnatum
561 1344 578 1364 a
594 1331 667 1365 Deo
679 1357 686 1370 ,
713 1330 771 1362 sed
791 1326 904 1361 statim
926 1324 1106 1370 posthanc
1123 1332 1269 1358 mortem

287 1394 322 1421 et
338 1385 575 1418 infirmitatem
595 1379 793 1424 apparebit,
827 1390 881 1411 me
905 1389 976 1410 esse
999 1377 1166 1409 victorem
1192 1387 1271 1419 pec-

289 1436 376 1480 cati,
404 1442 435 1469 et
454 1433 576 1467 mortis
595 1431 798 1469 dominum,
825 1435 857 1461 et
879 1430 1035 1462 datorem
1054 1427 1144 1459 vitae
1161 1433 1272 1459 aeter-

288 1500 367 1521 nae.
420 1485 478 1520 Sic
495 1483 708 1527 cognoscetis
724 1481 819 1526 quod
837 1491 898 1522 ego
923 1490 1020 1519 sum,
1055 1484 1086 1511 et
1104 1489 1120 1510 a
1141 1477 1272 1520 meipso

288 1539 379 1571 facio
397 1533 511 1576 nihil,
537 1535 573 1567 id
592 1540 659 1571 est,
686 1531 901 1574 cognoscetis
929 1541 984 1561 me
1010 1541 1082 1561 non
1106 1526 1273 1567 humana,

290 1589 348 1622 sed
368 1588 488 1621 divina
507 1584 660 1629 potentia
677 1594 841 1625 regnare,
869 1587 901 1614 et
927 1581 1028 1612 edere
1052 1591 1130 1611 vere
1152 1578 1272 1610 divina

290 1651 415 1683 opera,
448 1638 529 1670 dare
554 1634 727 1678 Spiritum
752 1638 910 1665 sanctum
934 1629 1117 1667 exaudire,
1154 1636 1186 1662 et
1205 1629 1273 1661 sal-

290 1702 372 1722 vare
400 1689 621 1727 invocantes,
660 1684 787 1729 punire
818 1694 890 1716 non
922 1681 1126 1715 obedientes
1155 1679 1272 1714 Evan-

292 1740 394 1784 gello-

408 1822 462 1857 Et
478 1822 570 1856 sicul
587 1831 640 1853 me
656 1816 777 1853 docuit
792 1821 914 1865 paler,
944 1814 996 1849 ila
1017 1813 1156 1862 loquor.

394 1891 434 1925 Id
455 1897 524 1933 est,
550 1889 644 1922 iuxta
666 1885 732 1920 hoc
750 1885 863 1928 ipsum
884 1883 1050 1923 verbum,
1077 1882 1170 1927 quod
1191 1881 1275 1914 ass'e-

291 1957 352 1983 ro,
381 1949 413 1976 et
436 1952 593 1985 spargam
621 1939 658 1970 in
683 1935 897 1975 Ecclesiam,
930 1940 969 1967 ut
994 1940 1173 1977 appareat,
1209 1930 1276 1965 hoc

291 2007 373 2028 vere
399 2004 470 2025 esse
492 1988 710 2023 immutabile
733 1987 909 2020 decretum
935 1991 968 2017 et
989 1985 1194 2017 mandatum
1218 1994 1276 2016 ae—

291 2045 382 2081 terni
401 2043 520 2086 patris.

395 2092 443 2127 Et
467 2091 566 2125 addit
587 2089 776 2122 rationem:
817 2085 890 2129 Qui
914 2097 968 2117 me
991 2085 1103 2124 misit,
1137 2095 1273 2116 mecum

292 2155 358 2186 est,
387 2153 419 2180 et
438 2155 510 2176 non
528 2139 712 2184 relinquit,
741 2137 838 2182 quasi
855 2137 960 2169 dicat:
998 2135 1078 2169 Scio
1102 2133 1167 2167 hoc
1186 2134 1274 2166 velle

292 2205 446 2242 patrem,
472 2201 504 2226 et
526 2203 586 2236 per
604 2202 659 2223 me
678 2189 882 2222 effecturum
908 2197 979 2218 esse
1003 2183 1087 2218 haec
1114 2185 1273 2217 miranda

293 2260 398 2295 opera
417 2247 452 2278 in
468 2242 640 2281 Ecclesia,
664 2241 830 2273 adversus
855 2237 1046 2280 potentiam
1067 2236 1216 2269 Satanae
1241 2241 1273 2268 et

293 2297 437 2336 mundi,
472 2303 504 2329 et
529 2292 595 2326 hoc
619 2298 755 2325 tantum
780 2289 810 2322 ei
835 2288 992 2332 placere,
1034 2287 1082 2319 sic
1104 2285 1272 2319 celebrari

292 2360 377 2383 voce
394 2344 598 2387 Evangelii,
627 2349 659 2375 et
676 2340 817 2384 agnosci
845 2339 979 2381 ipsum,
1014 2338 1106 2381 quod
1134 2343 1274 2380 propter

294 2412 350 2433 me.
365 2398 447 2430 velit
466 2406 601 2428 servare
619 2394 815 2430 credentes,
842 2389 936 2434 quod
962 2388 1045 2420 velit
1070 2400 1124 2419 me
1141 2387 1273 2426 audire,

294 2458 326 2485 et
344 2446 431 2482 mihi
449 2445 563 2485 credi,
598 2444 691 2488 quod
716 2447 857 2485 propter
883 2451 937 2472 me
963 2438 1103 2480 elegerit
1128 2445 1156 2470 et
1186 2437 1271 2469 reci-

291 2501 365 2545 piat
380 2497 584 2534 Ecclesiam,
609 2494 695 2527 sicut
712 2499 855 2526 testatus
872 2496 920 2523 est
937 2501 997 2522 sua
1014 2500 1112 2521 voce:
1140 2487 1208 2521 llic
1224 2494 1273 2521 est

293 2552 385 2585 filius
404 2559 501 2581 meus
524 2546 690 2583 dilectus,
723 2555 793 2587 quo
819 2541 986 2574 delector:
1024 2537 1118 2572 hunc
1143 2538 1272 2577 audite,

290 2609 329 2636 ut
345 2608 376 2634 et
393 2598 547 2643 Baptista
564 2596 628 2629 ait:
661 2593 765 2628 Pater
790 2591 906 2635 diligit
930 2591 1061 2632 silium,
1096 2596 1130 2624 et.
1153 2589 1271 2624 omnia

289 2652 386 2686 dedit
404 2650 441 2683 in
460 2659 567 2682 manu
584 2646 669 2681 eius.

862 79 986 114 PIIlL.
1016 78 1129 114 MEL.
1155 74 1366 112 SCRIPTA
1394 74 1690 112 EXEGETICA.

2224 81 2296 117 196

1428 161 1532 195 Haec
1549 173 1587 196 eo
1605 160 1788 209 loquente,
1814 161 1925 198 mulli
1946 162 2185 200 crediderunt.

1411 227 1488 263 Etsi
1507 230 1620 263 maior
1635 230 1828 264 multitudo
1844 234 2037 267 contemnit
2054 234 2300 276 Evangelium‚

1312 281 1514 325 praesertim
1541 278 1834 323 Pharisaeorum,
1875 289 1990 316 tamen
2024 285 2115 327 parit
2144 285 2298 329 aliquem

1311 333 1481 372 fructum,
1509 343 1573 364 nec
1596 343 1740 376 prorsus
1763 332 1892 366 frustra
1918 334 2156 377 praedicatur,
2181 337 2240 369 sed
2261 335 2299 368 in

1313 380 1366 415 his
1383 382 1632 416 certaminibus
1649 383 1758 428 aliqui
1775 383 2013 418 assentiuntur
2028 386 2185 425 veritati,
2210 386 2300 419 moti

1313 433 1414 466 dictis
1439 431 1570 466 Christi
1596 433 1698 466 toties
1731 434 1913 477 allegantis
1945 435 2188 469 testimonium
2220 448 2300 469 coe-

1314 485 1407 517 leste.
1460 482 1536 516 l-toe
1567 485 1764 527 exemplum
1791 491 1912 519 monet
1937 486 2012 528 pios
2041 486 2220 528 doctores,
2255 498 2301 520 ne

1315 541 1457 579 propter
1485 535 1767 568 adversariorum
1791 543 1978 569 venenatas
2009 536 2201 571 calumnias
2223 537 2303 571 abs—

1315 591 1513 619 terreantur
1535 596 1554 617 a
1570 586 1741 618 tradenda
1769 587 1929 620 doctrina
1954 585 2159 630 Evangelii,
2198 594 2259 622 aut
2281 599 2301 621 a

1314 635 1552 675 consessione,
1587 636 1646 668 sed
1672 636 1781 669 sciant
1804 635 1871 670 Dei
1900 639 2104 672 mandatum
2137 650 2227 679 esse,
2261 644 2302 672 ut

1315 687 1420 719 edant
1449 686 1704 719 consessionem
1737 698 1839 720 verae
1873 688 2072 728 doctrinae,
2121 696 2153 722 et
2186 689 2302 732 ipsum

1316 738 1433 769 adesse
1450 737 1576 776 verbo,
1602 744 1640 770 ut
1656 737 1700 770 sit
1717 737 1836 770 efficax
1853 738 1890 770 in
1908 739 2100 783 aliquibus,
2136 739 2230 772 iuxta
2257 739 2303 771 il-

1316 789 1375 820 lud
1401 785 1523 820 Esaiae
1546 785 1624 821 55.:
1670 786 1846 829 Verbum,
1881 801 1950 833 quo
1975 789 2152 832 egreditur
2175 790 2218 823 de
2242 801 2304 823 ore

1316 851 1411 876 meo,
1438 849 1511 870 non
1528 844 1721 871 revertetur
1739 840 1780 871 ad
1801 851 1855 872 me
1871 851 2040 882 vacuum,
2067 848 2131 875 etc.

1420 905 1489 939 Sed
1512 904 1674 939 Christus
1692 907 1732 938 ad
1751 904 1835 951 llos,
1864 907 1925 952 qui
1944 914 2130 952 coeperant
2154 908 2305 949 credere,

1318 956 1470 989 instituit
1489 968 1618 989 novam
1635 957 1839 989 concionem
1852 984 1860 998 ‚
1888 956 2050 992 hortatur
2069 970 2140 1001 eOS,
2166 966 2206 993 ut
2226 970 2304 1002 per—

1318 1014 1475 1040 severent
1493 1007 1530 1038 in
1550 1008 1628 1047 fide,
1658 1014 1689 1040 et
1705 1009 1867 1042 studeant
1885 1009 2065 1042 veritatem
2083 1020 2302 1052 cognoscere,

1320 1069 1363 1090 ne
1382 1057 1540 1090 deterriti
1559 1058 1760 1090 carnalibus
1776 1058 1933 1103 iudiciis,
1962 1066 2021 1094 aut
2036 1060 2220 1101 scandalis,
2249 1071 2306 1093 re-

1322 1109 1496 1140 labantur.
1556 1106 1663 1140 Videt
1687 1108 1783 1140 enim
1807 1121 1878 1141 non
1903 1111 1984 1143 satis
2009 1111 2126 1143 firmos
2148 1122 2220 1143 esse
2242 1108 2306 1150 hos

1321 1158 1515 1198 auditores,
1548 1164 1586 1190 ut
1616 1159 1720 1201 paulo
1743 1165 1821 1201 post
1848 1167 1993 1192 eventus
2018 1161 2190 1204 ostendit,
2225 1172 2304 1193 cum

1323 1209 1539 1241 obiiciuntur
1568 1220 1680 1241 novae
1708 1209 1919 1242 offensiones
1953 1222 1993 1243 ex
2027 1211 2129 1244 dictis
2160 1209 2306 1244 Christi.

1324 1259 1489 1292 Graviter
1517 1259 1624 1301 igitur
1655 1267 1793 1299 monet,
1837 1260 1884 1293 sic
1910 1272 1990 1294 vere
2020 1262 2211 1304 discipulos
2231 1261 2307 1294 fore

1325 1322 1407 1343 suae
1421 1310 1612 1349 doctrinae,
1643 1310 1668 1341 si
1689 1311 1882 1344 manserint
1898 1311 1935 1343 in
1950 1323 2110 1344 sermone
2131 1312 2217 1353 eius,
2238 1309 2306 1345 hoc

1325 1367 1400 1400 est,
1461 1360 1489 1392 si
1530 1360 1613 1392 fides
1654 1367 1848 1403 perseveret
1881 1361 2085 1405 simpliciter
2117 1362 2308 1395 assentiens

1325 1411 1434 1455 ipsius
1449 1411 1568 1450 verbo,
1592 1422 1655 1444 nec
1673 1411 1763 1443 sinat
1778 1423 1812 1443 se
1828 1412 1935 1444 everti
1952 1413 2151 1445 carnalibus
2169 1412 2307 1445 iudiciis

1325 1469 1356 1495 et
1388 1461 1634 1504 opinionibus,
1685 1462 1804 1505 quales
1842 1470 1941 1496 erant
1968 1460 2238 1495 Pharisaeorum
2273 1470 2306 1497 et

1325 1511 1563 1544 multitudinis
1582 1512 1617 1543 in
1639 1509 1703 1544 hoc
1724 1513 1854 1555 populo
1870 1514 1912 1545 de
1930 1512 2076 1552 Messia,
2108 1515 2201 1558 quod
2221 1520 2308 1547 esset

1325 1563 1463 1595 suturus
1480 1574 1538 1594 rex
1559 1563 1776 1602 mundanus,
1817 1563 1945 1595 florens
1968 1563 2100 1607 gloria,
2137 1564 2305 1607 potentia,

1325 1614 1450 1655 opibus
1482 1613 1691 1645 liberaturus
1724 1613 1893 1656 populum
1925 1614 1968 1646 ab
1999 1614 2111 1646 aliena
2142 1614 2306 1646 domina-

1326 1664 1440 1705 tione,
1474 1670 1742 1695 conservaturus
1763 1670 1795 1696 et
1821 1670 2073 1707 propagaturus
2102 1661 2193 1696 hanc
2215 1664 2307 1707 poli-

1325 1715 1407 1746 tiam
1427 1713 1617 1746 Mosaicam
1635 1720 1666 1745 et
1686 1710 1749 1745 hos
1764 1714 1888 1748 eutius.
1939 1712 2011 1746 IIas
2029 1714 2215 1756 opiniones
2232 1714 2308 1748 vult

1326 1764 1447 1803 abiici,
1477 1771 1509 1797 et
1525 1765 1567 1795 de
1585 1775 1655 1796 sese
1671 1763 1818 1796 iudicari
1843 1775 1882 1796 ex
1901 1775 1963 1796 suo
1979 1765 2085 1797 verbo
2098 1791 2105 1805 ,
2130 1765 2304 1805 videlicet,

1326 1815 1417 1859 quod
1437 1814 1479 1846 sit
1498 1814 1621 1846 missus
1638 1825 1655 1846 a
1675 1820 1791 1856 patre,
1826 1826 1898 1847 non
1919 1821 1956 1847 nt
1971 1816 2160 1848 constituat
2175 1822 2234 1849 aut
2250 1817 2307 1848 in-

1325 1872 1453 1899 stauret
1481 1876 1625 1907 regnum
1660 1865 1879 1896 mundanum
1905 1865 1941 1897 in
1967 1862 2033 1898 hoc
2058 1866 2211 1909 populo,
2247 1867 2307 1899 sed

1326 1923 1363 1948 ut
1388 1916 1511 1947 liberet
1535 1916 1714 1947 credentes
1735 1926 1753 1946 a
1778 1921 1917 1957 peccato
1950 1922 1982 1948 et
2013 1923 2125 1949 morte
2155 1923 2305 1958 aeterna,

1325 1967 1412 1999 sicut
1427 1977 1530 2008 supra
1548 1965 1650 1997 dixit:
1677 1964 1751 1997 Nisi
1769 1965 2002 2008 credideritis,
2025 1967 2121 2011 quod
2138 1979 2199 2011 ego
2219 1979 2308 2009 sum,

1325 2016 1526 2049 moriemini
1545 2015 1581 2048 in
1600 2015 1747 2059 peccatis
1768 2015 1901 2049 vestris.

1425 2081 1603 2116 Discernit
1639 2083 1747 2125 igitur
1779 2083 1973 2124 auditores,
2014 2095 2075 2117 seu
2106 2084 2308 2129 discipuIOS,

1326 2146 1397 2168 non
1417 2134 1572 2178 agnoscit
1590 2131 1673 2177 hos,
1708 2133 1767 2178 qui
1792 2141 1964 2178 quaerunt
1986 2134 2092 2168 talem
2117 2136 2308 2177 doctorem,

1325 2186 1384 2230 qui
1403 2192 1543 2229 propter
1561 2185 1670 2227 legem
1688 2191 1720 2217 et
1737 2185 1850 2218 cultus
1861 2184 2035 2218 Mosaicos
2052 2186 2232 2229 promittat
2247 2194 2308 2221 aut

1324 2237 1446 2269 ass'erat
1475 2236 1523 2268 eis
1549 2236 1745 2268 libertatem
1774 2236 2010 2279 corporalem,
2053 2242 2085 2269 et
2117 2237 2306 2281 imperium

1324 2287 1418 2319 orbis
1436 2293 1626 2326 terrarum,
1654 2287 1713 2318 sed
1735 2286 1819 2319 tales
1837 2286 2028 2330 discipulos
2046 2287 2214 2334 requirit,
2244 2288 2307 2333 qui

1325 2338 1391 2370 fide
1408 2337 1644 2369 assentiantur
1662 2337 1768 2369 verbo
1786 2337 1912 2380 ipsius,
1940 2337 2032 2381 quod
2051 2343 2195 2371 testatur
2211 2336 2307 2372 hunc

1324 2400 1395 2421 esse
1412 2387 1574 2420 Messiam
1599 2388 1708 2420 filium
1736 2385 1801 2419 Dei
1829 2387 1974 2419 missum
1997 2399 2014 2420 a
2040 2395 2153 2431 patre,
2185 2395 2225 2422 ut
2249 2389 2306 2423 fiat

1324 2439 1462 2472 victima
1481 2451 1544 2482 pro
1571 2437 1721 2483 peccatis
1747 2437 1905 2470 omnium
1932 2434 2135 2479 hominum,
2163 2446 2307 2483 propter

1323 2501 1427 2534 quam
1445 2488 1539 2522 Deus
1557 2489 1639 2522 velit
1655 2487 1808 2531 recipere
1825 2489 2021 2532 credentes,
2049 2496 2081 2522 et
2105 2490 2237 2523 donare
2252 2490 2306 2522 vi-

1324 2547 1393 2573 tam
1414 2547 1600 2573 aeternam.
1652 2537 1718 2571 His
1743 2538 1916 2581 promittit
1935 2537 2018 2571 haec
2042 2539 2152 2580 bona,
2178 2540 2305 2574 videli-

1324 2597 1375 2623 cet
1394 2591 1629 2633 cognitionem
1649 2589 1824 2628 veritatis,
1860 2601 1948 2633 quae
1966 2596 2015 2622 est
2033 2602 2123 2623 nova
2140 2591 2218 2629 lux,
2249 2603 2306 2625 ac-

1323 2653 1425 2675 censa
1451 2641 1489 2674 in
1514 2640 1690 2675 mentibus
1712 2651 1732 2673 a
1754 2639 1892 2684 Spiritu
1914 2647 2052 2680 sancto,
2092 2653 2172 2674 vere
2197 2653 2306 2685 agno-

2385 0 2388 28 t

2385 29 2387 87 t
