2415 2942
155 96 180 132 9
582 92 663 129 XII.

155 179 324 216 historiae
338 180 382 213 de
398 186 512 214 morte
524 177 698 218 Cerinthi,
725 179 808 212 item
825 179 869 212 de
885 178 1040 223 quodam
1059 180 1147 212 ado-

156 232 308 265 lescente
323 237 484 264 revocato
502 243 520 263 a
538 229 690 270 Ioanne,
718 241 807 274 quae
821 236 905 262 sunt
922 229 1051 273 dignae
1071 242 1145 263 me·-

157 282 282 317 moria.
336 280 426 315 Nam
444 281 641 325 exemplum
659 281 703 313 de
721 279 937 323 poenitentia
959 280 1146 314 confirmat

156 333 252 378 pios,
277 339 310 367 et
325 345 420 366 mors
436 330 596 367 Cerinthi
619 331 776 364 minatur
800 328 1025 374 blasphemis¹
1076 330 1147 365 Sed

156 382 225 417 hae
248 381 416 417 historiae
447 384 601 425 integrae
632 382 793 425 legantur
820 382 914 426 apud
937 380 1147 417 Eusebium.

156 433 261 469 Nunc
277 435 474 468 accedimus
490 434 533 466 ad
553 433 825 466 enarrationem.
876 431 923 467 Et
941 433 1023 478 quia
1042 432 1150 466 Ioan-

156 497 220 519 nes
235 486 332 520 testis
354 492 404 519 est
423 485 466 517 de
483 481 640 517 exhibito
656 483 804 524 Messia,
832 484 986 528 primum
1015 485 1148 518 descri-

156 537 212 570 bit
227 536 304 580 quis
322 535 385 576 sit,
411 547 451 568 ac
471 534 594 568 caeteri
614 532 860 578 Evangelistae
886 542 1059 569 testantur
1083 547 1147 568 na-

157 594 231 620 tum
264 597 335 618 esse
374 598 415 618 ex
443 586 575 619 semine
607 584 723 618 David
752 587 849 620 iuxta
883 586 1147 630 promissiones,

157 636 308 671 Ioannes
325 636 432 680 igitur
448 638 491 669 de
509 643 633 670 natura
649 637 770 670 divina
788 638 1030 673 concionatur.

550 836 686 890 Caput
721 837 755 876 I.

363 917 412 953 In
437 919 621 967 principio
649 924 725 953 erat
759 919 932 957 Verbum.

260 986 351 1022 Vera
374 989 500 1022 notitia
517 995 550 1022 et
567 989 743 1023 invocatio
759 987 825 1022 Dei
843 990 880 1022 in
895 989 967 1022 sola
986 987 1144 1023 Ecclesia

154 1036 221 1071 Dei
244 1039 346 1074 lucet.
402 1039 485 1073 Ideo
512 1041 698 1085 praecipue
721 1042 869 1074 tradunt
894 1039 1090 1084 Prophetae
1116 1047 1149 1074 et

153 1091 319 1137 Apostoli
350 1091 546 1124 doctrinam
577 1092 620 1124 de
652 1099 796 1132 natura,
837 1098 870 1124 et
895 1092 937 1124 de
965 1093 1148 1125 voluntate

153 1142 233 1178 Dei.
286 1144 338 1177 Ac
356 1141 475 1175 Moses
489 1142 630 1186 quidem
649 1143 774 1186 incipit
790 1155 807 1175 a
826 1143 1001 1175 creatione
1020 1155 1149 1181 rerum,

155 1202 188 1229 et
220 1196 345 1228 inserit
374 1193 666 1236 descriptionem,
717 1206 783 1238 qua
811 1194 964 1226 declarat
988 1193 1075 1238 quid
1104 1193 1149 1225 sit

155 1247 264 1281 Deus.
319 1246 380 1278 Ait
397 1246 508 1278 enim:
544 1244 585 1277 ln
604 1245 777 1288 principio
800 1245 928 1277 creavit
950 1244 1042 1277 Deus
1064 1255 1145 1276 coe-

154 1298 229 1330 lum
254 1304 287 1330 et
303 1304 443 1330 terram.
496 1295 599 1328 Item:
637 1294 734 1328 Dixit
752 1295 858 1330 Deus.
912 1294 1014 1327 ltem:
1048 1293 1150 1328 Vidit

153 1347 250 1382 Deus
273 1359 361 1392 quae
385 1347 529 1384 fecerat,
575 1354 608 1380 et
631 1347 750 1379 omnia
778 1353 878 1379 erant
902 1346 1005 1378 valde
1037 1346 1148 1380 bona.

153 1457 298 1494 potens,
326 1450 466 1487 dicens,
494 1450 609 1487 bona,
637 1450 726 1482 iusta
749 1456 812 1484 etc.
867 1447 1146 1482 Testatur-enim

152 1500 268 1534 Deum
292 1501 398 1534 fuisse
421 1507 501 1533 ante
531 1507 724 1538 creaturas,
770 1507 800 1532 et
826 1511 944 1532 creare
967 1512 1006 1532 ex
1032 1497 1147 1532 nihilo

153 1564 209 1585 res
239 1558 290 1586 est
318 1552 585 1596 omnipotentis.
648 1550 737 1585 Cum
774 1563 856 1584 vero
894 1551 957 1584 ait:
1008 1549 1147 1586 Dicens.

152 1603 256 1636 Item:
298 1602 397 1636 Vidit
425 1603 544 1636 omnia
572 1614 660 1648 quae
687 1603 832 1643 fecerat,
870 1609 902 1635 et
927 1609 1025 1636 erant
1046 1602 1147 1635 valde

153 1655 264 1694 bona,
292 1661 438 1688 testatur
461 1654 573 1687 Deum
598 1666 670 1687 esse
697 1660 852 1687 mentem
878 1654 1147 1697 intelligentem,

153 1706 365 1749 sapientem,
412 1706 564 1744 bonam,
613 1705 740 1738 iustam
780 1712 842 1740 etc.
913 1704 1002 1738 Cum
1040 1705 1148 1748 igitur

154 1755 305 1790 Ioannes
336 1757 576 1800 descripturus
609 1762 697 1788 esset
728 1756 840 1788 filium
868 1755 956 1796 Dei,
1004 1757 1147 1789 deducit

153 1819 219 1841 nos
242 1814 276 1840 et
292 1808 365 1851 ipse
390 1807 433 1839 ad
459 1807 556 1839 illam
581 1806 820 1838 narrationem
845 1807 882 1838 in
908 1805 1057 1847 Genesi,
1084 1807 1146 1840 ubi

152 1859 297 1902 legitur:
326 1856 373 1891 Et
390 1858 476 1890 dixit
496 1857 598 1890 Deus.
654 1856 748 1890 Hinc
773 1858 879 1890 sumit
902 1870 1031 1890 nomen
1051 1859 1145 1903 quod

151 1910 226 1943 filio
250 1909 396 1949 tribuit,
439 1908 570 1942 scilicet
592 1906 762 1942 Verbum.

151 1959 301 1994 humani
329 1957 546 2004 deprehensa
569 1966 619 1993 est
647 1956 732 1992 haec
764 1960 1050 2001 nomenclatura,
1086 1967 1147 1994 aut

151 2011 218 2047 filii
240 2012 449 2055 descriptio,
475 2012 535 2044 sed
554 2008 648 2044 haud
666 2011 773 2044 dubie
790 2011 963 2044 divinitus
980 2012 1119 2047 tradita.

153 2115 245 2159 cipio
270 2121 343 2147 erat
368 2116 537 2152 verbum,
578 2120 612 2148 et
642 2114 787 2146 verbum
810 2120 882 2147 erat
906 2115 999 2158 apud
1016 2114 1144 2154 Deum,

153 2172 187 2200 et
206 2164 301 2199 Deus
328 2172 401 2199 erat
427 2166 585 2200 verbnm.
639 2163 716 2198 Hae
740 2165 999 2209 propositiones
1022 2179 1145 2200 omnes

151 2215 220 2251 hoc
244 2217 388 2258 volunt,
427 2215 584 2250 Verbum
609 2228 681 2249 esse
705 2228 890 2260 personam
924 2224 1144 2251 coaeternam

153 2268 244 2313 patri
263 2276 425 2309 aeterno,
454 2280 542 2313 quae
557 2275 673 2301 tamen
693 2280 766 2300 non
782 2268 825 2301 sit
843 2275 950 2311 pater,
978 2275 1011 2302 et
1027 2276 1144 2303 tamen

153 2321 198 2354 sit
215 2321 258 2353 de
273 2319 422 2353 essentia
445 2320 565 2363 patris.
618 2317 861 2353 Concionatur
884 2330 964 2362 ergo
989 2321 1031 2353 de
1054 2322 1145 2354 dua-

153 2372 222 2405 bus
239 2371 398 2415 personis
418 2371 560 2411 divinis,
588 2368 691 2404 Patre
706 2377 861 2408 aeterno,
883 2377 915 2403 et
929 2370 1033 2407 Filio.
1068 2371 1143 2405 Vo-

153 2429 209 2457 cat
226 2423 333 2465 igitur
355 2422 467 2456 filium
483 2421 655 2457 Verbum.
711 2420 751 2455 Id
768 2428 808 2455 ut
828 2422 998 2455 declarari
1019 2424 1141 2467 possit,

154 2481 368 2520 quaerantur
390 2480 424 2507 et
448 2473 515 2506 alia
541 2473 632 2507 dicta
658 2473 701 2506 de
723 2473 796 2506 filio
821 2473 906 2513 Dei,
950 2473 987 2506 in
1010 2475 1141 2519 quibus

153 2525 285 2559 dicitur
314 2525 429 2568 imago
458 2525 585 2569 patris,
617 2532 655 2559 ut
680 2525 722 2557 ad
749 2523 932 2559 Colossen.
987 2524 1072 2559 Item
1099 2527 1142 2559 ad

152 2576 243 2612 Heb.
275 2577 323 2613 L:
357 2576 555 2610 Novissime
587 2576 726 2609 locutus
765 2583 814 2610 est
852 2576 956 2609 nobis
991 2576 1029 2611 in
1056 2578 1142 2617 filio,

715 90 1017 128 ENARRATIO
1046 92 1098 127 IN
1126 90 1310 131 EVANG.
1341 91 1556 130 IOANNIS.
1619 92 1722 132 CAP.
1751 95 1777 130 Ι.

1175 1069 1177 1075 s
1201 1045 1307 1077 verba
1333 1044 1467 1080 Basilii.

152 2641 258 2674 quem
284 2629 364 2663 fecit
388 2627 574 2662 haeredem
600 2629 782 2668 omnium,
819 2641 881 2673 per
904 2641 1007 2674 quem
1033 2637 1066 2664 et
1089 2643 1143 2664 se-

153 2681 230 2715 cula
254 2681 355 2722 fecit,
391 2681 452 2727 qui
478 2687 528 2715 est
553 2680 670 2725 fulgor
692 2681 842 2724 gloriae,
875 2687 908 2714 et
926 2681 1041 2725 imago
1059 2683 1142 2716 sub-
1166 2659 1169 2713 Ι

2145 101 2192 136 10

1201 180 1347 213 stantiae
1363 180 1455 219 eius,
1482 181 1598 213 ferens
1621 181 1741 215 omnia
1765 182 1872 215 verbo
1897 184 2074 227 potentiae
2095 196 2189 219 suae.

1199 229 1248 264 Ut
1272 231 1382 273 igitur
1399 231 1491 264 filius
1507 239 1651 265 vocatur
1666 233 1783 276 fulgor
1800 240 1964 277 paternae
1979 235 2128 278 gloriae,
2155 244 2188 271 et

1199 280 1315 324 imago
1332 282 1549 315 substantiae
1570 290 1751 326 paternae,
1780 284 1828 317 sic
1847 285 1970 318 dicunt
1985 292 2019 319 et
2035 287 2185 321 verbum

1199 332 1329 366 vocari.
1382 331 1499 365 Verba
1523 334 1616 366 enim
1635 341 1717 368 sunt
1734 335 1903 378 imagines
1918 347 2037 369 rerum
2054 338 2187 381 cogita-

1199 389 1336 420 tarum,
1369 388 1404 416 et
1426 382 1518 415 radii
1541 391 1624 418 sunt
1646 387 1816 429 quaedam
1843 386 1957 429 imago
1981 388 2087 428 lucis,
2114 401 2188 428 seu,

1199 439 1239 466 ut
1261 430 1319 465 hic
1335 433 1482 474 dicitur,
1516 430 1760 482 ἀπαύγασμα.
1814 435 1883 470 Sed
1902 435 1968 470 hae
1982 439 2188 473 collationes

1200 495 1274 517 non
1298 484 1445 517 omnino
1469 485 1656 529 quadrant.
1716 486 1806 520 Nam
1830 488 1922 521 filius
1938 488 2008 522 Dei
2031 497 2082 524 est
2107 502 2189 534 per-

1200 547 1305 575 sona,
1338 541 1370 568 et
1393 536 1633 569 substantialis
1657 536 1784 580 imago.
1847 537 1944 572 Voco
1967 547 2084 574 autem
2108 553 2189 585 per-

1200 598 1323 619 sonam
1359 586 1592 619 substantiam
1631 587 1906 631 intelligentem,
1952 590 2188 633 individuam,

1201 649 1275 670 non
1293 637 1637 673 communicabilem,

1303 686 1374 721 Sed
1392 694 1525 721 veteres
1543 686 1626 722 haec
1641 696 1822 735 utcunque
1840 690 1993 724 docendi
2009 703 2110 725 causa
2128 694 2191 725 de—

1201 738 1402 779 clarabant,
1437 740 1532 784 quod
1563 740 1727 773 videlicet
1758 747 1921 775 aeternus
1953 748 2052 786 pater
2075 743 2191 776 sein-

1201 797 1322 830 tuens,
1363 796 1468 834 atque
1505 790 1722 833 intelligens,
1765 791 1885 835 gignat
1913 793 2101 836 imaginem
2136 795 2189 828 sui

1201 840 1334 885 ipsius,
1370 841 1426 873 cui
1455 842 1691 876 communicat
1722 843 1906 876 essentiam
1930 856 2042 877 suam.
2095 843 2191 879 Haec

1200 892 1316 934 genita
1348 892 1587 925 substantialis
1620 893 1735 937 imago
1762 901 1812 927 cst
1838 894 1949 938 filius,
1985 902 2017 928 et
2046 903 2192 930 vocatur

1201 943 1366 982 verbum,
1400 943 1482 987 quia
1511 950 1561 976 est
1583 945 1769 987 cogitando
1796 946 1943 988 genitus.
2004 946 2103 980 Haec
2129 949 2192 980 de-

1201 993 1344 1037 scriptio
1372 1000 1420 1026 est
1437 993 1561 1027 Basilii
1579 1003 1611 1028 et
1628 993 1832 1038 Augustini.
1885 995 1981 1029 Haec
1998 998 2092 1030 enim
2109 1005 2191 1031 sunt

1530 1044 1648 1088 Quare
1678 1047 1809 1079 dicitur
1838 1043 1968 1094 λόγοςὲ
2003 1055 2041 1081 ut
2072 1056 2192 1082 osten-

1202 1097 1306 1128 datur
1329 1097 1423 1140 quod
1442 1108 1481 1128 ex
1498 1103 1615 1129 mente
1633 1097 1822 1139 prodierit,
1851 1105 1883 1130 et
1899 1099 1942 1130 sit
1959 1098 2072 1141 imago
2090 1100 2190 1142 geni-

1175 1180 1177 1184 ,
1201 1147 1305 1185 toris,
1338 1153 1452 1179 totum
1478 1147 1515 1178 in
1540 1158 1575 1179 se
1599 1148 1787 1180 ostendens
1812 1148 2026 1190 genitorem,
2061 1157 2093 1183 et
2119 1151 2190 1183 exi-

1200 1203 1293 1229 stens
1324 1197 1486 1240 proprie,
1520 1197 1608 1231 sicut
1639 1205 1673 1231 et
1703 1205 1824 1231 noster
1849 1211 1962 1232 sermo
1986 1200 2114 1243 effigies
2138 1209 2189 1235 est

1200 1247 1308 1281 totius
1332 1248 1566 1290 cogitationis.
1624 1247 1700 1282 Etsi
1725 1256 1841 1282 autem
1869 1251 1981 1294 probo
2009 1248 2099 1284 hanc
2127 1253 2189 1285 de-

1200 1298 1440 1337 clarationem,
1470 1307 1502 1333 et
1517 1296 1611 1332 haud
1629 1300 1734 1333 dubie
1750 1301 1972 1334 verissimum
1987 1309 2050 1342 est,
2078 1310 2191 1337 aeter-

1174 1379 1175 1382 ,
1200 1362 1286 1383 num
1313 1356 1445 1393 patrem
1470 1362 1543 1383 sese
1562 1350 1716 1393 primum
1734 1352 1884 1393 intueri,
1913 1353 2128 1396 intelligere,
2158 1362 2191 1389 et

153 1398 216 1432 Est
240 1398 348 1442 igitur
371 1396 466 1431 Deus
487 1398 635 1431 essentia
667 1404 826 1438 aeterna,
860 1409 998 1436 creans,
1032 1397 1148 1429 omni·
1173 1422 1175 1426 .

1200 1401 1369 1443 cogitare,
1398 1408 1432 1434 et
1452 1401 1547 1445 gigni
1571 1402 1682 1435 filium
1701 1403 1933 1446 cogitatione,
1959 1411 1996 1437 ut
2012 1405 2055 1437 sit
2073 1405 2189 1450 imago

1200 1451 1326 1496 patris,
1362 1459 1478 1485 tamen
1511 1453 1696 1486 sublimem
1727 1461 1758 1487 et
1788 1467 1951 1487 arcanam
1980 1457 2187 1491 declaratio-

1200 1515 1279 1535 nem
1307 1516 1423 1536 coram
1449 1504 1634 1539 di5cemus.
1688 1504 1790 1538 Nunc
1813 1506 1922 1538 simus
1947 1508 2103 1540 contenti
2130 1520 2189 1541 ve·-

1199 1554 1264 1587 teri
1290 1554 1383 1587 dicto
1410 1553 1567 1594 Irenaei,
1596 1556 1656 1600 qui
1681 1556 1852 1600 significat
1879 1557 1990 1590 fllium
2018 1558 2087 1591 dici
2112 1571 2190 1592 ver-

1198 1606 1283 1639 bum
1297 1633 1304 1646 ,
1333 1606 1414 1650 quia
1437 1606 1479 1638 sit
1498 1618 1645 1650 persona
1664 1619 1794 1640 sonans
1811 1615 1843 1641 et
1862 1608 2010 1653 loquens
2028 1621 2106 1642 cum
2126 1622 2189 1654 pa-

1198 1657 1331 1697 tribus,
1360 1664 1392 1690 et
1417 1658 1522 1690 edens
1547 1657 1808 1701 promissiones.
1864 1658 1969 1702 Quod
1994 1659 2134 1694 videtur
2156 1668 2189 1694 et

1200 1706 1351 1740 Ioannes
1377 1708 1590 1751 significare,
1623 1721 1701 1741 cum
1728 1710 1792 1743 ait:
1828 1709 1942 1743 Deum
1969 1723 2073 1743 nemo
2098 1711 2189 1745 vidit

1172 1785 1173 1789 ,
1198 1771 1375 1804 unquam,
1401 1760 1605 1802 unigenitus
1630 1760 1723 1793 filius
1747 1761 1806 1805 qni
1832 1768 1882 1794 est
1907 1761 1943 1793 in
1968 1761 2049 1795 sinu
2068 1763 2188 1806 patris,

1198 1811 1272 1854 ipse
1300 1811 1477 1843 enarravit
1504 1811 1615 1844 vobis.
1676 1809 1724 1845 Et
1750 1824 1830 1844 mox
1855 1813 1898 1844 de
1924 1810 1988 1845 hac
2014 1814 2187 1847 sententia

1171 1877 1173 1886 v
1198 1861 1299 1905 plura
1319 1861 1492 1897 dicentur.

816 1907 889 1941 Nec
912 1909 984 1941 acie
1011 1909 1146 1952 ingenii
1171 1933 1173 1939 Α

1305 1911 1497 1957 Postquam
1517 1914 1661 1956 exposui
1679 1914 1763 1959 quid
1783 1911 1848 1947 hoc
1865 1914 1941 1947 loco
1958 1912 2113 1948 Ecclesia
2131 1915 2187 1947 in-

1171 1963 1350 2006 ,telligan
1386 1970 1416 1996 et
1449 1963 1533 2008 quid
1567 1962 1718 1998 Ioannes
1748 1965 1900 1998 voluerit
1933 1965 2105 1998 scribens:
2144 1964 2185 1998 In

1171 2038 1172 2043 ,
1197 2014 1374 2062 principio
1392 2021 1464 2047 erat
1479 2016 1636 2051 verbum.

254 2063 492 2098 Contexamus
512 2069 626 2096 antem
647 2063 766 2095 omnia
785 2063 951 2097 membra.
990 2062 1031 2096 In
1047 2064 1146 2108 prin-
1170 2091 1172 2107 ,

1692 2015 1765 2049 Iam
1781 2017 1906 2049 ordine
1922 2016 2057 2059 singula
2075 2029 2186 2050 mem-

1197 2066 1259 2098 bra
1280 2078 1536 2109 percurremus.

1298 2115 1418 2149 Prima
1444 2117 1637 2162 propositio
1659 2125 1725 2152 est:
1761 2117 1801 2151 ln
1824 2118 1997 2162 principio
2021 2125 2093 2152 erat
2107 2130 2186 2151 ver-

1170 2203 1171 2210 *
1198 2168 1302 2207 bum,
1330 2169 1365 2200 id
1390 2175 1458 2209 est,
1486 2169 1579 2202 filius
1595 2169 1726 2202 aeterni
1748 2170 1855 2214 patris
1872 2176 1945 2203 erat
1963 2176 2042 2202 ante
2061 2170 2186 2203 mundi

1197 2219 1449 2255 conditionem.
1515 2219 1604 2253 Nam
1639 2221 1784 2254 verbum
1817 2220 1987 2263 significat
2019 2218 2185 2254 hocloco

1196 2269 1308 2303 filium
1333 2271 1467 2304 aeterni
1491 2271 1617 2315 patris,
1646 2272 1705 2316 qui
1731 2278 1780 2305 est
1804 2271 1878 2304 eius
1895 2272 2028 2315 imago,
2056 2277 2089 2304 et
2106 2283 2185 2315 per-

1196 2333 1282 2354 sona
1304 2322 1421 2364 genita
1437 2323 1480 2355 ab
1496 2330 1637 2356 aeterno
1656 2329 1762 2366 patre.
1816 2321 1861 2356 Et
1876 2335 2061 2367 personam
2080 2323 2186 2356 intel-

1196 2372 1357 2414 ligimus,
1391 2386 1484 2414 non,
1520 2380 1557 2406 ut
1587 2374 1625 2406 in
1648 2374 1760 2406 scenis
1784 2374 1997 2419 loquuntur,
2033 2372 2185 2408 Roscius

1196 2424 1343 2458 sustinet
1365 2436 1550 2468 personam
1570 2424 1856 2467 Agamemnonis.
1910 2424 1977 2459 Sed
2003 2431 2040 2459 ut
2058 2422 2184 2458 Eccle-

1195 2475 1246 2509 sia
1278 2476 1455 2521 loquitur,
1498 2476 1729 2508 substantiam
1762 2476 2006 2520 individuam,
2048 2475 2183 2509 intelli-

1195 2535 1332 2569 gentem
1370 2534 1401 2560 et
1436 2527 1817 2563 incommunicabilem.
1879 2525 1925 2560 Et
1956 2527 2050 2572 quod
2076 2538 2183 2570 opor—

1195 2585 1263 2612 teat
1288 2575 1346 2610 hic
1371 2590 1553 2622 personam
1577 2576 1642 2611 hoc
1669 2580 1774 2612 modo
1798 2578 1968 2621 intelligi,
2003 2584 2121 2622 postea
2144 2577 2183 2610 in

1194 2629 1406 2662 refutatione
1454 2628 1673 2663 Samosateni
1722 2630 1898 2674 copiosius
1947 2630 2183 2664 ostendemus,

1195 2679 1302 2723 Quod
1318 2687 1433 2715 autern
1451 2681 1515 2715 ait:
1544 2679 1630 2715 Erat
1647 2681 1684 2714 in
1701 2682 1877 2726 principio
1889 2707 1897 2723 ,
1924 2687 2071 2715 testatur
2086 2677 2183 2714 hunc
