2415 2942
269 88 339 124 551

271 179 375 207 natur
394 171 436 203 de
453 168 574 201 divina
593 172 740 207 natura,
766 177 846 199 cum
871 166 937 200 ait:
973 165 1047 209 Qui
1069 167 1266 201 declaratus

273 232 323 258 est
350 232 422 255 esse
447 219 538 251 fitius
564 216 653 255 Dei,
681 223 806 260 potens
829 227 891 261 per
912 216 1087 262 Spiritum
1111 218 1267 253 sanctifi-

275 279 411 308 cantem
424 296 433 309 ,
460 280 500 301 ex
516 267 774 302 resurrectione
791 275 1026 303 mortuorum.

375 343 576 386 Singularis
601 349 652 377 est
676 339 853 387 emphasis
880 342 917 376 in
936 356 1020 378 voce
1039 342 1267 390 ὁρισθέντος,

274 408 379 442 quam
410 401 576 428 enarrant
609 392 736 428 Graeci
769 405 830 438 per
871 395 1083 429 vocabulum
1117 393 1265 430 ἀποδει-

273 445 444 493 χθέντος.
504 442 638 489 Estque
664 445 859 485 sententia,
893 452 987 480 certo
1012 447 1170 490 agnitum
1196 457 1267 479 esse

277 498 371 532 hunc
388 497 500 529 filium
518 494 581 528 Dei
600 508 662 540 per
680 493 764 529 haec
782 496 982 530 testimonia
994 524 1003 538 ,
1031 499 1126 543 quod
1149 508 1266 531 resur-

275 549 366 583 rexit
400 560 417 580 a
443 547 612 585 mortuis,
647 547 742 591 quod
776 547 969 591 potentiam
995 560 1092 582 suam
1117 548 1266 580 immen-

276 611 349 633 sam
375 598 496 631 multis
520 597 699 630 miraculis
727 598 903 638 ostendit,
926 605 964 632 ut
991 611 1070 632 cum
1093 598 1266 631 Lazarum

278 649 520 688 resuscitavit,
548 649 643 693 quod
669 648 736 681 iam
755 649 814 681 dat
831 647 1004 692 Spiritum
1024 656 1181 682 sanctum
1198 647 1267 681 Ec-

279 701 423 739 clesiae,
452 699 512 744 qui
538 706 569 732 et
593 705 725 731 mentes
751 700 935 732 confirmat
959 700 1127 732 adversus
1143 699 1268 732 diabo-

279 753 374 790 lum,
418 758 450 783 et
477 750 586 782 multa
619 749 773 792 ingentia
806 749 976 782 miracula
1003 750 1094 788 edit,
1129 761 1211 782 nam
1236 755 1268 783 et

280 802 412 835 Paulus
431 800 648 833 resuscitavit
666 806 843 832 mortuum
861 800 1069 841 auditorem,
1098 807 1132 834 et
1150 800 1268 833 omnia

281 861 365 886 tunc
392 852 494 895 plena
519 857 618 882 erant
643 849 915 891 miraculorum,
954 863 1043 895 quae
1068 850 1200 884 fiebant
1225 851 1268 883 ab

283 906 311 936 A
321 902 481 946 postolis,
512 900 708 944 petentibus
727 911 765 932 ea
783 912 928 933 munera
945 913 963 934 a
981 901 1052 934 filio
1068 900 1144 935 Dei.
1196 900 1268 935 Lo-

285 953 408 997 quitur
432 962 512 994 ergo
530 950 660 983 Paulus
683 951 725 983 de
746 950 948 984 testimonio
972 963 1052 995 erga
1071 964 1151 985 nos:
1187 963 1268 983 nam

284 1010 430 1047 propter
454 999 537 1034 haec
571 1001 771 1034 testimonia
800 1003 1055 1043 pronunciatur
1087 1009 1180 1036 certo
1205 999 1268 1036 καὶ

285 1050 463 1099 ὁρίζεται,
498 1050 555 1085 hic
582 1050 678 1085 Iesus
707 1063 778 1084 esse
804 1052 895 1085 filius
921 1052 990 1086 Dei
1018 1060 1162 1094 natura,
1190 1064 1270 1086 cum

284 1104 477 1149 potentiam
501 1100 628 1136 habeat
658 1102 816 1135 divinam
845 1110 878 1136 et
910 1103 1126 1138 immensam.
1192 1102 1271 1137 Hoc

285 1154 456 1199 significat
480 1153 625 1186 verbum
658 1150 869 1197 ὁρίζεσθαι,
904 1161 998 1187 certo
1029 1154 1270 1199 pronunciari.

285 1204 447 1249 Opponit
466 1211 580 1236 autem
606 1201 691 1236 haec
716 1205 835 1237 omnia
855 1204 1006 1238 Iudaicis
1029 1205 1272 1250 opinionibus,

287 1257 346 1301 qui
364 1256 590 1300 expectabant
609 1253 775 1287 Messiam
797 1262 1027 1298 praestantem
1049 1256 1192 1301 quidem
1217 1256 1270 1288 vi-

289 1320 388 1347 rum,
423 1307 482 1339 sed
507 1312 642 1338 tantum
670 1302 861 1338 humanam
886 1313 1046 1339 naturam
1072 1304 1271 1347 habentem,

287 1359 469 1390 florentem
496 1355 651 1388 victoriis
676 1353 843 1396 heroicis,
877 1357 1041 1389 daturum
1065 1369 1166 1400 opes,
1199 1369 1271 1389 non

289 1420 416 1441 novam
442 1413 621 1448 naturam,
652 1412 684 1439 et
709 1413 884 1439 aeternam
904 1408 1023 1443 vitam.
1073 1407 1120 1441 At
1142 1407 1272 1441 Paulus

288 1458 425 1502 inquit,
469 1455 564 1490 hunc
586 1456 751 1489 Messinm
784 1468 855 1490 esse
888 1465 1082 1501 potentem,
1123 1465 1157 1492 et
1189 1459 1272 1491 dare

289 1510 459 1552 Spiritum
477 1507 767 1547 sanctificantem,
793 1520 855 1551 per
873 1521 976 1554 quem
996 1509 1032 1541 in
1049 1509 1272 1542 credentibus

289 1561 450 1592 incoatur
474 1570 565 1591 nova
590 1557 667 1598 lux,
704 1557 858 1599 iusticia,
892 1566 925 1592 et
948 1559 1018 1592 vita
1043 1565 1203 1597 aeterna,
1239 1568 1271 1594 et

289 1610 444 1643 vincitur
467 1607 641 1643 diabotus.
700 1606 814 1648 Haec,
839 1608 975 1654 inquit,
1005 1615 1056 1643 est
1080 1621 1160 1642 vera
1182 1610 1271 1643 libe—

289 1661 398 1698 ratio,
425 1671 530 1705 quam
549 1667 661 1701 patres
679 1666 710 1692 et
730 1659 977 1694 intellexerunt
993 1667 1023 1693 et
1039 1659 1173 1703 experti
1189 1668 1272 1694 sunt

291 1712 327 1744 in
352 1710 522 1744 exercitiis
543 1709 644 1749 fidei,
679 1709 849 1744 luctantes
872 1723 952 1744 cum
982 1711 1149 1751 diabolo,
1192 1724 1270 1745 cum

291 1769 425 1801 morte,
467 1761 504 1793 in
527 1760 633 1793 variis
658 1760 840 1804 periculis:
883 1773 923 1795 ac
956 1761 1059 1805 longe
1084 1763 1198 1795 maior
1221 1769 1270 1796 est

292 1813 500 1845 liberatione
516 1838 525 1852 ,
565 1822 669 1855 quam
698 1822 760 1844 vos
784 1812 989 1856 expectatis,
1019 1812 1080 1858 qui
1104 1812 1270 1847 Messiam

290 1862 513 1899 arbitramini
552 1861 764 1905 partiturum
797 1874 869 1896 esse
908 1863 1107 1907 provincias
1124 1891 1134 1904 ,
1181 1864 1271 1898 sicut

293 1914 494 1947 Alexander
517 1912 696 1945 distribuit
725 1923 832 1955 regna
863 1914 934 1947 suis
958 1914 1272 1949 commilitonibus-

291 1963 367 1997 Hos
395 1974 529 1996 errores
557 1960 781 2007 reprehendit
811 1963 941 1998 Paulus
971 1962 1037 1999 hac
1067 1977 1270 2011 quanquam

292 2015 389 2048 brevi
416 2013 658 2057 descriptione.
731 2012 821 2047 Cum
847 2022 964 2049 autem
990 2016 1152 2050 nominat
1176 2015 1271 2050 hunc

291 2063 494 2104 Christum,
519 2064 637 2097 animo
665 2064 865 2098 intueamur
888 2078 1009 2099 omnes
1034 2074 1166 2101 veteres
1189 2079 1271 2110 pro-

292 2115 474 2149 missiones
505 2115 541 2147 in
567 2112 786 2158 Prophetiis,
825 2123 863 2150 ut
894 2117 1075 2150 videamus
1105 2129 1161 2150 eas
1192 2129 1273 2150 vere

293 2178 371 2199 cum
399 2163 461 2198 hac
483 2163 667 2207 Evangelii
686 2165 855 2199 concione
873 2178 1085 2210 congruere,
1111 2175 1142 2201 et
1158 2175 1197 2202 ut
1214 2180 1272 2201 co-

292 2216 457 2259 gitatione
479 2215 732 2249 beneficiorum
758 2214 888 2250 Christi
916 2219 1145 2252 accendamus
1167 2219 1271 2252 fidem

291 2268 327 2299 in
353 2267 475 2307 nobis,
510 2278 659 2311 eumque
684 2266 898 2304 invocemus,
967 2267 1043 2301 Nisi
1068 2270 1163 2302 enim
1188 2270 1272 2303 fides

291 2324 489 2351 exerceatur
507 2317 542 2350 in
567 2317 810 2358 invocatione,
836 2331 908 2352 non
930 2325 1044 2363 potest
1068 2331 1215 2364 regnum
1239 2327 1271 2354 et

291 2367 486 2411 praesentia
503 2364 636 2402 Christi
657 2367 817 2412 intelligi.

388 2443 549 2487 Longum
571 2451 658 2479 esset
680 2442 743 2479 has
773 2451 889 2480 tantas
921 2458 975 2480 res
1000 2448 1189 2490 explicare,
1233 2456 1271 2482 ut

291 2506 412 2528 earum
435 2495 640 2537 magnitudo
668 2497 830 2539 postulat.
891 2496 981 2530 Cum
1005 2506 1120 2532 autem
1145 2500 1270 2532 modus

288 2546 431 2589 quidam
449 2555 521 2577 esse
536 2547 864 2580 commentariorum
881 2548 1024 2590 debeat,
1055 2562 1125 2582 non
1143 2550 1268 2583 immo-

286 2597 392 2628 rabor
410 2595 581 2639 prolixius
599 2592 680 2628 huic
697 2595 937 2641 Epigrapliae,
965 2601 1167 2642 praesertim
1188 2612 1267 2633 cum

283 2647 422 2679 eaedem
448 2657 502 2680 res
525 2656 627 2689 saepe
649 2656 843 2685 recurrant.
894 2648 940 2684 Et
966 2651 1045 2695 pius
1070 2652 1180 2687 lector
1201 2652 1265 2686 ad-

858 78 987 119 run..
1013 79 1132 116 MEL.
1160 79 1370 117 SCRIPTA
1396 80 1697 119 EXEGETICA.

2220 82 2299 121 552

1321 167 1477 203 monitus
1493 169 1537 203 de
1555 168 1704 204 consilio
1720 167 1872 211 autoris,
1897 181 1937 204 ac
1952 170 1996 204 de
2012 181 2147 204 summa
2163 175 2304 202 senten-

1321 220 1410 262 tiae,
1448 220 1588 254 assidua
1619 220 1849 253 meditatione
1874 220 2152 264 magnitudinem
2184 231 2303 253 rerum

1321 271 1636 315 contemplabitur,
1672 278 1705 305 et
1731 270 1840 304 discet
1863 272 2041 316 quomodo
2069 269 2154 305 haec
2169 268 2303 305 Christi

1320 322 1449 357 noticia
1470 322 1586 356 lucere
1603 322 1727 355 debeat
1754 321 1792 354 in
1816 321 1907 360 vita,
1941 321 1979 354 in
1996 321 2238 361 invocatione,
2265 321 2303 354 in

1321 373 1498 417 periculis,
1513 373 1658 407 inomni
1669 373 1818 412 actione,
1835 378 1873 405 ut
1892 372 1937 405 sit
1950 372 2201 417 nobisquoque
2211 372 2304 405 filius

1320 424 1390 458 Dei
1415 431 1557 469 potens,
1590 425 1759 457 liberator
1778 435 1796 456 a
1822 429 1983 466 peccato,
2018 434 2036 455 a
2062 429 2193 461 morte,
2226 430 2259 455 et
2284 435 2304 456 a

1322 475 1480 509 diabolo:
1509 482 1547 508 nt
1562 476 1605 509 sit
1623 475 1725 508 nobis
1743 473 1898 519 pontifex
1923 485 1985 517 pro
2012 473 2114 506 uobis
2139 473 2306 516 interpel-

1322 526 1397 558 lans
1413 527 1505 569 apud
1522 524 1655 566 Deum,
1682 526 1724 559 sit
1744 526 1814 558 dux
1831 531 1967 565 noster,
1992 524 2051 569 qui
2070 524 2107 556 in
2128 524 2307 557 calamita-

1322 576 1416 610 tibus
1434 577 1562 611 nostris
1582 578 1722 610 adiuvet
1741 587 1823 615 nos,
1850 576 1938 608 sicut
1958 575 2143 619 pollicetur
2157 574 2308 608 infirmis

1321 627 1511 668 auxilium,
1538 628 1721 673 inquiens:
1752 625 1880 659 Venite
1899 626 1941 658 ad
1960 637 2014 658 me
2031 637 2153 658 omnes
2170 625 2231 670 qui
2254 625 2307 658 la-

1321 678 1453 712 boratis
1471 685 1502 711 et
1520 679 1656 711 onerati
1674 678 1771 718 estis,
1797 683 1830 710 et
1846 688 1907 720 ego
1927 676 2077 709 reficiam
2095 687 2167 709 vos.

1433 746 1681 780 Adolescentes
1711 744 1871 791 syntaxin
1905 745 2092 778 verborum
2121 743 2308 787 diligenter

1322 797 1526 835 observent,
1559 809 1625 842 qua
1651 796 1894 830 animadversa
1919 796 2069 828 multum
2098 794 2189 828 lucis
2210 805 2308 827 acce-

1323 847 1375 880 dit
1392 847 1594 882 sententiae.
1648 846 1779 880 Paulus
1799 845 1990 890 Apostolus
2013 852 2155 878 vocatus
2176 845 2216 878 ad
2242 845 2306 877 do-

1324 898 1473 931 cendum
1496 896 1727 941 Evangelium
1752 898 1794 930 de
1820 896 1895 931 lesu
1920 894 2081 934 Christo,
2122 895 2182 940 qui
2205 901 2308 928 natus

1324 956 1371 981 est
1391 960 1430 980 ex
1447 949 1650 992 posteritate
1669 948 1779 981 David
1799 948 1991 981 secundum
2009 958 2169 985 carnem,
2196 953 2230 980 et
2245 947 2307 978 de-

1323 999 1474 1031 claratus
1492 1005 1541 1031 est
1560 1010 1633 1031 esse
1651 999 1743 1031 filius
1762 996 1826 1030 Dei
1850 1010 1912 1041 per
1935 997 2248 1038 resurrectionem,
2275 1002 2308 1029 et

1323 1050 1404 1083 dato
1423 1049 1559 1093 Spiritu
1575 1057 1713 1090 sancto,
1740 1054 1836 1092 optat
1849 1047 2023 1082 Romanis
2041 1048 2200 1084 salutem.

1577 1146 1648 1182 Per
1664 1160 1766 1196 quem
1783 1148 1983 1195 accepimus
2001 1154 2062 1184 etc.

1427 1213 1503 1249 Etsi
1542 1228 1668 1263 supra,
1711 1227 1789 1248 cum
1824 1226 1860 1248 se
1893 1214 2053 1248 nominat
2087 1212 2310 1259 Apostolum,

1325 1266 1412 1300 dicit
1437 1278 1472 1299 se
1491 1273 1729 1310 segregatum,
1761 1276 1822 1298 seu
1837 1265 2010 1299 delectum
2029 1277 2100 1299 esse
2117 1266 2162 1299 ad
2180 1278 2310 1301 munus

1325 1317 1473 1350 docendi
1490 1317 1692 1360 Evangelii,
1720 1323 1835 1349 tamen
1854 1327 1926 1348 non
1945 1316 2079 1350 dixerat
2099 1316 2309 1350 nominatim

1324 1379 1360 1400 se
1377 1380 1394 1400 a
1412 1365 1552 1401 Christo
1571 1375 1729 1400 vocatum
1748 1377 1831 1401 esse.
1886 1365 2004 1409 Quare
2023 1363 2079 1399 hic
2097 1367 2309 1400 nominatim

1327 1416 1392 1450 hoc
1408 1418 1545 1451 adiicit:
1579 1417 1647 1450 Per
1663 1429 1765 1462 quem
1792 1417 1987 1461 accepimus
2004 1417 2149 1459 gratiam
2161 1444 2170 1457 ,
2198 1417 2232 1450 id
2249 1424 2310 1458 est,

1326 1469 1648 1502 reconciliationem
1679 1480 1756 1500 cum
1781 1465 1877 1507 Deo,
1918 1474 1950 1500 et
1981 1479 2109 1500 munus
2134 1466 2310 1510 Apostoli,

1325 1520 1368 1552 ad
1395 1519 1630 1552 obedientiam
1655 1518 1752 1557 fidei,
1788 1517 1821 1550 id
1846 1524 1915 1558 est,
1948 1523 1985 1550 ut
2008 1518 2195 1551 obediatur
2217 1518 2311 1558 fidei,

1326 1581 1385 1602 seu
1405 1567 1598 1611 Evangelio
1617 1568 1843 1601 concionanti
1862 1568 1906 1600 de
1929 1567 2006 1600 fide.
2060 1566 2164 1612 Apud
2187 1580 2310 1602 omnes

1326 1626 1456 1662 gentes.
1510 1619 1550 1653 ld
1577 1619 1714 1656 adiicit,
1741 1625 1779 1651 ut
1805 1618 1920 1651 obiter
1939 1624 2100 1658 testetur,
2135 1626 2166 1652 et
2190 1626 2310 1662 gentes

1327 1672 1499 1704 vocandas
1521 1683 1593 1704 esse
1613 1670 1656 1702 ad
1681 1667 1928 1711 Evangelium.
1980 1667 2090 1702 Porro
2113 1670 2183 1702 dixi
2207 1681 2311 1714 supra

1324 1721 1461 1764 alligari
1475 1722 1699 1755 autoritatem
1721 1719 1875 1753 mandati
1894 1720 2071 1761 muneris,
2102 1727 2140 1754 ut
2163 1721 2313 1755 sciamus

1325 1773 1519 1805 necessario
1551 1772 1765 1806 credendum
1799 1782 1872 1803 esse
1897 1767 1980 1803 huic
2005 1771 2166 1804 concioni
2197 1770 2310 1806 Pauli.

1325 1822 1384 1856 Sic
1408 1823 1500 1866 legas
1517 1822 1685 1860 Paulum,
1713 1828 1751 1854 ut
1776 1821 1951 1854 existimes
1977 1827 2011 1855 te
2026 1833 2098 1854 non
2116 1819 2307 1856 humanam

1324 1873 1597 1918 disputationem
1622 1873 1734 1916 legere
1746 1899 1756 1914 ‚
1782 1872 1841 1904 sed
1858 1870 1973 1915 ipsum
1989 1871 2111 1905 audire
2128 1871 2241 1907 Deum
2258 1880 2310 1907 te-

1325 1937 1403 1958 cum
1421 1925 1635 1969 loquentem.

1599 2021 1738 2058 Gratia
1763 2022 1862 2057 vobis
1886 2027 1917 2057 et
1941 2034 2037 2071 pax.

1428 2089 1586 2125 Primum
1603 2096 1702 2134 optat
1722 2089 1771 2122 eis
1793 2089 1960 2132 gratiam,
1987 2089 2023 2122 id
2048 2095 2121 2132 est,
2149 2092 2306 2125 reconci-

1326 2142 1506 2177 liationem
1525 2147 1557 2175 et
1578 2140 1805 2174 donationem
1823 2139 1977 2187 Spiritus
1999 2139 2119 2174 sancti.
2169 2140 2306 2175 Deinde

1326 2205 1465 2238 pacem,
1483 2193 1519 2225 id
1536 2199 1603 2232 est,
1618 2198 1751 2225 caetera
1768 2191 1858 2224 bona
1875 2191 2004 2235 quibus
2020 2202 2108 2233 opus
2122 2199 2182 2224 est.
2214 2190 2305 2225 Nam

1327 2243 1535 2278 vocabulum
1569 2242 1668 2276 Pacis
1708 2241 1916 2284 generaliter
1956 2240 2124 2284 significat
2157 2240 2307 2277 Ebraica

1326 2294 1579 2328 contuetudine
1600 2305 1654 2327 res
1679 2293 1848 2326 secundas
1872 2298 1904 2324 et
1928 2292 2045 2325 laetas.
2102 2288 2167 2324 Est
2187 2301 2304 2326 autem

1325 2357 1414 2389 opus
1429 2345 1533 2379 etiam
1549 2343 1726 2378 Ecclesiae
1743 2342 1862 2376 multis
1884 2342 2007 2382 donis,
2032 2342 2214 2376 doctrinae
2238 2352 2305 2387 pu-

1326 2397 1442 2437 ritate,
1469 2396 1639 2429 virtutum
1665 2400 1871 2437 augmento,
1898 2392 2106 2433 concordia,
2140 2400 2304 2427 constan-

1325 2448 1393 2488 tia,
1427 2446 1539 2484 victu,
1574 2443 1737 2489 hospitio.
1798 2442 1893 2476 Haec
1917 2443 2035 2476 omnia
2059 2444 2303 2488 complectitur

1325 2498 1533 2531 vocabulum
1550 2497 1652 2541 pacis.
1694 2494 1888 2537 Coniungit
1904 2500 2018 2527 autem
2036 2492 2148 2528 Deum
2167 2503 2303 2539 patrem

1322 2557 1354 2582 et
1371 2547 1564 2581 Dominum
1583 2546 1695 2580 lesum
1713 2543 1907 2579 Christum.
1960 2544 2141 2586 Primum,
2167 2552 2207 2580 ut
2226 2558 2303 2579 mo-

1323 2607 1422 2640 neat,
1448 2599 1549 2632 nobis
1565 2598 1710 2641 gratiam
1729 2604 1762 2629 et
1779 2602 1911 2629 caetera
1937 2596 2062 2629 donari
2085 2607 2104 2629 a
2120 2594 2196 2629 Deo
2219 2609 2302 2641 pro-

1321 2657 1398 2695 pter
1412 2651 1523 2684 filium
1535 2649 1773 2683 mediatorem.
1815 2645 1954 2681 Deinde
1969 2654 2007 2682 ut
2023 2647 2186 2691 sciamus,
2210 2659 2300 2693 quo-
