2415 2942
93 97 195 133 1177
251 95 348 131 ΧΙΙῘ.

213 182 402 217 Bacchatur,
425 184 512 210 vatos
542 189 687 218 magnum
711 179 735 209 si
759 183 879 217 pectore
902 179 998 217 possit

217 223 402 254 Excussisse
426 224 537 260 Deum,
562 228 645 253 tanto
668 222 766 260 magis
788 222 840 252 ille
864 222 975 262 fatigat

216 268 257 298 Os
281 267 433 304 rabidum,
456 266 522 297 scra
546 267 638 296 corda
660 266 795 295 domans.

89 320 136 357 Et
158 333 297 356 rursus:

216 380 392 409 Horrendas
417 378 497 408 canit
520 379 683 416 ambages,
707 382 852 416 antroque
875 377 1005 417 remugit

215 422 359 453 Obscuris
383 431 455 450 vcra
478 421 644 452 involvens.

186 475 285 509 Sicut
320 475 415 508 enim
452 473 585 507 diaboli
628 473 805 506 interdum
848 485 911 517 per
947 480 1075 507 statuas

85 529 194 561 edunt
218 537 323 560 sonos
342 533 374 560 et
398 525 557 563 oracula,
590 524 638 558 ita
664 537 725 566 per
750 537 830 557 suos
857 531 952 558 vates
978 536 1075 568 spar-

85 585 168 620 gunt
187 577 458 621 praedictiones,
482 587 567 621 quas
581 587 646 609 nec
661 575 866 617 intelligunt
883 576 949 617 ipsi
969 583 1074 613 vatos,

86 642 148 662 nec
164 630 306 662 reticere
325 634 489 671 possunt,
523 633 563 660 ut
587 638 651 671 per
676 633 824 660 statuam
853 627 985 660 dictum
1006 626 1074 660 suit

87 681 166 714 duci
187 680 358 724 Spartano
380 678 590 713 Pausaniae:

128 738 234 775 Στεῖχε
252 736 339 774 δίκῃ-ς
354 731 470 775 ἆσσον,
491 732 577 772 μάλα
592 745 637 765 τοι
654 733 747 765 κακὸν
766 732 915 773 ἀνδράσιν
932 732 1034 773 ὕβρις.

84 790 131 824 Et
148 791 183 823 in
200 789 323 823 Hassia
341 795 420 822 ante
436 788 568 821 bellum
582 788 691 821 Canis
709 788 819 821 edidit
838 788 973 831 aliquot
991 799 1075 819 con-

86 843 222 875 tinuata
257 841 375 876 verba.
451 838 594 873 Talium
634 839 873 883 exemplorum
908 836 1075 872 historiae

85 893 207 937 plenae
230 897 322 925 sunt.

186 949 254 984 Sed
274 950 471 993 Prophetae
486 951 521 984 in
539 948 692 983 Ecclesia
711 952 875 984 docentes
894 957 953 985 aut
971 962 1074 982 enar-

82 1008 200 1035 rantes
226 1003 391 1035 articulos
416 1002 515 1041 fidei,
544 1002 602 1043 qui
629 1009 800 1045 reguntur
826 1002 902 1036 luce
920 1002 1074 1044 Spiritus

83 1052 192 1086 sancti
219 1053 424 1095 intelligunt
452 1065 511 1086 sua
546 1053 657 1090 dicta.
699 1060 730 1086 et
755 1066 826 1086 non
852 1054 1006 1088 fundunt
1034 1064 1072 1085 ea

83 1103 190 1138 coacti
204 1130 213 1144 ‚
240 1104 305 1143 sic,
333 1111 460 1138 utnon
482 1106 614 1147 possint
632 1117 666 1137 se
685 1104 886 1148 reprimere,
929 1103 973 1137 Et
993 1116 1070 1138 cum

82 1154 232 1189 audiunt
250 1156 415 1193 meliora,
444 1158 581 1191 cedunt.
634 1155 737 1191 Certe
755 1168 826 1190 non
847 1157 1074 1201 pertinaciter

83 1214 281 1249 repugnant
303 1207 453 1241 veritati.

187 1256 402 1292 Audivimus
438 1268 553 1294 autem
595 1260 661 1303 ipsi
690 1260 941 1302 Anabaptistas
969 1261 1070 1295 etiam

83 1319 161 1340 cum
179 1311 489 1348 convincerentur,
518 1321 634 1345 tamen
653 1315 789 1346 rabiose
804 1315 992 1346 reclamare
1013 1326 1071 1346 ve-

82 1358 178 1390 ritati
198 1361 240 1393 de
258 1369 396 1405 peccato
415 1365 577 1404 origiuiS,
606 1365 648 1395 de
667 1365 836 1405 dignitate
853 1363 989 1398 ordinis
1008 1378 1070 1407 po-

82 1409 190 1451 litici,
218 1420 249 1446 et
267 1413 441 1449 similibus
462 1417 655 1449 manifestis
681 1419 804 1451 robus,
833 1423 869 1448 ut
895 1415 1069 1449 evidentia

82 1461 238 1496 veritatis
254 1466 470 1503 ostenderet,
499 1479 556 1500 eos
574 1468 696 1507 agitari
717 1481 732 1501 a
752 1468 912 1501 diabolis,
968 1466 1071 1501 Talia

82 1515 239 1557 exempla
263 1517 476 1551 considerari
503 1521 664 1563 prodest,
701 1527 739 1553 ut
772 1519 916 1557 spiritus
942 1519 1073 1552 discer-

82 1571 234 1619 nantur,
277 1574 315 1600 ut
344 1570 374 1602 1.
399 1567 521 1605 tahan.
542 1568 575 1605 4.
604 1571 751 1605 dicitur:
784 1568 975 1614 Explorate
1000 1570 1072 1614 spi-

81 1621 191 1655 ritus,
216 1631 260 1652 an
279 1631 317 1651 ex
336 1617 412 1652 Deo
431 1620 513 1653 sint.

81 1728 132 1765 Αἷ
146 1729 320 1778 γυναῖκες
333 1727 444 1774 ἱμῶν
462 1730 501 1766 ἒν
517 1731 598 1770 ταῖς
620 1729 824 1777 ἐκκλησίαις
845 1731 1073 1779 σιγάτωσαν.

182 1804 280 1838 Haec
299 1806 471 1848 particula
493 1819 563 1839 non
585 1814 633 1840 est
659 1808 818 1842 obscura.
871 1807 1003 1841 Notum
1024 1817 1073 1843 est

80 1857 174 1892 enim
192 1858 283 1900 apud
303 1869 424 1889 omnes
444 1865 578 1896 gentes,
608 1870 754 1902 quarum
773 1859 981 1899 gubernatio
1001 1873 1072 1894 non

79 1920 224 1953 prorsus
250 1908 434 1941 barbarica
462 1909 547 1946 fuit,
583 1909 747 1942 distincta
778 1910 885 1942 fuisse
914 1910 1070 1944 virorum

79 1967 113 1995 et
133 1959 323 1992 mulierum
345 1960 480 1994 officia.
509 1967 540 1993 et
559 1960 652 1992 viros
674 1961 802 1994 rexisse
822 1961 911 1994 bella
932 1969 964 1996 et
981 1964 1072 2004 poli-

78 2011 145 2045 tica
171 2011 311 2052 negotia
336 2011 372 2043 in
392 2011 543 2051 publicis
560 2012 682 2052 populi
703 2013 954 2047 conventibus,
984 2014 1071 2047 sicut

77 2061 255 2096 Homerus
287 2069 467 2105 utrunque
502 2062 601 2095 dit—it:
636 2061 792 2105 πόλειιοε
826 2061 861 2095 (5⁰
897 2062 1070 2104 ἄνδρεσσι

77 2108 234 2158 μελήσει.
289 2112 332 2145 Et
358 2109 465 2158 λόγος
482 2111 514 2147 δ’
534 2112 707 2157 &idipsam
729 2111 880 2159 μελήσει.
938 2114 1069 2149 Mulie·

76 2176 132 2198 res
163 2176 245 2196 vero
278 2164 374 2197 domi
406 2165 630 2197 oeconomica
664 2166 801 2207 negotia
838 2178 995 2207 curasse,
1037 2174 1069 2200 et

78 2228 150 2249 non
169 2215 290 2248 solitas
311 2215 346 2247 iu
372 2215 523 2253 publicis
550 2216 707 2249 virorum
732 2217 965 2250 conventibus
984 2231 1070 2252 con-

78 2266 223 2301 cionari.
266 2265 371 2299 Hunc
387 2264 575 2299 honestum
592 2279 726 2300 morem
745 2269 818 2300 vult
836 2267 966 2302 Paulus
984 2270 1067 2302 etin

76 2316 232 2351 Ecclesia
250 2317 398 2354 servari,
428 2324 459 2349 et
485 2318 560 2351 vult
587 2318 622 2350 in
649 2318 904 2358 gubernatione
927 2321 1067 2362 publica

77 2368 150 2401 fieri
168 2368 474 2410 congruentialegi
487 2369 567 2408 Dei,
587 2375 619 2402 et
636 2369 727 2402 veris
747 2370 885 2402 iudiciis
902 2368 1067 2406 humanis

79 2420 269 2452 secundum
289 2426 416 2452 rectam
434 2420 618 2455 rationem.
677 2419 756 2453 Non
775 2421 848 2453 vult
866 2421 1068 2456 barbaricas

78 2470 301 2503 confusiones
321 2471 356 2503 in
375 2470 529 2504 Ecclesia
549 2470 641 2510 fieri,
669 2483 741 2504 non
768 2472 842 2505 vult
861 2471 1066 2506 Semirami-

78 2521 157 2554 dem
184 2527 242 2553 aut
268 2521 460 2554 Zenobiam
490 2522 564 2555 fieri
595 2520 801 2564 Episcopos.
869 2520 945 2556 Etsi
971 2524 1065 2558 enim

80 2579 159 2606 sunt
177 2573 308 2604 multae
327 2579 466 2605 sanctae
481 2580 514 2606 et
530 2573 705 2616 sapientes
721 2580 919 2613 matronae,
949 2581 1065 2609 tamen

77 2619 160 2655 haec
179 2623 318 2666 publica
334 2623 446 2656 officia
464 2636 535 2657 non
553 2624 769 2658 conveniunt
788 2622 871 2659 huic
889 2626 1004 2669 sexui,
1033 2634 1065 2661 et

78 2673 275 2718 exemplum
291 2674 529 2719 periculosum
546 2682 608 2710 est.

401 93 436 132 4.
468 92 807 132 COMMENTAR.
836 94 887 129 IN
913 92 1068 130 EPIST.
1093 88 1240 126 PAULI
1268 87 1338 122 AD
1363 83 1685 122 CORINTHIOS.
1736 84 1841 123 CAP.
1868 86 1968 127 XtV.

2022 90 2116 127 1178

1238 172 1462 207 Escandescit
1490 173 1631 206 tandem
1655 172 1783 206 Paulus
1803 173 1946 207 intuens
1962 174 2040 208 illas
2061 176 2114 210 in-

1135 225 1245 268 eptias
1263 221 1543 263 Corinthiorum,
1570 223 1607 256 in
1623 224 1750 268 quibus
1769 223 1924 258 Graecae
1939 226 2116 266 vanitatis,

1133 276 1366 314 curiositatis,
1393 274 1636 307 ostentationis
1656 281 1687 307 et
1707 276 1921 317 garrulitatis
1944 276 2042 318 signa
2062 278 2115 311 vi-

1131 327 1246 361 debat.
1301 325 1377 357 Viri
1394 325 1627 357 ostentatione
1644 326 1840 366 certabant,
1866 338 1943 360 cum
1964 328 2023 360 alii
2043 329 2110 362 alia

1132 377 1251 418 lingua
1275 382 1525 419 componerent
1550 384 1582 408 et
1606 376 1790 409 recitarent
1817 374 1981 422 hymnos:
2030 378 2115 413 Mu-

1131 427 1233 461 lieres
1257 427 1475 465 curiositate,
1505 437 1593 470 quae
1612 433 1643 459 et
1665 427 1736 470 ipse
1754 427 1791 459 in
1808 427 1950 471 publico
1969 429 2114 463 recitare

1131 476 1280 523 hymnos
1303 477 1357 509 vel
1381 476 1561 519 disputare
1583 477 1760 510 volebant.
1824 476 1975 512 Dolebat
2007 480 2114 522 igitur

1129 527 1261 561 Paulus
1286 528 1323 560 in
1349 527 1477 560 sanctis
1501 533 1637 559 tantum
1660 527 1827 561 stultitiae
1849 536 1880 561 et
1899 529 2113 573 ineptiarum

1130 591 1292 616 manere,
1338 584 1369 610 et
1395 577 1491 609 addit
1514 588 1670 618 asperam
1702 578 1990 620 increpationem.
2048 581 2114 614 Ni-

1129 630 1238 662 mium
1265 628 1365 661 vobis
1394 627 1583 668 indulgetis
1614 625 1775 661 homines
1803 627 1950 668 Graeci,
1987 632 2115 674 putatis

1129 680 1325 714 doctrinam
1357 677 1543 720 Evangelii
1568 684 1600 711 et
1626 675 1710 711 haec
1734 679 1825 711 dona
1860 679 1925 712 Dei
1951 681 1993 714 de
2017 683 2113 716 coelo

1129 731 1232 764 allata
1256 741 1347 768 esse,
1375 736 1412 762 ut
1434 726 1488 761 his
1510 729 1666 763 materiis
1690 729 1872 763 ostentetis
1895 731 2054 774 ingenia,
2082 740 2114 767 et

1130 782 1345 815 transferatis
1365 791 1421 812 eas
1440 781 1481 812 ad
1508 779 1632 821 ludos,
1660 781 1874 823 spectacula,
1902 783 2113 822 comoedias,

1128 833 1217 865 sicut
1252 832 1375 865 luditis
1410 832 1453 863 de
1487 827 1633 864 historia
1669 830 1826 864 Troiana
1862 838 1893 865 et
1927 832 2114 867 similibus.

1129 882 1231 917 Absit
1255 880 1340 915 haec
1367 883 1409 914 ab
1429 879 1583 914 Ecclesia
1604 881 1752 917 vanitas.
1804 881 1962 926 Cogitate
1986 885 2115 928 potius,

1127 941 1277 978 quantae
1295 945 1346 966 res
1364 933 1452 973 sint,
1472 932 1654 975 patefattio
1671 932 1736 965 Dei
1748 960 1756 973 ,
1776 945 1880 977 quem
1896 942 1997 968 antea
2014 936 2114 978 igno-

1128 985 1245 1025 rastis,
1281 996 1370 1029 quae
1395 984 1438 1016 sit
1464 983 1600 1016 iusticia
1623 991 1655 1017 et
1682 983 1732 1016 ira
1751 982 1816 1017 Dei
1843 985 2008 1019 adversus
2033 999 2114 1030 pec-

1127 1043 1200 1069 cata
1228 1042 1340 1068 vestra
1371 1041 1403 1067 et
1434 1035 1597 1069 aliorum.
1657 1032 1781 1068 Dolete
1806 1047 1866 1068 vos
1892 1033 2114 1071 horribiliter

1127 1087 1280 1120 irritasse
1289 1085 1402 1119 Deum
1416 1083 1598 1132 Epicureis
1609 1085 1788 1119 furoribus
1803 1093 1863 1120 aut
1873 1086 2047 1121 idolorum
2059 1089 2115 1122 in-

1126 1138 1325 1175 vocatione,
1343 1136 1572 1176 libidinibus,
1591 1143 1623 1169 et
1640 1137 1717 1169 aliis
1735 1136 1937 1171 sceleribus,
1974 1137 2113 1173 Rursus

1127 1189 1229 1221 etiam
1249 1188 1464 1220 considerate
1478 1214 1486 1227 ‚
1515 1187 1618 1232 quale
1640 1187 1828 1220 consilium
1846 1189 1908 1229 sit,
1937 1191 2030 1233 quod
2051 1202 2112 1223 vos

1127 1240 1250 1271 liberat
1267 1237 1362 1271 Deus
1388 1250 1447 1281 per
1470 1238 1581 1270 filium
1609 1250 1648 1270 cx
1672 1238 1822 1271 aeternis
1841 1240 1984 1282 poenis,
2015 1242 2109 1285 quod

1125 1302 1221 1322 suam
1238 1289 1350 1322 lucem
1369 1289 1466 1321 volvis
1486 1289 1660 1327 ostendit,
1689 1290 1784 1333 quod
1804 1290 1919 1323 reddit
1938 1291 2111 1325 iusticiam

1126 1347 1157 1373 et
1180 1340 1286 1372 vitam
1312 1346 1499 1371 aeternam.
1553 1338 1621 1372 Pro
1649 1336 1703 1371 his
1733 1339 1837 1372 donis
1864 1341 1954 1383 agite
1986 1343 2112 1384 gratias

1127 1391 1212 1434 ipsi,
1248 1390 1419 1422 celebrate
1443 1390 1576 1433 ipsum,
1610 1396 1641 1422 et
1659 1390 1908 1433 gratitudinem
1929 1404 2009 1424 vera
2027 1393 2111 1425 obe-

1126 1441 1257 1473 dientia
1292 1441 1476 1475 ostendite.
1553 1439 1631 1473 Sint
1656 1441 1783 1474 mixtae
1808 1442 1898 1475 veris
1928 1443 2111 1477 doloribus

1126 1492 1402 1529 consolationes,
1438 1492 1698 1531 invocationes,
1728 1491 1918 1533 gratiarum
1943 1493 2109 1528 actiones.

1126 1541 1205 1574 Non
1228 1543 1352 1574 ludant
1378 1541 1487 1573 animi
1512 1542 1643 1582 securi,
1671 1543 1904 1575 ostentatione
1922 1544 2110 1587 donorum,

1126 1593 1224 1636 quasi
1243 1592 1459 1636 accepissetis
1479 1592 1648 1633 calamos,
1676 1599 1713 1625 ut
1732 1591 1924 1633 Hesiodus,
1953 1606 1970 1627 a
1984 1594 2110 1635 Musis,

1127 1650 1185 1675 aut
1210 1642 1350 1683 Tibias‚
1388 1650 1419 1675 et
1448 1643 1624 1688 Marsyas,
1658 1654 1675 1675 a
1696 1642 1851 1678 Pallade.
1904 1644 1979 1678 Hos
2007 1646 2110 1680 ludos

1127 1701 1302 1727 rvmovete
1327 1695 1371 1727 ab
1391 1692 1567 1734 Ecclesia,
1597 1695 1657 1738 qui
1683 1700 1799 1726 tamen
1826 1694 2006 1740 aliquanto
2030 1704 2110 1741 post

1126 1745 1164 1776 in
1181 1756 1256 1776 earn
1282 1743 1506 1778 invehentur.
1558 1743 1753 1778 Certabunt
1777 1746 1870 1778 docti
1897 1747 2108 1790 disputatio-

1128 1796 1252 1836 nibus,
1294 1796 1522 1829 ostentabunt
1554 1796 1715 1839 ingenia,
1756 1796 1986 1831 audacissime
2017 1810 2108 1832 nova

1127 1847 1286 1889 dogmata
1314 1847 1476 1890 gignent,
1515 1847 1730 1880 constituent
1757 1847 1902 1891 imperia
1928 1856 2108 1892 praetextu

1127 1897 1333 1939 ministerii,
1361 1899 1545 1931 certabunt
1569 1898 1781 1936 ambitione,
1809 1899 1975 1941 avaritia,
2004 1901 2107 1943 odiis,

1126 1948 1316 1991 cupiditate
1340 1949 1527 1982 vindictae.
1582 1948 1634 1981 Ex
1659 1946 1712 1982 his
1735 1949 1835 1981 malis
1862 1950 1970 1989 bella,
2005 1951 2108 1983 dissi-

1126 1999 1284 2041 pationes
1304 2001 1439 2042 generis
1463 1997 1610 2032 hnmani
1640 2006 1673 2032 et
1704 2000 1913 2034 vastationes
1937 2002 2107 2038 orientur.

1127 2049 1325 2082 Tantorum
1342 2051 1515 2082 malorum
1535 2050 1634 2083 initia
1653 2051 1720 2082 iam
1741 2052 1957 2094 compescite.

1224 2100 1296 2134 Nos
1313 2101 1380 2133 iam
1403 2102 1436 2134 in
1454 2099 1515 2134 liae
1534 2108 1669 2133 senecta
1687 2102 1810 2134 mundi
1832 2103 2039 2145 cogitemus,
2066 2113 2106 2135 ex

1124 2152 1287 2195 qualibus
1307 2152 1416 2185 initiis
1437 2159 1553 2194 postea
1572 2153 1703 2185 maiora
1721 2153 1809 2185 mala
1830 2161 1943 2186 secuta
1962 2154 2048 2193 sint,
2074 2159 2107 2186 et.

1123 2203 1321 2243 doleamus,
1357 2215 1493 2246 semper
1518 2203 1555 2235 in
1581 2202 1754 2241 Ecclesia,
1792 2203 1896 2234 etiam
1921 2216 1998 2236 cum
2020 2211 2108 2237 tem-

1123 2265 1208 2296 pora
1230 2261 1310 2287 sunt
1333 2255 1506 2292 feliciora,
1533 2261 1648 2286 tamen
1674 2253 1824 2286 multum
1853 2254 2107 2287 imbecillitatis

1123 2315 1212 2342 esse,
1257 2312 1288 2338 et
1312 2305 1422 2338 filium
1450 2303 1515 2337 Dei
1542 2315 1698 2343 oremus,
1741 2311 1778 2337 ut
1802 2304 1952 2347 publicis
1978 2313 2009 2338 et
2033 2304 2107 2349 pri-

1122 2355 1209 2389 vatis
1230 2356 1362 2389 morbis
1385 2357 1586 2396 medeatur,
1627 2362 1660 2389 ct
1687 2354 1853 2400 reliquias
1877 2367 1959 2389 suae
1983 2355 2107 2390 Eccle-

1120 2405 1190 2438 siae
1213 2414 1338 2442 servet.

1208 2486 1350 2524 Omnia
1369 2494 1488 2523 autem
1509 2487 1669 2522 decenter
1694 2492 1725 2522 et
1746 2487 2006 2534 ordz'ne'·fiant.

1224 2558 1264 2592 ln
1282 2559 1350 2591 fine
1367 2559 1519 2600 regulam
1539 2557 1734 2600 generalem
1755 2558 1869 2591 addit:
1897 2555 2028 2591 Omnia
2047 2557 2110 2590 de-

1120 2622 1200 2643 core
1227 2617 1258 2642 et
1286 2610 1411 2642 ordine
1437 2609 1539 2646 fiant,
1586 2608 1620 2641 id
1650 2615 1716 2648 est,
1760 2615 1954 2652 congruant
1985 2619 2108 2640 omnes

1120 2662 1275 2697 actiones
1299 2661 1342 2693 ad
1367 2660 1478 2703 legem
1507 2657 1593 2699 Dei,
1620 2666 1652 2693 et
1673 2659 1716 2693 ad
1742 2660 1900 2694 naturale
1926 2658 2112 2699 iudicium,
