2415 2942
101 69 201 106 1297

118 154 222 187 Anno

327 69 427 108 XIII.

481 71 517 108 7.
544 70 844 111 ENARRATIO
870 73 1025 112 EPIST.
1052 72 1257 112 PRIORIS
1286 73 1353 112 AD
1381 76 1708 116 TIMOTHEUM.

284 155 390 188 Anno
410 163 488 197 post

97 196 233 237 Christi,
250 203 522 232 converssionem.

146 258 207 296 51.
292 260 351 298 17.

146 359 209 399 52.
287 363 345 399 18.

140 616 202 653 53.
286 617 345 654 19.

139 667 201 706 54.
279 669 342 705 20.

139 718 200 755 55.
279 721 342 757 21.

139 921 202 959 56.
279 923 343 958 22.

137 1073 199 1112 57.
277 1077 338 1111 23.

136 1177 198 1215 58.
276 1178 338 1214 24.

134 1586 196 1623 59.
275 1585 337 1623 25.

134 1640 195 1675 60.
272 1639 334 1675 26.

133 1792 194 1829 61.
272 1792 336 1826 27.

133 1844 195 1881 62.
273 1844 337 1880 28.

131 1998 195 2033 63.
272 1998 336 2033 29.

131 2048 192 2084 64.
271 2049 334 2082 30.

133 2098 193 2136 65.
273 2099 335 2136 31.

131 2153 193 2188 66.
270 2151 332 2184 32.

133 2202 194 2240 67.
270 2202 332 2237 35.

133 2255 195 2291 68.
276 2253 339 2288 34.

131 2306 194 2342 69.
273 2302 333 2339 35.

133 2408 194 2443 70.
273 2407 335 2444 36.

454 263 622 309 Synodus
639 261 874 309 Ierosolymae
893 264 1091 299 cuiPaulus

506 313 687 355 interfuit,
713 313 817 349 Aeto.
840 315 897 350 15.

448 363 573 400 Rediit
600 365 637 397 in
662 363 824 399 Iconium
857 373 891 400 et
912 365 1088 412 Lystram‚

509 416 573 450 ubi
591 413 821 449 Timotheum
840 417 907 451 sibi
925 419 1088 453 adiunxit

505 474 539 501 et
556 467 691 500 traiecit
706 467 741 499 in
753 466 1013 505 Macedoniam.
1039 468 1088 504 Et

501 516 754 556 fuitCorinthi‚
772 519 834 551 ubi
847 520 985 564 scripsit
996 519 1096 566 Epi--

502 569 627 602 stolam
644 570 688 601 ad
706 568 903 607 Romanos.

445 719 567 755 Rediit
587 720 625 753 in
645 720 785 762 Asiam,
813 729 847 756 et
864 735 942 757 cum
961 724 1084 757 fuisset

502 772 649 805 hiennio
685 771 842 817 Ephesi,
891 773 1082 809 Timotheo

497 820 693 857 Ecclesiam
733 825 856 858 abiens
898 838 1081 860 commen-

497 874 606 907 davit.

447 923 571 959 Rediit
588 926 624 958 in
643 923 854 972 Phrygiam,
871 927 933 960 ubi
949 927 1081 961 Laodi-

507 988 587 1010 ceae
611 977 749 1020 scripsit
768 978 919 1021 primam
937 978 1081 1024 Episto-

504 1027 573 1060 lam
583 1029 631 1060 ad
651 1026 893 1064 Timotheum.

442 1076 567 1112 Rediit
596 1078 727 1113 Paulus
760 1080 798 1112 in
832 1080 1079 1114 Macedoniam

495 1130 594 1176 prius
605 1137 784 1174 peragrata
795 1129 946 1177 Phrygia
957 1132 1081 1165 etfini-

494 1181 561 1213 bus
580 1180 788 1215 Galatarum
802 1208 809 1222 ‚
846 1194 997 1228 cumque
1021 1195 1081 1216 ve-

496 1233 604 1265 nisset
617 1232 653 1264 in
666 1232 926 1274 Macedoniam,
941 1234 1081 1277 scripsit

496 1282 533 1315 in
546 1280 721 1327 Philippis
737 1290 925 1329 utramque
935 1283 1082 1328 Episto-

494 1334 564 1366 lam
584 1335 626 1366 ad
646 1332 853 1368 Corinthios
875 1347 948 1368 non
972 1336 1078 1378 longo

493 1385 695 1419 intervallo.
751 1385 874 1418 Postea
903 1387 1010 1419 rediit
1041 1387 1079 1419 in

497 1434 640 1474 Asiam,
681 1448 720 1469 ac
743 1436 842 1469 venit
868 1436 1080 1482 Mytilenen,

496 1486 580 1520 item
606 1486 643 1519 in
666 1486 812 1521 Samum
837 1495 870 1522 et
895 1487 1079 1528 Miletum,

496 1536 598 1573 Aeto.
614 1538 676 1572 20.

440 1638 663 1673 Postremum
678 1639 745 1672 iter
758 1640 801 1672 ad
812 1638 1078 1684 lerosolymam,

493 1701 563 1733 quo
573 1701 652 1723 cum
664 1689 761 1723 venit
772 1689 920 1733 capitur,
930 1698 963 1723 et
976 1691 1079 1723 bien-

491 1741 552 1773 nio
563 1739 732 1774 Cesareae
749 1740 910 1784 captivus
927 1747 1077 1776 tenetur.

442 1842 626 1877 Remissus
658 1841 825 1878 Romam.
890 1843 960 1877 Sed
993 1851 1077 1878 tunc

497 1894 666 1926 liberatus
690 1900 740 1926 est
770 1906 830 1928 ore
855 1895 987 1937 leonis,
1038 1904 1078 1930 ut

494 1946 528 1979 2.
549 1942 709 1981 Timoth.
728 1943 764 1981 4.
781 1952 912 1979 narrat.

436 2199 519 2235 Fuit
542 2199 729 2234 biennium
756 2199 792 2233 in
821 2201 1011 2236 conducto.

435 2301 645 2337 Interfectus
690 2300 823 2337 Paulus
868 2315 887 2336 a
935 2303 1078 2338 Nerone

493 2354 599 2398 paulo
616 2359 697 2387 ante
714 2354 790 2387 eius
807 2361 969 2388 mortem.

438 2404 606 2439 Decimus
631 2411 778 2449 quartus
802 2405 974 2447 Neronis,
1007 2418 1077 2452 quo

498 2456 592 2490 Nero
617 2455 686 2489 sibi
702 2456 875 2491 conscivit
889 2464 1053 2494 mortem.

243 2540 392 2577 Paulus
421 2537 623 2589 Apostolus
646 2536 734 2573 Iesu
759 2536 916 2576 Christi.

186 2611 296 2646 lnitio
316 2610 450 2644 Paulus
467 2620 599 2643 nomen
619 2610 824 2653 praeponit,
853 2609 937 2655 quia
955 2609 993 2644 in
1009 2608 1078 2645 Ec—

86 2664 191 2698 clesia
214 2669 354 2708 oportet
378 2668 494 2695 extare
512 2660 735 2704 testimonia,
762 2668 795 2696 et
812 2660 893 2695 sciri
911 2672 975 2706 per
991 2673 1080 2708 quos

138 2714 325 2749 Manna.
354 2715 459 2748 Ormi.
483 2712 567 2745 Vox..
596 2712 675 2746 XV.

1764 81 1868 118 CAP.
1897 82 1926 118 Ι.

1116 158 1122 208 Ι
1148 174 1185 195 ea
1210 163 1412 198 testimonia
1435 166 1564 200 tradita
1587 167 1676 202 sint:
1705 174 1738 202 et
1763 169 1800 203 fit
1820 169 1955 203 mentio
1980 171 2138 205 muneris

1145 215 1348 257 apostolici,
1377 223 1416 249 ut
1437 217 1587 251 sciamus
1610 220 1824 253 credendum
1850 233 1922 254 esse
1939 221 2049 264 ipsius
2072 224 2135 255 do-

1145 265 1298 306 ctrinae,
1325 272 1492 312 tanquam
1512 269 1588 302 voci
1606 268 1671 302 Dei
1689 271 1732 303 de
1750 272 1847 305 coelo
1865 273 2016 313 sonanti,
2044 273 2134 307 sicut

1144 316 1217 359 ipse
1242 317 1361 362 inquit
1386 319 1430 350 ad
1458 317 1619 361 Galatas,
1653 332 1687 354 se
1712 323 1910 357 doctrinam
1937 336 2008 356 non
2035 336 2133 357 acce-

1143 367 1234 411 pisse
1259 368 1303 401 ab
1335 366 1560 411 hominibus,
1603 378 1636 404 et
1660 373 1703 405 de
1728 384 1790 407 sua
1813 375 1996 408 vocatione
2022 376 2132 409 multa

1141 418 1248 459 dicit,
1289 426 1328 453 ut
1355 421 1580 455 autoritatem
1617 434 1699 456 suae
1728 425 1910 458 doctrinae
1938 427 2133 463 confirmet.

1140 467 1187 502 Et
1213 471 1358 513 prodest
1389 473 1650 506 commonefieri
1676 475 1833 509 iuniores
1858 478 1901 509 de
1926 477 2132 511 discrimine

1140 519 1420 565 Prophetarum,
1455 522 1728 567 Apostolorum,
1764 534 1798 561 et
1823 528 1973 561 aliorum
2002 530 2133 562 docen-

1139 578 1242 606 tium.

2045 85 2142 121 1298

1241 639 1442 685 Prophetae
1473 643 1637 685 suerunt,
1687 644 1748 689 qui
1775 645 1978 680 immediate
2005 659 2023 680 a
2051 648 2130 682 Deo

1139 692 1253 725 vocati
1271 700 1353 726 sunt
1373 694 1416 726 ad
1434 695 1646 734 docendum,
1665 702 1697 729 et
1717 696 1759 728 ad
1777 696 2025 731 illustrandam
2048 711 2130 742 pro-

1138 743 1341 777 missionem
1366 745 1408 777 de
1427 744 1576 785 Messia‚
1613 753 1645 780 et
1664 747 1706 779 ad
1730 747 1848 792 aliqua
1869 749 2015 782 consilia
2040 751 2131 793 poli-

1138 794 1224 838 tica,
1252 802 1285 829 et
1309 793 1442 829 habent
1464 797 1666 831 testimonia
1690 798 1830 839 divina,
1857 800 1953 844 quod
1975 812 2048 833 non
2075 813 2130 834 er-

1137 853 1216 879 rent
1249 846 1285 879 in
1318 847 1501 890 doctrina,
1542 848 1706 883 videlicet
1735 850 1908 893 quaedam
1939 852 2132 896 peculiaria

1137 896 1318 933 miracula.

1239 974 1404 1017 Apostoli
1429 974 1594 1017 fuerunt,
1630 977 1691 1021 qui
1715 977 1920 1011 immediate
1941 989 1959 1011 a
1986 977 2129 1013 Christo

1136 1025 1250 1057 vocati
1277 1031 1360 1058 sunt
1387 1026 1429 1058 ad
1456 1027 1656 1060 docendum
1681 1027 1940 1070 Evangelium,
1987 1042 2059 1063 non
2085 1032 2127 1064 ad

1135 1076 1430 1119 gubernationem
1460 1077 1658 1120 politicam,
1705 1086 1739 1113 et
1766 1076 1899 1113 habent
1927 1081 2128 1115 testimonia

1135 1127 1277 1168 divina,
1305 1127 1401 1172 quod
1422 1139 1495 1161 non
1519 1137 1637 1164 errent
1660 1130 1699 1164 in
1716 1130 1894 1170 doctrina,
1924 1138 1957 1165 et
1981 1140 2130 1177 possunt

1135 1178 1295 1223 quolibet
1319 1179 1397 1212 loco
1419 1179 1556 1216 docere,

1236 1254 1405 1300 Episcopi
1423 1262 1454 1289 et
1472 1256 1531 1289 alii
1547 1256 1721 1290 Doctores
1740 1264 1823 1291 sunt
1844 1259 1996 1293 mediate
2016 1259 2128 1292 vocati

1135 1319 1153 1339 a
1173 1305 1248 1340 Deo
1267 1307 1438 1340 electione
1455 1305 1609 1340 humana
1621 1332 1630 1346 ,
1655 1316 1688 1342 et
1704 1320 1830 1341 sonare
1848 1310 1978 1343 debent
1996 1310 2129 1342 doctri-

1134 1369 1217 1390 nam
1236 1358 1280 1390 ab
1299 1355 1480 1401 Apostolis
1497 1365 1673 1402 acceptam
1693 1359 1768 1392 sine
1784 1360 1902 1404 aliqua
1920 1361 2129 1401 mutatione,

1135 1421 1213 1442 cum
1232 1420 1314 1441 vero
1334 1415 1489 1447 mutant,
1506 1416 1645 1450 errant,
1661 1416 1700 1443 ut
1725 1421 1824 1453 saepe
1843 1412 1891 1451 fit,
1908 1411 1987 1444 idco
2008 1424 2128 1444 carum

1135 1459 1296 1492 doctrina
1312 1460 1500 1492 iudicanda
1519 1467 1568 1494 est
1584 1473 1622 1493 ex
1640 1460 2129 1505 testimoniisApostolorum.

1134 1510 1230 1543 Haec
1249 1522 1392 1543 monere
1411 1511 1514 1543 initio
1531 1512 1575 1543 de
1594 1511 1698 1544 titulo
1724 1523 1863 1545 necesse
1887 1520 1955 1553 est,
1983 1526 2026 1546 ne
2050 1515 2129 1558 quis

1134 1568 1232 1605 putet
1254 1573 1383 1594 nomen
1408 1560 1573 1604 Apostoli
1598 1562 1709 1595 otiose
1732 1563 1891 1596 additum
1919 1575 2006 1597 esse:
2048 1565 2127 1598 ideo

1135 1613 1264 1645 diserte
1283 1612 1381 1645 addit
1401 1611 1553 1653 Paulus,
1581 1624 1617 1645 se
1634 1624 1705 1645 esse
1725 1612 1937 1657 Apostolum
1960 1617 2126 1649 mandato

1135 1663 1258 1695 divino
1278 1662 1435 1695 missum.
1479 1663 1578 1697 Sicut
1597 1670 1713 1696 autem
1733 1664 1800 1708 ipsi
1824 1666 2059 1699 necessarium
2078 1674 2128 1701 est

1134 1714 1279 1754 docere,
1306 1713 1352 1747 ita
1371 1715 1474 1748 nobis
1493 1715 1689 1750 necessario
1710 1716 1915 1750 mandatum
1936 1723 1986 1751 est
2004 1717 2128 1752 audire

1133 1762 1224 1798 hanc
1246 1764 1457 1801 doctrinam.

1199 1877 1253 1910 Ne
1272 1872 1353 1909 alia
1370 1872 1539 1915 doceant,
1573 1879 1604 1909 el
1621 1886 1664 1909 ne
1679 1873 1875 1910 attendant
1891 1876 2058 1925 fabulis.

1234 1969 1437 2004 Necessaria
1469 1977 1520 2004 est
1543 1970 1759 2012 admonitio,
1802 1978 1851 2005 est
1883 1978 1914 2005 et
1943 1972 2054 2016 prima
2089 1972 2126 2005 in

1133 2020 1301 2060 Ecclesia,
1322 2034 1366 2055 ne
1384 2022 1511 2055 omissa
1531 2022 1691 2056 doctrina
1711 2023 1884 2056 divinitus
1903 2024 2029 2056 tradita
2044 2036 2127 2068 pro-

1135 2079 1314 2118 ponantur
1330 2074 1419 2107 aliae
1435 2073 1628 2108 doctrinae.
1675 2073 1764 2107 Item
1782 2086 1826 2107 ne
1843 2074 2000 2107 curiosae
2020 2086 2127 2119 quae-

1133 2125 1264 2158 stiones
1289 2125 1465 2168 agitentur
1487 2124 1626 2158 omissis
1651 2126 1758 2158 rebus
1782 2125 2006 2165 necessariis,
2044 2125 2127 2170 quia

1133 2174 1290 2210 Ecclesia
1322 2176 1462 2219 alligata
1488 2182 1540 2209 est
1572 2177 1615 2209 ad
1644 2177 1941 2217 fundamentum,
1976 2183 2014 2209 ut
2041 2176 2128 2209 alibi

1133 2227 1279 2261 dicitur:
1316 2226 1607 2261 Fundamentum
1631 2227 1729 2260 aliud
1757 2239 1889 2271 ponere
1926 2239 2028 2259 nemo
2062 2239 2126 2271 po-

1134 2285 1218 2319 test,
1247 2286 1384 2322 praeter
1404 2279 1439 2311 id
1459 2279 1552 2323 quod
1574 2278 1727 2322 positum
1746 2286 1814 2318 est,
1842 2279 1934 2322 quod
1955 2285 2003 2310 est
2022 2276 2127 2312 Chri-

1134 2336 1207 2363 stus
1230 2332 1337 2365 Iesus.
1389 2328 1495 2363 Item:
1521 2328 1560 2362 Si
1586 2329 1664 2374 quis
1689 2329 1785 2364 aliud
1802 2327 2037 2372 Evangelium
2063 2330 2129 2362 do·-

1133 2388 1206 2423 cet‚
1238 2378 1426 2415 anathema
1451 2380 1507 2416 sit.

1234 2456 1287 2491 Ac
1313 2464 1352 2491 ut
1375 2457 1512 2501 sapiens
1537 2455 1671 2490 Doctor
1706 2456 1810 2490 initio
1837 2467 2009 2490 summam
2040 2456 2129 2489 reci-

1134 2515 1202 2553 tat,
1243 2521 1312 2554 qua
1335 2509 1491 2542 breviter
1516 2508 1764 2552 complectitur
1791 2507 1931 2547 omnia,
1973 2519 2062 2552 quae
2091 2507 2128 2539 in

1135 2557 1280 2592 homine
1323 2571 1494 2592 converso
1533 2560 1577 2592 ad
1624 2558 1737 2592 Deum
1778 2570 1850 2591 esse
1888 2570 2026 2590 necesse
2067 2565 2130 2593 est,

1135 2608 1290 2644 Summa
1315 2606 1491 2643 mandati
1513 2613 1563 2642 est
1589 2606 1754 2648 dilectio,
1783 2620 1828 2642 ex
1852 2605 1956 2641 corde
1978 2619 2074 2655 puro
2100 2611 2131 2641 el

1134 2659 1355 2695 conscientia
1377 2659 1496 2702 bona,
1524 2664 1554 2693 el
1576 2657 1653 2704 fide
1675 2672 1748 2695 non
1763 2658 1872 2705 ficta.

1373 2711 1423 2745 82
