2415 2942
504 498 854 544 ENARRA'HO
887 496 1223 539 EPISTOLAE
1253 493 1433 536 PAULI
1465 493 1546 534 AD
1583 490 2034 536 COLOSSENSES.

263 619 466 681 Oppidum
499 634 566 668 fuit
589 631 753 666 Colossae
785 629 940 663 vicinum
969 628 1063 661 amni
1091 626 1187 672 Lyco
1213 632 1246 659 et

262 689 436 723 §leandro
462 686 499 718 in
525 683 677 718 confinio
694 681 825 726 Lydiae
852 692 869 712 e
885 679 1026 722 regione
1041 678 1248 717 Laodiceae,

262 740 476 774 celebratum
503 736 546 768 ab
575 733 755 766 Herodoto
780 738 810 763 et
836 742 852 762 a
883 729 1138 773 Xenophonte,
1172 734 1205 760 et
1230 739 1248 760 a

266 790 450 825 Strabone.
504 785 586 819 Ideo
605 790 719 816 autem
737 795 753 814 a
775 780 974 813 Ptolemaeo
993 780 1161 812 omissum
1178 778 1250 810 exi-

266 842 390 882 stimo,
417 837 498 882 quia
522 847 616 869 anno
637 840 714 877 post
731 831 830 865 Pauli
857 837 1026 873 mortem,
1062 836 1101 862 ut
1129 828 1252 862 scribit

265 889 478 933 Eutropius,
506 893 617 920 terrae
641 890 738 917 motu
763 883 962 915 submersae
988 887 1070 913 sunt
1086 880 1252 913 Colossae

269 950 302 976 et
320 939 502 975 Laodicea.
557 935 616 970 Sic
640 940 822 978 postquam
841 930 935 965 Deus
962 931 1132 974 excerpsit
1155 941 1252 963 suam

270 990 462 1028 Ecclesiam
475 1013 484 1027 ,
509 987 637 1021 deinde
657 985 757 1028 impii
775 989 807 1016 et
826 983 1003 1015 idolorum
1021 982 1172 1015 cultores
1189 992 1254 1025 pu-

271 1042 337 1077 niti
360 1048 452 1075 sunt.

373 1091 465 1125 Cum
482 1089 589 1133 igitur
603 1084 710 1120 huius
734 1085 854 1129 oppidi
874 1084 970 1116 locus
989 1090 1092 1116 notus
1110 1081 1172 1119 sit,
1200 1080 1258 1112 in-

274 1144 346 1190 epti
363 1149 463 1182 sunt,
487 1140 546 1186 qui
563 1138 777 1172 transferunt
795 1134 860 1168 hoc
877 1146 1006 1167 nomen
1026 1135 1065 1166 ad
1083 1131 1259 1174 Rhodios,

275 1197 356 1241 qnia
381 1193 431 1226 ibi
457 1191 561 1225 fuerit
577 1188 742 1222 Colossus
764 1187 856 1220 Solis
881 1198 899 1218 a
917 1185 1037 1217 multis
1056 1184 1260 1216 celebratus.

277 1247 391 1281 Locus
425 1244 504 1276 ideo
542 1247 647 1273 notus
681 1239 745 1278 sit,
788 1244 825 1270 ut
861 1248 972 1280 poena
1010 1235 1262 1272 consideretur,

279 1308 383 1342 quam
409 1294 482 1327 dixi
506 1297 658 1325 secutam
680 1300 751 1321 esse
768 1294 843 1331 post
860 1286 962 1319 Pauli
981 1292 1139 1318 mortem.
1189 1283 1261 1316 Nec

280 1358 369 1391 opus
394 1352 443 1378 est
466 1351 632 1388 quaerere
657 1343 752 1372 unde
779 1339 826 1370 sic
850 1337 1069 1370 nominatum
1092 1336 1135 1368 sit
1162 1334 1263 1376 oppi-

283 1400 383 1432 dum:
418 1396 563 1428 fortasse
596 1390 689 1423 enim
722 1389 770 1421 ibi
796 1399 937 1432 quoque
964 1397 1109 1428 magnae
1133 1391 1264 1417 statuae

284 1451 438 1483 suerunt.
491 1443 578 1477 Nam
596 1440 760 1475 Colossus
779 1439 918 1482 proprie
936 1442 985 1469 est
1009 1442 1168 1469 truncata
1195 1441 1265 1467 sta-

286 1509 362 1538 tua,
390 1510 407 1531 a
427 1492 558 1535 κόλον,
586 1493 620 1524 id
641 1497 708 1530 est,
735 1489 920 1525 mutilum,
949 1493 981 1519 et
1007 1486 1111 1529 ὄσσε,
1147 1485 1181 1518 id
1206 1490 1267 1521 est,

285 1550 391 1584 oculi.
444 1545 510 1578 Vel
532 1541 719 1587 appellatio
736 1539 871 1571 Heneta
891 1544 939 1570 est
959 1549 975 1569 a
995 1537 1087 1576 luto,
1116 1538 1210 1568 unde
1230 1535 1267 1566 in

287 1597 471 1635 Pannonia
497 1595 588 1627 idem
614 1599 662 1625 est
687 1602 814 1623 nomeu
840 1588 970 1632 oppido
999 1586 1138 1621 celebri.
1199 1584 1266 1618 Sed

288 1651 342 1686 his
363 1648 503 1692 ineptiis
520 1644 657 1678 omissis
675 1647 919 1684 argumentum
937 1638 1054 1683 potius
1076 1644 1108 1670 et
1132 1636 1269 1670 utitita-

289 1710 361 1736 tem
376 1698 553 1743 Epistolae
571 1693 841 1728 consideremus.

394 1750 434 1783 ln
451 1747 570 1795 primo
587 1743 701 1789 capite
724 1743 891 1775 recitatur
910 1738 1068 1771 doctrina
1088 1736 1270 1780 Evangelii

292 1802 434 1848 propria
452 1802 494 1833 de
509 1797 661 1831 Persona
681 1801 712 1827 et
729 1791 912 1826 Beneficiis
930 1788 1074 1828 Christi,
1103 1796 1135 1822 et
1152 1790 1194 1821 de
1214 1787 1272 1820 Iu-

294 1855 390 1888 sticia
415 1850 517 1887 fidei,
545 1854 578 1880 et
605 1846 795 1879 donatione
818 1843 909 1876 vitae
934 1848 1104 1874 aeternae.
1170 1838 1273 1871 Extat

295 1906 389 1938 enim
416 1901 474 1935 hic
500 1900 634 1932 illustre
659 1894 898 1929 testimonium
925 1893 966 1925 de
994 1891 1177 1923 divinitate
1195 1889 1273 1922 filii:

296 1955 430 1989 Omnia
452 1963 514 1996 per
537 1961 614 1982 eum
639 1946 778 1980 condita
805 1951 904 1983 sunt,
933 1943 1005 1986 ipse
1031 1949 1080 1974 est
1105 1948 1183 1973 ante
1198 1952 1274 1972 om-
1303 1949 1305 1986 j

298 2008 375 2047 nia,
403 2012 435 2037 et
462 2001 580 2035 omnia
610 2010 671 2043 per
695 2009 771 2029 eum
801 1995 1006 2028 consistunt.

299 2060 449 2091 affirmat
474 2065 534 2097 per
558 2048 653 2083 hunc
668 2047 866 2085 ChriStum,
894 2056 954 2087 per
975 2055 1077 2088 quem
1103 2043 1185 2074 dicit
1213 2053 1276 2073 nos

299 2107 427 2141 habere
450 2102 690 2138 remissionem
715 2110 775 2142 per
802 2096 1006 2137 sanguinem
1031 2094 1122 2132 eius,
1159 2092 1277 2126 omnia

301 2159 440 2192 condita
470 2166 560 2193 esse,
588 2161 724 2184 necesse
753 2154 802 2180 est
826 2147 943 2182 fateri,
980 2146 1016 2177 in
1045 2143 1110 2177 hoc
1135 2141 1276 2177 Christo

302 2213 387 2242 duas
411 2214 552 2240 naturas
583 2213 671 2241 esse,
707 2199 881 2236 divinam,
921 2195 1032 2242 λόγον
1058 2202 1091 2228 et
1117 2201 1277 2241 naturam

303 2260 491 2293 humanam
511 2260 709 2288 assumtam.
751 2249 843 2291 Quia
861 2248 1012 2280 mundus
1028 2258 1098 2278 non
1117 2252 1165 2278 est
1183 2256 1279 2277 crea-

304 2320 358 2345 tus
384 2321 444 2353 per
466 2313 626 2340 naturam
651 2300 852 2334 humanam.
912 2294 1037 2343 Λόγος
1060 2297 1184 2338 igitur,
1220 2307 1282 2339 per

306 2372 408 2406 quem
425 2360 463 2392 fit
480 2355 625 2393 creatio,
649 2364 721 2385 non
741 2358 788 2383 est
806 2360 860 2382 res
875 2359 1100 2387 evanescens,
1127 2348 1184 2379 sed
1199 2347 1282 2379 sul)-

306 2414 440 2447 sistens.
491 2407 558 2440 Hic
576 2412 690 2438 autem
708 2408 850 2434 vocatur
873 2400 986 2441 imago
1011 2398 1141 2431 aeterni
1167 2396 1285 2440 patriS,

308 2464 396 2497 sicut
422 2460 512 2502 apud
531 2456 708 2489 Hebraeos
734 2447 963 2498 ἀπαύγασμα
991 2449 1121 2490 gloriae
1147 2455 1179 2480 et
1203 2445 1285 2479 clia-

306 2520 416 2548 racter
438 2506 650 2542 substantiae
668 2504 786 2547 patris,
846 2500 968 2534 Gloria
987 2497 1104 2543 phrasi
1126 2497 1278 2530 Mosaica

306 2567 417 2598 lucem
445 2558 623 2603 significat.
689 2553 857 2587 Nominat
891 2551 997 2594 igitur
1024 2550 1135 2582 filium
1163 2545 1282 2582 ἀπαύ-

310 2625 457 2654 ”ασιια,
499 2616 535 2642 ut
561 2608 596 2640 in
625 2605 784 2650 symbolo
809 2603 945 2636 Lumen
965 2603 1006 2634 de
1025 2600 1174 2634 Lumine
1198 2599 1287 2631 dici—

309 2642 619 2705 iz2r,11tro;jit:itio
641 2657 675 2689 in
695 2654 796 2688 nobis
814 2665 871 2686 scu
890 2664 1002 2685 sermo
1020 2650 1172 2684 ostendit
1190 2662 1288 2682 men-

1301 1730 1302 1736 1
1326 1709 1556 1754 patefactione
1575 1708 1830 1752 promissionis.

1068 1992 1155 2025 (lum
1182 1991 1274 2023 enim
1304 1987 1307 2006 ²

1309 2224 1310 2229 ,
1334 2194 1523 2238 pellatione
1563 2192 1696 2235 capitis.

1301 632 1390 665 tem,
1425 636 1503 665 seu,
1536 631 1574 657 ut
1599 622 1663 657 hac
1687 624 1923 669 qualicunque
1949 622 2181 656 similitudine
2207 628 2286 656 uta-

1303 687 1384 708 mur
1398 702 1406 716 ,
1434 675 1521 708 sicut
1537 675 1627 707 radii
1653 687 1671 707 a
1689 675 1772 708 Sole
1789 681 2013 718 sparguntur.
2068 673 2107 706 In
2130 670 2286 706 Iohanne

1303 726 1395 758 filius
1431 726 1636 758 nominatur
1671 721 1794 772 λόγος,
1839 723 1894 758 bic
1927 725 2131 758 nominatur
2165 720 2285 757 εἰκών.

1303 775 1378 808 Hae
1396 783 1474 809 tuae
1495 776 1747 819 appellationes
1767 783 1847 809 sunt
1870 775 1931 807 filii
1959 775 2140 818 propriae,
2166 781 2199 807 et
2215 773 2289 807 dis-

1305 833 1458 859 cernunt
1478 838 1555 859 eum
1577 837 1595 858 a
1615 825 1718 858 Patre
1735 833 1766 859 et
1783 826 1918 870 Spiritu
1937 833 2070 859 sancto.

1406 900 1627 943 Intelligatur
1645 907 1762 935 autem
1780 901 1990 934 vocabulum
2008 901 2124 945 Imago
2142 901 2290 943 integra,

1307 953 1386 986 viva
1411 959 1444 985 et
1468 951 1707 984 substantialis
1730 951 1844 994 imago
1868 952 1998 984 aeterni
2025 951 2152 995 patris,
2185 963 2290 996 quam

1307 1015 1372 1036 nos
1409 1009 1552 1035 eatenus
1589 1001 1828 1044 agnoscimus,
1871 1008 2043 1046 quatenus
2084 1013 2145 1046 per
2178 1002 2292 1034 filium

1309 1060 1407 1098 pater
1425 1064 1507 1085 voce
1527 1052 1709 1085 doctrinae
1725 1052 1915 1096 patefactus
1931 1059 2000 1093 est,
2026 1053 2120 1097 quod
2139 1052 2183 1086 sit
2199 1063 2294 1085 crea-

1311 1112 1388 1145 tor,
1415 1103 1570 1146 sapiens,
1597 1114 1721 1143 verax,
1747 1103 1881 1143 bonus,
1909 1103 2038 1146 iustus,
2070 1103 2194 1145 index,
2229 1102 2296 1135 mi-

1313 1155 1480 1193 sericors,
1516 1153 1736 1193 liberrimus,
1778 1154 1958 1186 remittens
1997 1161 2154 1197 peccata,
2194 1153 2297 1187 resti-

1314 1213 1416 1239 tuens
1440 1204 1634 1247 iusticiam,
1659 1210 1692 1237 et
1716 1204 1821 1238 vitam
1849 1216 1909 1248 per
1925 1204 2165 1240 mediatorem.
2224 1203 2295 1238 Nos

1316 1255 1525 1289 vocabulum
1547 1251 1654 1301 λόγος
1676 1254 1814 1297 planius
1834 1255 2079 1298 intelligimus,
2107 1267 2185 1289 cum
2203 1254 2298 1298 cogi-

1316 1315 1429 1341 tamus
1456 1306 1567 1338 fllium
1594 1306 1673 1337 ideo
1697 1305 1766 1338 dici
1793 1302 1924 1352 λόγον,
1958 1306 2039 1350 quia
2071 1307 2115 1340 sit
2145 1317 2294 1351 persona

1318 1357 1522 1390 immediate
1550 1356 1728 1399 profereus
1744 1354 1975 1398 Evangelium
2001 1369 2040 1389 ex
2067 1358 2147 1391 sinu
2165 1356 2298 1389 aeterni

1320 1408 1442 1451 patris,
1470 1413 1503 1439 et
1522 1406 1722 1439 immediate
1746 1418 1955 1439 conservans
1971 1406 2222 1446 ministerium,
2248 1406 2300 1439 al-

1294 1487 1296 1495 ,
1320 1460 1467 1502 loquens
1484 1468 1564 1494 nos,
1590 1463 1787 1489 sustentans
1803 1456 2014 1494 Ecclesiam,
2041 1459 2130 1491 sicut
2149 1457 2234 1491 dicit
2259 1457 2297 1489 in

1321 1508 1510 1541 Salomone
1521 1506 1716 1549 Sapientia:
1743 1506 1886 1539 Ludens
1903 1507 1939 1539 in
1956 1508 2041 1540 orbe
2060 1515 2170 1542 terrae
2187 1513 2219 1540 et
2236 1508 2298 1540 de-

1323 1558 1522 1590 lectationes
1545 1568 1640 1589 meae
1664 1569 1742 1589 cum
1767 1557 1846 1589 filiis
1871 1555 2068 1593 hominum.
2119 1557 2218 1600 Quae
2240 1558 2303 1590 de-

1324 1608 1466 1651 scriptio
1490 1608 1707 1640 observanda
1733 1613 1792 1639 est.
1851 1606 1912 1640 Est
1940 1607 2033 1639 enim
2065 1609 2301 1642 testimonium

1325 1661 1366 1692 de
1395 1659 1560 1690 missione
1593 1658 1634 1689 ad
1659 1656 1868 1697 Ecclesiam,
1912 1657 1993 1690 inde
2021 1670 2129 1703 usque
2151 1671 2169 1692 a
2192 1659 2306 1702 prima

1883 1706 1927 1741 Et
1954 1709 2036 1752 quid
2059 1710 2201 1752 cogitari
2225 1710 2304 1742 dul-

1326 1761 1400 1794 cius
1417 1766 1548 1803 potest,
1576 1771 1679 1803 quam
1699 1759 1792 1803 quod
1811 1758 1903 1791 filius
1919 1758 1984 1791 Dei
2003 1760 2167 1801 affirmat,
2193 1772 2228 1793 se
2246 1762 2307 1793 de—

1327 1811 1444 1844 lectari
1461 1810 1715 1843 consuetudine
1735 1807 1930 1842 hominum.
1970 1808 2038 1843 Hic
2058 1817 2171 1844 autem
2191 1818 2306 1844 mente

1328 1868 1504 1906 repetatur
1529 1861 1686 1893 doctrina
1712 1861 1755 1892 de
1778 1860 1890 1893 tribus
1917 1862 2092 1904 personis,
2128 1873 2216 1907 quae
2243 1873 2306 1895 suo

1330 1914 1404 1946 loco
1426 1912 1600 1955 copiosius
1621 1911 1782 1945 traditur.

1432 1989 1556 2023 Postea
1591 1989 1626 2021 in
1656 1989 1768 2032 primo
1802 1989 1912 2032 capite
1947 1989 2031 2023 dicit
2064 1991 2106 2023 de
2134 1990 2311 2024 beneficiis

1306 2077 1307 2083 ἵ
1331 2042 1413 2079 filii,
1450 2048 1479 2073 et
1508 2040 1666 2073 nominat
1695 2052 1773 2072 eum
1790 2038 1903 2082 Caput
1918 2038 2112 2079 Ecclesiae,
2146 2041 2240 2086 quod
2266 2044 2310 2074 ad

1333 2104 1527 2137 personam,
1544 2102 1632 2135 quae
1649 2097 1699 2123 est
1714 2090 1808 2124 Deus
1826 2097 1858 2123 et
1875 2089 2002 2131 Homo,
2020 2092 2182 2134 pertinet.
2218 2091 2311 2135 Quia

1332 2143 1515 2187 utriusque
1538 2149 1682 2174 naturae
1702 2141 1928 2184 proprietates
1952 2149 2167 2175 concurrunt
2190 2143 2227 2175 in
2251 2155 2313 2188 ap-

1756 2189 1917 2225 Christus
1951 2200 2000 2226 est
2033 2200 2135 2236 caput
2168 2194 2312 2234 merito,

1336 2245 1416 2289 quia
1435 2244 1508 2287 ipse
1525 2243 1650 2276 meruit
1668 2242 1731 2275 toti
1755 2242 1872 2285 generi
1890 2240 2045 2277 humano
2069 2244 2230 2277 salutem:
2263 2251 2314 2278 est

1336 2303 1367 2328 et
1384 2293 1658 2337 caputlifsicacia
1672 2320 1679 2333 ‚
1707 2293 1789 2338 quia
1808 2305 1925 2326 revera
1943 2294 2066 2327 missus
2081 2301 2131 2327 est
2148 2295 2190 2327 ab
2208 2295 2310 2328 initio

1339 2347 1380 2378 ad
1403 2344 1613 2384 Ecclesiam,
1648 2350 1680 2376 et
1701 2350 1750 2376 est
1771 2344 1807 2375 in
1831 2355 1868 2376 ea
1893 2344 2010 2377 efficax
2035 2346 2224 2378 secundum
2250 2357 2314 2378 na-

1339 2404 1451 2430 turam
1471 2395 1646 2435 divinam,
1674 2395 1764 2427 sicut
1780 2394 1975 2428 declaratur
1992 2393 2075 2428 haec
2092 2396 2162 2439 ipsa
2188 2396 2315 2429 descri-

1341 2447 1413 2490 ptio
1439 2446 1474 2478 in
1501 2444 1656 2489 Epistola
1682 2446 1723 2477 ad
1750 2442 1940 2488 Ephesios:
1981 2444 2086 2478 Dedit
2111 2459 2189 2480 eum
2214 2454 2316 2490 caput

1341 2497 1533 2536 Ecclesiae,
1574 2507 1662 2540 quae
1689 2502 1739 2528 est
1765 2506 1889 2538 corpus
1913 2496 1987 2528 eius
2021 2497 2211 2540 integrum,
2254 2498 2315 2542 qui

1342 2548 1459 2580 omnia
1486 2548 1527 2578 iu¹
1544 2546 1709 2579 omnibus
1735 2546 1878 2589 perficit.
1937 2546 2035 2581 Sicut
2060 2554 2092 2581 et
2116 2548 2189 2591 ipse
2215 2548 2316 2581 dicit:

1342 2597 1417 2639 Ego
1442 2610 1517 2630 sum
1545 2597 1642 2635 vitis,
1671 2607 1732 2628 vos
1756 2596 1933 2638 palmites,
1961 2597 2036 2630 sine
2059 2610 2114 2631 me
2137 2596 2228 2631 nihil
2253 2611 2316 2642 po-

1343 2649 1437 2681 testis
1461 2648 1581 2682 facere.
1636 2646 1712 2691 lpse
1737 2653 1906 2681 sustentat
1931 2655 1963 2682 et
1989 2656 2170 2683 conservat
2195 2646 2316 2682 Eccle-
