2415 2942
332 115 402 149 579

333 202 592 240 51-gnmcntum:
623 191 659 226 Si
685 191 736 223 lex
762 188 933 222 sufficeret
958 187 1000 220 ad
1022 187 1315 229 insufflationem,

336 258 455 281 (mnes
480 251 593 278 essent
617 243 717 281 iusti,
745 240 806 285 qui
830 240 938 280 legem
963 246 1171 282 acceperuut
1194 246 1226 272 et
1251 239 1314 272 ob-

334 304 473 332 servant
491 304 649 328 exte-runs
665 292 790 325 cultus.
847 289 955 334 Atqui
976 286 1012 321 hi
1032 301 1103 321 non
1124 298 1204 324 sunt
1222 290 1317 328 iusti,

333 348 427 390 Ergo
455 348 507 379 lex
539 358 609 377 nnn
638 342 764 376 sufficit
786 341 828 374 ad
854 340 1148 376 iustificatione-m.
1221 341 1318 374 Dili-

334 406 454 443 genter
471 398 563 429 enim
581 392 875 428 considerandum
896 398 942 423 est
966 403 1035 434 qno
1061 392 1208 424 consilio
1228 391 1319 424 Pau-

336 451 390 483 lus
412 447 496 480 llaec
522 445 707 489 scripserit.
760 443 909 476 Accusat
933 440 1098 482 ludaeos,
1126 449 1163 475 ut
1188 443 1320 475 intelli-

337 506 419 544 gant
444 510 530 541 opus
561 508 632 529 esse
663 495 733 527 alio
761 493 928 525 beneficio
961 494 1002 524 ad
1028 492 1320 526 iustificationcm.

340 551 402 584 1221
437 556 550 581 autem
585 545 640 579 hic
665 544 778 587 gravis
808 544 1006 584 obiurgatio
1040 546 1257 586 arrogantiae
1284 543 1320 574 in

345 600 555 645 hypocritis,
588 597 648 641 qni
676 601 810 629 tument
829 594 953 626 fiducia
976 594 1137 638 propriae
1156 594 1322 627 iusticiae.

344 652 450 684 'l'ales
469 650 534 682 loci
551 646 761 680 observandi
782 652 880 685 suut,
906 651 936 677 et
960 652 998 677 ut
1022 645 1182 677 timorem
1210 645 1323 677 disca-

342 713 438 741 mus,
466 707 498 733 et
516 708 552 733 ut
572 698 815 743 perterrsactae
834 701 965 727 mentes
984 695 1184 738 concipiant
1199 705 1324 727 conso-

344 753 522 785 lationem.
590 748 677 781 Nam
708 747 743 778 in
774 753 946 789 utramque
972 752 1103 787 partem
1131 746 1323 788 plurimum

344 804 461 835 valent
483 801 566 834 tales
593 799 657 830 loci
682 797 741 841 qui
765 805 795 828 et
821 795 994 828 carnalem
1011 796 1230 828 securitatem
1255 802 1327 828 tar-

346 855 447 889 dant,
476 859 507 884 et
526 861 644 882 rursus
662 848 799 889 erigunt
824 846 968 888 pavidas
988 853 1142 886 mentes,
1169 846 1263 880 iuxta
1283 846 1327 878 il-

347 905 426 937 lud:
456 901 525 944 Qui
545 900 733 943 gloriatur,
761 897 797 929 in
815 895 969 930 Domino
986 897 1167 940 glorietur.

372 992 475 1029 [Yam
504 988 724 1027 circumcisio
753 985 896 1035 quidem
923 986 1089 1035 prodest,
1124 988 1160 1022 si
1187 987 1297 1034 legem

733 1050 942 1074 servas-erm,

451 1117 647 1163 Occupatio
672 1122 731 1149 est.
783 1114 914 1147 Paulus
940 1115 1035 1146 euim
1059 1114 1210 1147 occurrit
1234 1114 1331 1147 obie-

350 1171 461 1207 ctioni
489 1172 530 1203 de
553 1168 687 1201 meritis
713 1173 936 1198 externorum
962 1165 1140 1204 cultuum,
1173 1177 1251 1197 cum
1273 1163 1330 1196 Iu-

351 1223 428 1256 daei
454 1233 489 1254 se
518 1219 733 1264 praeferrent
760 1215 936 1249 Gentibus
954 1243 962 1255 ‚
1008 1223 1039 1249 et
1077 1216 1268 1248 obiicerem
1299 1227 1334 1247 se

351 1273 479 1307 habere
504 1277 614 1304 certos
637 1269 749 1301 cultus
776 1279 793 1299 a
820 1266 893 1298 Deo
920 1266 1118 1305 institutos,
1151 1273 1184 1298 et
1208 1267 1332 1309 dispu-

352 1330 466 1357 tarent
492 1320 555 1354 lios
581 1320 692 1353 cultus
711 1330 781 1350 non
803 1328 872 1349 esse
896 1317 1023 1349 frustra
1048 1317 1245 1355 institutos,
1274 1317 1331 1348 sed

353 1374 479 1407 mereri
506 1370 746 1404 remissionem
777 1374 992 1410 peccatorum
1018 1374 1080 1399 etc.
1131 1366 1331 1409 Respondet

354 1425 484 1458 Paulus
509 1434 600 1454 novo
627 1420 814 1464 paradoxo:
857 1417 1085 1450 Circutncisio
1111 1418 1270 1460 prodest,
1305 1417 1332 1448 si

354 1476 463 1518 legem
482 1474 656 1506 observes.
710 1468 842 1513 Estque
863 1469 1022 1510 generale
1041 1468 1172 1501 dictum
1192 1468 1234 1499 de
1257 1479 1333 1500 om-

354 1527 460 1559 nibus
486 1523 636 1555 externis
669 1521 848 1558 cultibus,
889 1519 982 1562 qnod
1017 1531 1091 1551 non
1124 1518 1261 1560 prosint
1295 1530 1333 1550 ex

353 1588 457 1620 opere
474 1579 636 1617 operato,
664 1578 702 1604 ut
721 1570 825 1612 vulgo
844 1569 1058 1612 loquuntur,
1095 1580 1157 1600 nec
1177 1580 1334 1600 merean-

352 1635 412 1661 tur
428 1624 667 1659 remissionem
683 1628 923 1666 peccatorum,
950 1620 1008 1652 sed
1032 1619 1191 1663 placeant
1216 1619 1251 1650 in
1272 1616 1335 1653 bis,

355 1678 415 1723 qui
440 1682 521 1710 sunt
543 1674 636 1707 iusti.
689 1670 1038 1705 Accommodandum
1060 1676 1108 1702 est
1131 1675 1246 1701 autem
1271 1667 1336 1700 hoc

354 1729 486 1762 dictum
503 1737 576 1759 non
593 1724 705 1758 solum
731 1722 773 1754 ad
793 1720 967 1754 Leviticos
989 1720 1120 1756 cultus,
1150 1720 1207 1751 sed
1233 1719 1334 1752 etiam

355 1780 397 1813 ad
416 1784 555 1812 externa
573 1786 676 1818 opera
698 1780 730 1806 et
747 1771 960 1805 ceremonias
980 1771 1015 1804 in
1031 1769 1195 1804 Ecclesia.

717 1902 853 1955 Caput
906 1903 982 1942 ΙΙΙ.

381 1988 486 2038 Quid
502 1988 616 2034 igilur
632 1983 741 2019 hahet
761 1982 924 2018 Iudaeus
938 1983 975 2016 in
995 1995 1065 2030 quo
1082 1980 1308 2030 praecellat?

431 2065 608 2108 Digressio
628 2070 675 2096 est
688 2063 721 2094 in
735 2073 800 2106 qua
814 2061 909 2093 velut
922 2059 1171 2102 interpellatus,
1189 2058 1341 2091 occurrit

357 2118 566 2163 quibusdam
591 2113 863 2147 obiectionibus:
902 2122 1027 2152 magna
1052 2109 1144 2141 euim
1165 2115 1197 2159 et
1215 2109 1340 2140 diffici-

359 2172 401 2203 lis
429 2168 584 2214 quaestio
607 2165 720 2197 oritur
742 2175 780 2195 ex
804 2163 863 2194 illa
892 2160 1141 2204 exaequatione
1168 2159 1338 2192 Gentium

357 2217 636 2254 etludaeoruin.
703 2213 793 2246 Nam
829 2213 854 2244 si
890 2211 1008 2244 ludaei
1041 2223 1111 2242 non
1142 2217 1223 2242 sunt
1256 2210 1338 2242 iusti

358 2278 501 2315 propter
520 2279 600 2300 suos
624 2266 759 2304 cultus,
787 2264 813 2296 si
840 2274 912 2295 non
938 2262 1133 2294 liberantur
1155 2273 1171 2292 a
1198 2268 1337 2304 peccato

358 2328 501 2363 proptu-r
530 2330 633 2361 opera
665 2315 768 2358 legis,
804 2325 911 2358 quare
936 2313 1014 2345 data
1041 2319 1090 2345 est
1114 2311 1190 2343 lex?
1231 2323 1337 2355 quare

358 2370 452 2404 Deus
475 2382 548 2402 eam
578 2366 749 2411 requirit?
783 2376 889 2409 quare
913 2370 1013 2396 vocat
1037 2363 1149 2395 cultus
1167 2369 1197 2395 et
1218 2362 1337 2405 propi—

358 2422 524 2453 ciationes
545 2420 556 2449 ᾖ)
604 2418 721 2459 Quare
747 2415 867 2448 Iudaei
890 2414 1056 2447 dicuntur
1080 2413 1231 2456 populus
1254 2413 1337 2451 Dei,

359 2473 384 2504 si
403 2473 452 2504 lvx
473 2482 542 2502 non
564 2469 642 2501 facit
658 2467 845 2500 discrimen
862 2466 953 2498 inter
972 2463 1116 2497 ludaeos
1134 2471 1165 2496 et
1183 2462 1337 2497 Gentes?

360 2535 462 2564 quam
487 2518 617 2552 libent
641 2517 757 2550 ludaei
785 2515 1085 2560 praerogativam?
1126 2514 1256 2547 Paulus
1281 2526 1335 2546 re-

359 2573 507 2617 spond-t
534 2569 708 2603 bifariam.
1222 2614 1227 2615 ⁷

358 2623 526 2665 negative.
585 2619 744 2651 Primum
771 2618 818 2650 ait
838 2618 985 2650 Iudaeos
1008 2623 1181 2661 praestare
1209 2615 1337 2649 Genti-

356 2676 442 2713 bus,
484 2679 516 2705 et
540 2667 630 2703 hanc
653 2667 780 2702 habere
809 2667 1103 2713 praerogativam,
1146 2667 1240 2711 quod
1272 2664 1335 2700 ha-

919 100 1046 136 PHlL.
1075 100 1190 136 MEL.
1218 100 1426 137 SCRIPTA
1453 100 1752 139 EXEGETICA.

766 2567 923 2600 Primum
950 2565 1173 2603 affirmative,
1209 2565 1336 2597 deinde
1362 2573 1364 2584 s

2268 103 2345 139 580

1365 190 1471 223 beant
1490 188 1753 233 promissiones.
1797 187 1977 225 Praestant
1996 191 2102 235 igitur
2118 201 2191 223 non
2209 196 2351 234 propter

1367 241 1499 284 legem,
1526 250 1599 272 non
1620 240 1716 283 quod
1741 239 1814 282 lege
1834 249 2033 275 mereantur
2056 241 2350 281 insufflationem,

1367 293 1426 324 sed
1444 291 1525 336 quia
1544 287 1677 323 habent
1698 290 1957 332 promissiones.
2010 291 2104 325 Ilaec
2121 298 2194 325 erat
2219 291 2342 334 ingens

1370 341 1630 386 praerogativa,
1656 351 1756 373 nosse
1774 341 1918 374 verbum
1941 340 2006 374 Dei
2024 349 2056 375 et
2080 342 2348 386 promissionem

1370 395 1413 426 de
1428 390 1590 432 Christo,
1617 392 1808 434 etquidem
1828 389 1956 425 habere
1973 389 2039 425 hoc
2056 392 2128 432 ius,
2153 393 2245 436 quod
2267 403 2349 435 pro-

1370 443 1490 476 missio
1518 442 1727 475 nominatim
1752 442 1794 474 ad
1820 439 1915 475 hunc
1950 443 2119 486 populum
2153 443 2352 485 pertineret.

1374 493 1494 538 ltaque
1511 493 1613 526 multi
1630 493 1812 525 audientes
1835 493 1979 526 verbum
2004 493 2092 525 illud
2117 492 2352 532 salvabantur,

1373 551 1404 577 et
1422 544 1562 588 quidem
1582 550 1715 576 certum
1741 550 1814 577 erat
1839 555 1975 586 semper
1996 544 2132 588 aliquos
2156 554 2196 575 ex
2217 542 2352 575 ludaeis

1373 594 1517 635 salvari,
1544 595 1625 638 quia
1642 594 1689 626 sic
1709 600 1781 627 erat
1802 594 1893 627 edita
1911 594 2118 637 promissio,
2145 593 2355 626 nominatim

1374 646 1417 678 ad
1441 651 1597 690 posteros
1624 642 1787 677 Abrahae
1812 645 2012 689 pertineret.
2072 643 2155 676 Ideo
2179 640 2235 676 hic
2257 643 2355 676 locus

1375 696 1443 728 iam
1469 697 1570 728 docet
1594 696 1636 728 de
1663 691 1848 738 principali
1867 696 1934 727 fine
1951 694 2058 728 totius
2076 694 2218 738 politiae
2237 692 2357 726 Iudai-

1377 758 1443 781 cae.
1498 745 1636 779 Indocti
1654 745 1894 789 imaginantur
1911 746 2001 788 leges
2018 745 2097 778 illas
2114 744 2259 778 traditas
2275 755 2357 785 esse,

1377 803 1415 830 ut
1434 807 1496 839 per
1516 808 1572 829 eas
1596 796 1841 830 iustificaretur
1867 797 2034 840 populus,
2066 795 2125 828 sed
2143 794 2272 828 Paulus
2296 796 2358 827 de-

1378 845 1486 880 trahit
1501 847 1565 888 legi
1585 847 1730 888 gloriam
1748 847 2017 887 iustificationis,
2037 852 2070 879 et
2085 845 2237 879 ostendit
2253 845 2357 878 linem

1378 897 1484 930 fuisse
1509 896 1702 940 politicum.
1769 895 1941 941 Oportuit
1966 897 2060 930 enim
2088 903 2220 930 certum
2248 907 2359 939 popu—

1379 948 1453 980 lum
1479 958 1571 988 esse,
1612 947 1648 979 iu
1676 959 1744 992 quo
1772 949 2010 981 revelarentur
2039 947 2292 991 promissiones
2314 948 2358 978 de

1379 996 1540 1038 Christo,
1575 997 1676 1030 certis
1705 1005 1739 1032 et
1769 999 1871 1031 claris
1902 998 2109 1032 testimoniis
2131 997 2211 1033 Dei.
2277 997 2359 1031 Ideo

1381 1047 1475 1082 Deus
1489 1046 1583 1081 hunc
1600 1048 1772 1093 populum
1791 1049 1955 1083 discrevit
1970 1061 1987 1081 a
1999 1047 2188 1092 Gentibus,
2216 1055 2249 1083 et
2268 1047 2360 1082 mul-

1381 1099 1426 1133 tis
1455 1099 1678 1132 evidentibus
1704 1099 1882 1131 miraculis
1905 1105 2045 1133 testatus
2072 1106 2121 1132 est
2150 1111 2207 1133 eos
2232 1097 2361 1132 habere

1383 1150 1530 1183 verbum
1547 1150 1627 1182 Dei.
1680 1148 1798 1191 Quare
1816 1150 1928 1182 cultus
1945 1156 1978 1182 et
1995 1156 2064 1183 tota
2080 1150 2201 1193 politia
2219 1151 2362 1184 fuerunt

1382 1212 1437 1233 res
1453 1206 1633 1240 externae,
1657 1200 1843 1244 praecipue
1867 1201 1908 1233 ad
1934 1198 2027 1233 hunc
2052 1200 2233 1242 politicum
2257 1200 2362 1233 finem

1383 1251 1582 1289 ordinatae,
1610 1257 1649 1284 ut
1666 1248 1760 1284 hunc
1783 1251 1952 1294 populum
1976 1251 2215 1284 discernerent
2236 1263 2254 1284 a
2281 1249 2364 1283 reli-

1384 1302 1463 1346 quis
1485 1301 1658 1344 gentibus,
1732 1300 1877 1334 Interim
1907 1307 2025 1335 tamen
2056 1302 2224 1336 miracula
2251 1300 2363 1334 editae

1384 1352 1467 1393 legis
1483 1353 1514 1384 e‘t
1531 1352 1663 1395 reliqua
1675 1377 1683 1391 ‚
1710 1358 1808 1384 erant
1826 1352 2043 1392 testimonia,
2071 1354 2164 1395 quod
2182 1352 2277 1385 Deus
2299 1351 2361 1384 de-

1385 1403 1488 1435 disset
1506 1399 1588 1434 hnic
1605 1402 1735 1445 populo
1753 1403 1918 1435 verbum:
1946 1409 1979 1435 et
1996 1402 2109 1435 cultus
2133 1402 2198 1445 ipsi
2226 1407 2326 1434 erant
2343 1410 2362 1431 a

1386 1453 1457 1486 Deo
1476 1453 1648 1490 ordinati,
1676 1459 1715 1486 ut
1730 1453 1961 1485 admonerent
1977 1450 2138 1485 homines
2157 1453 2193 1484 in
2209 1450 2276 1485 hoc
2300 1462 2363 1493 po-

1385 1503 1468 1547 pulo
1494 1515 1566 1535 esse
1591 1504 1734 1536 verbum
1759 1502 1846 1543 Dei,
1874 1509 1905 1535 et
1928 1503 2069 1547 quidem
2095 1503 2363 1546 promissionem
2394 1524 2395 1527 ,

1386 1555 1427 1585 de
1451 1551 1611 1592 Christo,
1653 1560 1685 1585 et
1710 1553 1809 1585 iustis
1834 1560 1933 1586 eraut
1963 1553 2122 1586 exercitia
2146 1553 2244 1592 fidei,
2279 1552 2362 1585 item
2393 1583 2394 1587 ,

1385 1604 1620 1636 admonebant
1645 1603 1731 1635 alios
1756 1610 1819 1638 etc.
1886 1602 2042 1636 Proinde
2064 1602 2121 1636 hic
2142 1604 2239 1636 locus
2263 1601 2364 1636 Pauli
2394 1601 2395 1606 ’

1386 1654 1519 1686 utiliter
1543 1655 1661 1693 docet,
1703 1654 1796 1698 qnod
1825 1653 1940 1687 cultus
1965 1666 2038 1686 non
2061 1656 2287 1687 merebantur
2309 1665 2363 1685 re-

1386 1705 1585 1737 missionem
1604 1712 1824 1747 peccatorum
1839 1731 1847 1744 ,
1869 1705 1962 1749 quod
1981 1716 2053 1737 non
2071 1705 2314 1738 iustificabant.

1571 1784 1673 1822 qum
1691 1785 1931 1822 incredulitas
1949 1787 2099 1822 illorum
2117 1793 2176 1823 etc.

1491 1852 1618 1887 Inserit
1634 1855 1749 1887 obiter
1763 1855 1847 1887 alias
1864 1854 2098 1898 quaestiones:
2134 1854 2261 1888 Utrum
2287 1853 2365 1887 ideo

1391 1905 1572 1938 amiserint
1592 1903 1711 1937 ludaei
1739 1904 1986 1947 promissiones
2009 1912 2041 1939 et
2066 1911 2137 1938 tota
2161 1915 2244 1947 gens
2265 1905 2366 1937 dam-

1393 1962 1472 1988 nata
1488 1956 1551 1993 sit,
1580 1956 1660 1998 quia
1677 1967 1749 1988 non
1766 1956 2007 1996 crediderunt,
2034 1957 2092 1988 sed
2118 1956 2368 1989 interfecerunt

1395 2004 1599 2039 Christum?
1626 2004 1979 2048 RespondetPaulus,
1997 2005 2268 2039 Promissionem
2288 2017 2366 2048 gra-

1393 2057 1459 2089 tiae
1476 2068 1546 2088 non
1564 2056 1637 2089 fieri
1655 2057 1807 2095 irritam,
1834 2057 1892 2088 sed
1911 2068 2053 2090 manere
2069 2063 2177 2091 ratam
2193 2056 2368 2098 omnibus,

1392 2108 1594 2152 quicunque
1623 2108 1788 2147 credunt,
1824 2107 1958 2140 etiamsi
1985 2107 2127 2150 plurimi
2151 2119 2225 2140 eam
2250 2119 2369 2151 asper-

1392 2165 1533 2192 nantur.
1586 2157 1652 2191 Hic
1669 2158 1765 2191 locus
1789 2158 1946 2191 continet
1968 2159 2136 2201 egregiam
2159 2158 2370 2190 consolatio-

1392 2221 1490 2248 nem,
1519 2220 1557 2241 ac
1576 2216 1712 2248 monet,
1740 2220 1783 2241 ne
1806 2215 1947 2252 propter
1973 2209 2148 2250 ingentem
2170 2208 2369 2241 multitudi-

1363 2291 1364 2312 ἢ
1392 2272 1470 2291 nem
1494 2259 1682 2303 impiorum
1707 2259 1924 2302 suspicemur
1950 2259 2215 2302 promissionem
2240 2259 2369 2301 gratiae

1390 2308 1565 2343 Ecclesiae
1588 2311 1733 2350 factam,
1757 2310 1891 2343 irritam
1916 2321 2006 2350 esse,
2034 2310 2091 2343 sed
2117 2310 2265 2343 sciamus
2289 2321 2368 2343 vere

1390 2373 1463 2394 eam
1482 2359 1636 2394 exhiberi
1655 2361 1890 2402 credentibus,
1909 2360 2043 2393 etiamsi
2061 2360 2260 2404 paucissimi
2278 2361 2356 2394 sint.

1578 2440 1712 2477 Omnis
1736 2448 1855 2477 aulem
1881 2440 1990 2476 homo
2013 2440 2185 2477 mendax.

1491 2512 1601 2546 Addit
1618 2511 1808 2547 antithesin
1821 2540 1829 2554 ‚
1849 2519 1886 2546 ut
1903 2513 1959 2545 fiat
1976 2513 2148 2546 illustrius
2165 2514 2257 2555 quod
2274 2513 2368 2548 Deus

1390 2564 1433 2597 sit
1452 2576 1573 2607 verax,
1601 2565 1681 2608 quia
1699 2570 1813 2597 servat
1837 2566 2004 2607 promissa
2026 2564 2200 2606 indignis,
2227 2572 2369 2609 propter

1390 2627 1486 2648 suam
1505 2615 1681 2647 veritatem
1701 2620 1733 2647 et
1751 2614 1956 2649 bonitatem.
1998 2612 2128 2648 Omnis
2143 2612 2249 2648 homo
2267 2628 2368 2649 men-

1389 2667 1472 2705 dax,
1501 2677 1574 2699 non
1591 2671 1681 2699 recte
1697 2665 1855 2699 iudicans
1874 2665 1917 2699 de
1932 2664 2025 2707 Deo,
2053 2664 2224 2700 nontvere
2240 2667 2366 2700 timens
