2415 2942
78 143 152 180 229
495 139 574 176 XII.

629 136 928 174 ENARRATIO
958 137 1007 172 IN
1033 134 1217 172 EVANG.
1247 133 1459 170 IOANNIS.

1518 132 1622 171 CAP.
1651 134 1712 170 IX.
2043 141 2117 174 230

80 234 237 273 spectum
262 226 332 261 Dei
359 225 434 260 sine
463 225 696 270 poenitentia,
738 229 879 256 econtra
903 235 985 256 vero
1010 223 1069 257 alii
1094 225 1097 245 l
1122 222 1217 267 quod
1242 221 1502 255 arbitrarentur
1527 233 1565 254 ex
1591 228 1714 255 natura
1735 221 1799 255 Dei
1818 229 1913 256 ortos
1933 235 2023 266 esse,
2050 227 2111 259 sed

81 279 199 323 pavidi
219 278 405 311 erudiendi
423 285 516 316 sunt,
546 289 591 310 ne
608 275 852 319 desperatione
869 275 1069 307 deterrean-

81 338 139 364 tur
155 331 199 363 ab
214 329 447 363 invocatione.
501 328 647 372 Semper
665 326 834 369 obstrepit
857 325 959 358 nohis
985 322 1069 357 haec

80 393 148 413 vox
170 381 274 423 legis:
314 380 409 413 Deus
434 391 506 412 non
532 378 673 412 exaudit
699 383 912 421 peccatores,
939 375 1067 408 frustra

80 432 188 475 igitur
204 432 333 464 clamas
350 433 391 464 ad
410 430 522 463 Deum
535 456 544 470 ,
571 441 648 462 cum
667 428 713 461 sis
730 427 973 471 multipliciter
989 438 1068 459 reus
1093 461 1095 467 ¹

79 484 152 516 irae
170 482 247 518 Dei.
302 482 368 515 Hic
392 481 586 515 doctrinam
613 478 847 523 poenitentiae
870 484 901 511 et
918 477 998 510 fidei
1018 484 1068 510 te—

79 546 162 567 nere
187 545 324 567 necesse
349 540 409 566 est.
463 531 662 564 Afferamus
686 530 728 562 ad
755 528 870 562 Deum
897 540 956 561 cor
981 540 1068 562 con-

79 586 220 625 tritum,
249 592 287 618 ut
310 583 427 629 inquit
444 581 623 615 psalmus:
650 579 721 614 Cor
739 581 928 613 contritum
949 587 981 613 et
1001 577 1067 612 hu-

79 637 256 669 miliatum
281 634 376 668 Dens
406 645 479 666 non
510 632 698 675 despicies,
726 638 759 665 et
782 631 850 663 fide
873 637 1067 664 statuamus

78 698 143 719 nos
160 693 303 730 propter
319 685 544 717 mediatorem
562 683 731 723 exaudiri,
757 682 845 715 sicut
859 683 899 714 ad
919 680 1066 716 Rom.5.

77 737 224 770 dicitur:
261 736 347 769 Fide
375 734 543 769 habemus
567 746 741 767 accessum
765 734 807 766 ad
836 733 961 766 Deum.
1022 732 1067 766 Et

77 788 126 828 sic
152 788 366 832 poenitentia
391 799 429 820 ac
453 787 518 819 fide
543 786 740 829 deponatur
766 783 856 817 mala
883 783 1064 816 conscien-

77 840 142 879 tia,
171 840 204 872 id
223 846 291 878 est,
319 837 534 883 propositum
551 836 730 880 peccandi.
782 834 878 868 Haec
894 835 1009 867 doceri
1030 835 1065 866 in

75 889 229 923 Ecclesia
248 891 290 922 de
310 890 486 934 utrisque,
513 889 556 921 de
575 887 705 920 securis
723 893 755 919 et
775 886 910 931 pavidis
928 898 1066 918 necesse

75 948 145 981 est,
180 948 217 974 ut
250 940 448 980 invocatio,
485 951 574 984 quae
605 945 655 971 est
679 949 837 971 summus
863 937 977 969 cultus
1000 936 1064 970 Dei

75 999 107 1026 et
124 992 305 1037 proprium
322 990 496 1024 Ecclesiae
513 1002 619 1035 opus,
647 996 737 1022 recte
753 988 827 1022 fieri
845 988 963 1032 possit.

311 1099 370 1135 Τιι
394 1098 509 1135 credis
535 1100 573 1134 in
591 1098 716 1144 filium
740 1097 826 1132 Dei.

179 1177 227 1213 Ut
245 1178 330 1211 alias
350 1177 438 1210 dixit
452 1174 631 1210 Christus:
660 1174 814 1208 Habenti
834 1173 994 1213 dabitur,
1017 1174 1065 1207 ita

75 1228 134 1263 hic
157 1236 315 1263 crescunt
341 1230 456 1266 dona,
484 1235 561 1271 post
586 1228 725 1271 planam
751 1226 1006 1258 confessionem
1033 1232 1065 1258 et

75 1293 225 1315 crucem.
266 1279 354 1312 Nam
371 1279 626 1311 consessionem
643 1284 757 1310 secuta
775 1283 848 1309 erat
865 1288 1065 1309 excommu-

74 1332 217 1365 nicatio.
272 1330 441 1375 Sequitur
456 1341 536 1372 ergo
556 1341 647 1361 nova
666 1336 696 1361 et
714 1328 862 1370 insignis
879 1328 1065 1359 conflrma-

74 1383 141 1422 tio,
170 1394 233 1415 nec
252 1382 430 1423 vulgarem
449 1380 687 1424 quaestionem
708 1379 874 1420 proponit
892 1375 1066 1418 Christus,
1090 1388 1092 1422 3]

75 1433 256 1477 inquiens:
282 1431 405 1465 Credis
422 1431 458 1463 in
479 1431 589 1463 filium
609 1428 699 1464 Dei?
728 1429 865 1461 facilins
882 1429 1065 1472 patieban-

74 1491 132 1517 tur
152 1482 271 1516 ludaei
290 1480 384 1515 hunc
403 1483 579 1515 doctorem
599 1481 666 1513 dici
687 1480 873 1519 Messinm,
902 1486 959 1512 aut
978 1479 1066 1512 Pro-
1090 1504 1092 1510 ,

987 1529 1065 1564 Hoc
1090 1533 1092 1546 ³

73 1533 214 1580 phetam
241 1546 259 1566 a
284 1532 358 1567 Deo
386 1533 547 1572 missum,
580 1544 684 1577 quam
709 1531 821 1564 fitium
850 1529 925 1579 Dei.

75 1597 270 1629 cognomen
288 1597 365 1617 cum
383 1585 551 1624 audiunt,
576 1589 650 1615 tum
670 1594 752 1615 vero
767 1582 925 1614 furenter
942 1581 1065 1614 incan-

75 1637 241 1676 descunt,
277 1643 309 1669 et
340 1647 375 1668 se
406 1646 629 1679 propugnare
663 1633 811 1676 gloriam
834 1632 900 1665 Dei
931 1640 1092 1676 putants

1090 1684 1091 1704 ἕ
1118 1685 1214 1713 rum,
1242 1672 1301 1717 qui
1328 1680 1456 1715 negant
1482 1669 1573 1703 hanc
1600 1673 1885 1705 coniunctionem
1910 1674 2051 1706 divinae
2076 1682 2109 1708 et

76 1687 255 1731 aequalem
273 1698 308 1719 se
325 1686 407 1718 facit
424 1686 518 1725 Deo,
545 1685 713 1727 inquiunt
731 1695 852 1727 supra,
881 1690 911 1716 et
931 1691 1063 1727 postea:

77 1737 158 1782 quia
182 1737 292 1769 filium
318 1735 383 1769 Dei
408 1748 442 1768 se
468 1736 566 1774 fecit,
601 1733 660 1767 has
684 1735 840 1767 iudicant
869 1732 1065 1767 horrendas

77 1795 109 1821 et
142 1789 352 1820 execrandas
383 1784 638 1829 blasphemias,
666 1787 724 1818 sed
759 1784 922 1827 Apostoli
955 1787 1065 1818 edunt

75 1889 139 1922 Dei
165 1889 327 1922 viventis.

74 1991 286 2036 promissum
307 1991 484 2034 patribus,
512 1996 656 2033 propter
674 2001 776 2033 quem
796 1987 892 2021 Deus
910 1989 971 2021 erit
990 1989 1065 2031 pla—

75 2049 172 2076 catus
194 2042 309 2074 nobis.
364 2040 501 2074 Deinde
525 2047 555 2073 et
582 2037 646 2072 boc
666 2039 889 2083 profitemur,
917 2046 950 2072 te
970 2040 1065 2072 Mes-

76 2094 161 2127 siam
191 2091 322 2126 babere
348 2092 505 2125 divinam
532 2098 694 2124 naturam
722 2091 764 2123 ab
790 2097 932 2123 aeterno
958 2098 1066 2134 patre,

75 2144 174 2178 cuius
191 2156 225 2176 es
241 2144 444 2187 unigenitus
460 2142 561 2177 filius.
615 2141 710 2175 Haec
726 2142 887 2185 Apostoli
903 2142 1062 2186 aliqnan-

75 2203 111 2230 to
145 2195 272 2227 clarius
301 2195 565 2237 intelligebant,
609 2205 712 2237 quam
747 2190 803 2225 hie
836 2200 997 2232 sanatus,
1033 2200 1063 2226 et

75 2254 191 2281 tamen
217 2246 384 2290 professio
411 2246 530 2278 eadem
552 2250 621 2285 est,
649 2251 681 2277 et
699 2241 782 2277 huic
801 2244 865 2287 ipsi
885 2245 1063 2277 confitenti

75 2305 192 2342 postea
213 2297 321 2340 magis
342 2297 509 2340 explicata
529 2304 590 2328 est.

178 2364 271 2398 Mira
297 2364 445 2397 omnino
471 2376 537 2396 vox
565 2370 613 2396 est
630 2360 825 2406 Ecclesiae,
854 2363 946 2407 quod
968 2361 1063 2395 Mes-

78 2416 163 2448 siam
188 2416 364 2460 praedicat
385 2427 456 2448 esse
476 2422 599 2447 natura
617 2414 727 2446 filium
746 2413 831 2454 Dei,
859 2421 890 2447 et
908 2411 1064 2446 horribi-

78 2467 157 2499 liter
174 2467 320 2501 offendit
336 2466 492 2507 ludaeos,
522 2472 552 2498 et
569 2469 687 2508 gentes
703 2465 886 2512 sapientes.
920 2463 1063 2498 Ethnici

79 2529 213 2560 semper
251 2525 454 2555 senserunt,
505 2518 678 2549 mundum
722 2516 941 2560 providentia
983 2516 1064 2558 regi.

79 2567 254 2602 Yiderunt
285 2570 378 2602 enim
405 2569 500 2601 viros
527 2565 686 2601 heroicos
712 2567 828 2600 subito
855 2567 996 2600 excitari
1022 2569 1061 2599 ad

79 2619 369 2653 instaurationem
395 2627 425 2653 et
441 2619 729 2652 constitutionem
748 2618 999 2661 imperiorum,
1027 2625 1065 2651 nt

79 2668 286 2710 Herculem,
319 2670 470 2715 Cyrum,
498 2671 761 2709 Alexandrum,
790 2668 1005 2711 Augustum,
1032 2676 1066 2703 et

79 2721 165 2754 alios
188 2721 285 2754 alias.
339 2721 411 2755 Hos
427 2734 567 2767 quoque
585 2721 757 2755 vocabant
774 2721 864 2754 filios
881 2719 964 2760 Dei,
992 2733 1064 2753 non

1121 273 1203 317 qnia
1222 273 1387 306 videbant
1405 284 1462 305 eos
1478 284 1494 305 a
1507 271 1581 306 Deo
1598 273 1730 313 iuvari,
1758 285 1796 306 ac
1813 274 2022 308 mirabiliter
2038 277 2110 319 regi

1121 331 1152 355 et
1174 324 1318 366 protegi.
1381 322 1439 357 Sic
1456 322 1575 356 Iudaei
1594 325 1793 366 cogitabant
1809 324 2036 359 Salomonem
2054 329 2109 360 di-

1120 381 1212 407 ctum
1230 385 1301 406 esse
1317 374 1427 406 filium
1439 372 1516 413 Dei,
1543 382 1572 406 et
1591 376 1632 407 de
1645 374 1772 408 Messia
1789 377 1911 409 eodem
1928 379 2034 411 modo
2050 391 2109 412 co-

1118 424 1286 467 gitabant,
1309 425 1355 456 sic
1368 432 1399 456 et
1410 422 1637 458 Mahomctus
1652 427 1834 459 contendit
1846 426 1982 469 Mosen,
2002 427 2109 462 Chri-

1118 483 1228 515 stum,
1255 487 1303 518 se,
1330 483 1362 508 et
1380 475 1466 506 alios
1482 475 1611 507 multos
1623 475 1815 519 Prophetas
1832 477 1985 520 etReges
2003 480 2109 514 fuisse

1118 526 1208 559 filios
1217 525 1295 559 Dei.
1351 525 1447 558 Idem
1457 524 1575 558 Ebion
1587 552 1595 566 ,
1623 525 1889 568 Samosatenus,
1916 529 2109 572 Nestorius,

1118 584 1150 610 et
1175 577 1234 610 alii
1260 576 1362 610 multi
1389 576 1605 619 cogitarunt,
1632 583 1665 609 et
1691 577 1835 610 sortasse
1853 580 1954 613 multi
1972 592 2110 625 semper

1117 635 1198 661 sunt
1224 630 1326 661 etiam
1352 627 1455 661 titulo
1471 624 1687 668 Christiani,
1714 629 1773 672 qui
1795 626 1884 662 hanc
1902 631 2108 674 opinionem

1117 691 1233 713 secum
1253 679 1355 712 tacite
1372 679 1409 710 in
1426 677 1554 711 animis
1572 679 1836 712 circumferunt.

1219 754 1288 788 Sed
1312 752 1468 787 Ecclesia
1496 752 1580 792 Dei,
1609 754 1671 787 etsi
1698 755 1857 787 nondum
1884 755 1920 788 in
1946 753 2010 789 hac
2039 757 2108 791 vita

1118 805 1232 844 videt,
1270 805 1383 850 qualis
1412 805 1454 838 sit
1489 804 1549 837 illa
1579 805 1740 838 miranda
1765 806 1850 839 unio
1877 803 2054 840 humanae
2076 815 2109 842 et

1117 857 1258 889 divinae
1283 863 1446 896 naturae,
1475 862 1589 889 tamen
1616 857 1780 889 mandato
1799 857 1867 890 Dei
1897 858 2035 901 cogitur
2052 870 2109 892 so-

1118 920 1201 940 nare
1226 905 1316 940 lianc
1339 907 1554 947 doctrinam,
1579 909 1673 951 quod
1702 907 1793 941 filius
1812 908 1876 941 Dei
1894 906 2019 956 λόγος,
2048 921 2108 953 ge-

1117 959 1212 992 nitus
1233 971 1250 991 a
1270 966 1365 1002 patre
1381 958 1425 991 ab
1440 965 1601 1001 aeterno,
1627 967 1746 1004 postea
1764 961 1965 993 assumserit
1983 958 2109 994 huma-

1117 1022 1197 1042 nam
1228 1017 1400 1043 naturam.
1461 1007 1549 1042 Vult
1572 1009 1664 1041 enim
1693 1007 1758 1043 hoc
1780 1011 1921 1051 foedus,
1957 1018 1989 1045 et
2015 1010 2107 1045 hanc

1117 1062 1314 1094 societatem
1339 1060 1482 1093 divinae
1507 1067 1652 1093 naturae
1676 1067 1706 1093 et
1727 1059 1918 1102 humanae,
1947 1073 2019 1095 esse
2033 1063 2106 1095 evi-

1117 1114 1202 1144 dens
1227 1111 1470 1145 testimonium
1493 1111 1623 1143 amoris
1648 1111 1790 1144 divinae
1815 1124 1894 1155 erga
1914 1111 2104 1146 humanam

1118 1170 1291 1196 naturam.
1345 1162 1384 1196 Si
1408 1168 1547 1205 possent
1574 1161 1684 1193 animi
1711 1159 1856 1195 humani
1874 1164 2026 1206 cogitare
2041 1165 2106 1197 ali-

1117 1226 1187 1258 quo
1209 1215 1315 1246 modo
1342 1212 1621 1255 magnitudinem
1647 1209 1753 1245 huius
1777 1214 1910 1257 operis,
1938 1215 2031 1259 quod
2050 1216 2106 1247 di-

1117 1265 1198 1297 vina
1218 1273 1342 1297 natura
1360 1275 1394 1296 se
1414 1264 1500 1295 adeo
1517 1263 1687 1301 demittit,
1716 1266 1809 1308 quod
1828 1262 2020 1298 humanam
2039 1267 2106 1299 sibi

1116 1315 1295 1357 adiungit,
1335 1320 1369 1347 et
1407 1314 1629 1347 immutabile
1667 1315 1790 1348 foedus
1829 1327 1906 1348 cum
1943 1329 1979 1349 ea
2011 1317 2106 1356 facit,

1117 1373 1190 1398 tum
1224 1378 1306 1398 vero
1336 1366 1608 1398 incenderemur
1636 1377 1754 1399 amore
1779 1365 1864 1405 Dei,
1898 1368 2107 1407 reverentia,

1117 1418 1203 1457 fide,
1231 1416 1422 1459 gratiarum
1447 1416 1603 1454 actione,
1639 1417 1789 1457 laetitia,
1813 1425 1843 1450 et
1876 1419 1992 1451 studio
2020 1420 2106 1452 obe-

1117 1469 1260 1507 diendi,
1288 1468 1375 1501 sicut
1399 1468 1513 1510 angeli
1539 1474 1685 1500 canunt:
1714 1467 1755 1501 Et
1780 1466 1987 1502 hominibus
2007 1470 2107 1503 laeti-

1118 1520 1176 1554 tia.
1230 1517 1305 1552 Etsi
1331 1526 1445 1551 antem
1470 1530 1590 1552 sumus
1615 1519 1715 1551 valde
1735 1520 1885 1559 infirmi,
1914 1528 2030 1554 tamen
2050 1533 2108 1554 ex-

1117 1571 1263 1604 citemus
1282 1582 1346 1603 nos
1363 1571 1405 1603 ad
1424 1569 1516 1613 piam
1536 1570 1783 1613 cogitationem
1802 1571 1889 1604 tanti
1911 1572 2047 1615 operis,
2076 1579 2109 1606 et

1118 1633 1339 1665 opponamus
1365 1633 1485 1653 vocem
1507 1619 1571 1653 Dei
1598 1621 1708 1653 furori
1734 1622 1885 1662 diaboli,
1922 1629 1952 1654 et
1980 1623 2108 1667 impio-

1117 1722 1291 1756 humanae
1316 1730 1462 1756 naturae
1487 1723 1523 1754 in
1552 1720 1704 1757 Christo.
1766 1723 1980 1766 Colligamus
2004 1726 2108 1758 nobis

1117 1774 1336 1815 testimonia,
1373 1774 1489 1818 qualia
1517 1785 1620 1817 supra
1644 1781 1759 1806 extant
1786 1775 1820 1807 in
1847 1775 1959 1818 primo
1984 1777 2107 1820 capite,

76 1839 352 1879 consessionem,
388 1835 517 1871 Manh·
538 1837 609 1869 165
646 1835 703 1869 'l'u
729 1847 762 1868 es
786 1833 946 1869 Christus
972 1837 1065 1868 filius
1090 1859 1092 1882 2
1117 1838 1206 1869 quae
1230 1826 1407 1859 affirmant
1432 1825 1467 1857 in
1485 1822 1627 1857 Christo
1653 1825 1809 1858 divinam
1835 1833 1995 1859 naturam
2022 1839 2106 1863 esse.

380 1887 427 1920 Hi
446 1888 729 1929 complectunmr
748 1894 780 1920 et
798 1886 923 1927 Officii,
954 1894 985 1920 et
1002 1899 1066 1919 „a-
1090 1888 1092 1907 ι
1117 1876 1211 1909 Haec
1238 1877 1415 1920 pertinent
1439 1877 1481 1909 ad
1506 1873 1612 1908 huius
1636 1876 1702 1909 loci
1721 1878 1999 1916 enarrationem,
2028 1890 2106 1911 cum

74 1947 172 1974 turae
207 1939 494 1983 descriptionem:
531 1937 697 1971 Fatemur
729 1945 761 1970 te
793 1949 865 1970 esse
899 1937 1064 1971 Messinm
1091 1966 1092 1976 ,

1090 1983 1092 1999 ³
1117 1979 1213 2012 iubet
1237 1986 1275 2011 nt
1294 1979 1411 2011 credat
1434 1976 1529 2011 hunc
1554 1984 1753 2012 sanatorem
1774 1991 1844 2011 esse
1864 1980 1974 2011 filium
1992 1979 2056 2012 Dei
2074 1986 2107 2013 et

1090 2040 1091 2044 ¹
1118 2029 1302 2063 Messiam:
1332 2030 1429 2062 iubet
1451 2030 1532 2062 item
1556 2036 1593 2062 ut
1614 2030 1766 2063 confidat
1782 2037 1942 2070 sanatus,
1971 2042 2005 2063 se
2024 2043 2106 2074 pro-

1118 1926 1278 1961 Christus
1301 1925 1358 1960 hic
1384 1928 1480 1960 iubet
1506 1934 1665 1959 sanatum
1685 1929 1824 1960 credere
1844 1929 1877 1960 in
1899 1929 2008 1961 filium
2026 1927 2106 1967 Dei,

1118 2088 1194 2121 pter
1220 2078 1314 2113 hunc
1332 2080 1442 2113 filium
1463 2079 1528 2114 Dei
1549 2077 1678 2113 habere
1695 2079 1808 2113 Deum
1830 2082 2047 2125 propicium,
2074 2089 2107 2115 et

1118 2130 1302 2164 haeredem
1325 2143 1396 2164 esse
1420 2132 1510 2164 vitae
1532 2138 1704 2167 aeternae.
1758 2131 1851 2165 Ilaec
1877 2132 1993 2165 onmia
2010 2144 2107 2166 com-

1118 2183 1282 2227 plectitur
1311 2180 1378 2215 hoc
1406 2183 1513 2215 breve
1537 2183 1772 2226 colloquium,
1806 2184 1842 2215 in
1869 2195 1938 2227 quo
1963 2190 2106 2217 sanatus

1117 2234 1364 2274 confirmatur,
1401 2241 1433 2267 et
1466 2234 1535 2266 alio
1568 2234 1768 2267 testimonio
1800 2234 1983 2277 profitetur
2008 2246 2105 2267 suam

1117 2286 1240 2323 fidem,
1277 2285 1439 2319 videlicet
1468 2297 1571 2323 voce,
1608 2297 1685 2318 cum
1717 2285 1779 2317 ait:
1812 2283 1925 2318 Credo
1951 2286 2107 2327 domine,

1117 2344 1149 2370 et
1167 2336 1385 2371 adoratione.

1220 2412 1402 2447 Postremo
1425 2414 1631 2446 observetur
1655 2413 1850 2456 exemplum
1877 2414 1920 2446 de
1943 2414 2103 2447 doctrina

1117 2465 1267 2497 maxime
1300 2465 1508 2503 necessaria,
1545 2464 1637 2508 quod
1671 2464 1797 2497 iniusta
1823 2465 2101 2498 excommunica-

1117 2518 1165 2549 tio
1198 2528 1268 2548 non
1297 2523 1421 2549 noceat
1444 2526 1558 2548 coram
1586 2513 1679 2554 Deo,
1716 2522 1899 2559 postquam
1925 2514 1981 2548 hie
2005 2528 2104 2548 men-

1117 2567 1215 2599 dicus
1242 2580 1279 2600 ex
1305 2578 1476 2612 synagoga
1503 2566 1631 2598 eiectus
1655 2573 1723 2605 est,
1750 2564 1911 2600 Christus
1935 2579 2012 2599 eum
2031 2568 2104 2599 sin-

1090 2613 1092 2618 '
1118 2619 1229 2660 gulari
1268 2618 1521 2661 significatione
1551 2618 1815 2650 benevolentiae
1847 2618 2103 2661 complectitur,

1117 2669 1311 2713 alloquitur
1341 2676 1372 2701 et
1407 2668 1603 2701 confirmat.
1663 2667 1740 2701 lloc
1771 2670 1928 2711 exemplo
1952 2681 2015 2701 nos
2038 2667 2103 2701 hoc

1117 2728 1274 2764 tempore
1297 2721 1462 2753 adversus
1487 2720 1616 2752 iniusta
1642 2719 1770 2753 iudicia
1794 2732 1933 2760 eorum,
1962 2720 2103 2765 quinos

1512 2770 1589 2804 15*
