2415 2942
240 107 312 141 611

618 205 752 259 Caput
798 206 853 246 V.

310 287 512 325 Iusli1cali
538 286 652 334 igilur
672 284 821 332 eti-fide,
848 299 970 335 pacem
989 286 1165 323 habemus

350 365 518 410 Epilogus
535 372 582 398 est
602 363 897 403 confirmationis,
923 365 981 410 qui
1007 366 1133 409 repetit
1149 378 1230 410 pro-

251 416 481 462 positionem,
527 422 559 448 et
584 415 683 448 addit
705 415 876 457 egregiam
912 416 1231 458 amplificationem,

251 469 294 501 de
316 468 429 511 primo
452 466 532 498 fidei
555 465 696 504 effectu,
733 476 792 497 seu
817 466 859 497 de
886 467 1023 510 propria
1049 478 1232 510 praeroga-

251 518 342 557 tiva,
370 528 472 561 quam
499 514 603 548 habet
629 516 721 548 fides.

252 568 382 602 tionem
402 567 539 610 plenam
557 566 745 598 affectuum
763 566 1024 606 acerrimorum,
1040 580 1127 612 quae
1143 579 1232 600 sem-

253 630 314 662 per
339 618 374 649 in
401 623 586 660 conspectu
603 615 764 649 habenda
783 623 855 655 est,
882 624 914 650 et
936 619 1232 651 accommodanda

254 669 297 702 ad
315 667 514 711 corporales
533 673 566 700 et
584 666 782 711 spirituales
800 667 1019 702 afflictiones.

359 726 428 760 Sed
446 727 549 759 redeo
568 727 610 758 ad
628 723 768 769 Epitogi
788 725 1016 769 principium:
1054 725 1234 760 iustificati

256 779 323 812 fide
346 789 465 821 pacem
489 774 660 809 habemus
684 787 762 817 erga
791 774 924 815 Deum,
958 788 1020 819 per
1041 775 1234 810 Dominum

257 835 418 862 nostrum
441 826 566 861 lesum.
635 823 698 858 Est
721 825 815 857 enim
841 826 1031 859 sententia:
1071 826 1159 860 Fide
1181 839 1236 860 re-

258 879 507 915 conciliamur,
542 883 574 909 et
599 875 813 908 reconciliati
841 876 1003 920 deinceps
1027 879 1145 910 eadem
1169 878 1236 911 fide

258 930 434 974 placemus
458 926 550 965 Deo,
586 932 619 959 et
644 924 812 958 habemus
838 927 1067 960 conscientias
1091 935 1238 971 pacatas,

260 991 331 1011 non
364 984 507 1022 propter
544 976 629 1020 legis
667 976 927 1020 implectionem
945 1003 953 1017 ,
997 979 1056 1011 sed
1096 985 1239 1023 propter

258 1027 450 1063 Christum.

361 1087 520 1122 Primum
543 1093 658 1120 autem
682 1086 932 1130 opponendum
957 1094 1005 1121 est
1020 1087 1086 1121 hoc
1105 1088 1238 1122 dictum

261 1137 506 1182 imaginationi
543 1135 797 1177 scholasticae,
843 1149 931 1182 quae
967 1139 1065 1181 fingit
1101 1146 1240 1172 renatos

263 1191 390 1223 deiude
414 1190 522 1221 iustos
548 1198 619 1220 esse
639 1194 782 1231 propter
807 1188 1045 1231 impletionem
1071 1189 1174 1233 legis,
1209 1196 1240 1223 et

263 1248 302 1274 ut
329 1239 393 1283 ipsi
415 1239 629 1282 loquuntur,
674 1239 819 1270 virtutes
853 1245 885 1271 et
909 1251 1013 1282 opera
1038 1248 1239 1273 renatorum

262 1290 387 1324 mereri
412 1290 518 1322 vitam
541 1295 716 1321 aeternam
743 1290 785 1321 de
808 1290 996 1331 condigno.
1050 1289 1101 1323 Ita
1125 1291 1241 1324 delent

264 1342 386 1380 fidem,
427 1346 460 1373 et
481 1340 618 1381 fingunt
648 1339 778 1371 renatis
802 1346 919 1382 postea
949 1338 1038 1372 nihil
1056 1352 1143 1384 opus
1169 1352 1241 1373 esse

264 1391 457 1424 mediatore
498 1387 663 1423 Christo:
727 1387 793 1422 hoc
840 1396 890 1423 est
933 1402 1053 1423 rursus
1096 1391 1242 1435 sepeIIre

263 1439 455 1476 Christum.

366 1507 547 1545 Secundo,
581 1507 822 1550 usurpandum
849 1514 897 1540 est
919 1505 985 1541 hoc
1019 1509 1170 1550 dictum,
1205 1516 1244 1543 ut

266 1559 403 1593 erudiat
422 1564 455 1591 et
474 1557 674 1590 consoletur
692 1557 767 1600 pios
785 1565 1008 1600 agnoscentes
1026 1570 1122 1592 suam
1145 1560 1244 1593 infir-

267 1610 442 1648 mitatem,
469 1615 507 1641 ut
531 1607 693 1642 videlicet
715 1615 924 1641 revocentur
947 1610 990 1641 ad
1015 1610 1245 1643 mediatorem

267 1658 470 1698 Christum,
509 1665 542 1692 et
565 1658 701 1691 discant
730 1669 765 1690 se
791 1658 898 1692 iustos
921 1660 1075 1703 reputari
1102 1667 1246 1704 propter

267 1708 448 1744 Christum
466 1709 532 1741 fide
545 1736 554 1749 ,
581 1720 652 1741 non
670 1716 812 1752 propter
829 1710 1006 1753 propriam
1029 1710 1247 1752 dignitatem.

271 1760 393 1804 ltaque
424 1760 607 1792 infirmitas
626 1785 636 1799 ,
677 1771 765 1804 quae
797 1757 911 1792 adhuc
936 1760 972 1792 in
1004 1760 1088 1804 ipsis
1118 1759 1248 1803 haeret,

271 1812 491 1845 condonatur
515 1810 580 1849 eis,
608 1822 669 1842 nec
692 1816 774 1843 sunt
798 1810 879 1843 iusti
903 1817 1045 1854 propter
1067 1812 1164 1844 illam
1192 1813 1247 1845 in-

270 1869 404 1895 coatam
425 1867 456 1893 et
473 1861 708 1904 imperfectam
725 1860 977 1902 obedientiam,
1000 1863 1058 1895 sed
1080 1862 1147 1895 fide
1165 1875 1248 1907 pro-

270 1919 346 1956 pter
367 1909 558 1945 Christum.

371 1977 505 2015 Tertio,
533 1978 790 2012 observandum
809 1985 857 2012 est
873 1990 993 2011 rursus
1010 1978 1249 2013 testimonium

274 2030 316 2063 de
341 2028 596 2064 iustificatione.
649 2028 744 2062 Dicit
767 2030 860 2062 enim
886 2026 944 2063 hic
970 2030 1114 2064 diserte:
1145 2031 1249 2064 lusti-

273 2080 366 2114 ficari
391 2080 468 2113 fide.

374 2147 529 2191 Quart0‚
558 2145 732 2191 Origenes
748 2149 932 2193 detorquet
949 2144 1043 2181 hunc
1066 2147 1181 2180 locum
1207 2148 1249 2181 ad

276 2211 397 2243 pacem
424 2210 503 2242 erga
522 2196 699 2238 homines,
728 2206 760 2232 et
779 2201 821 2231 ad
843 2199 955 2232 officia
975 2198 1192 2239 dilectionis,
1218 2206 1252 2232 et

277 2251 445 2293 depravat
476 2250 673 2284 lectionem.
748 2248 872 2282 Pacem
900 2247 1084 2290 habemus,
1129 2249 1163 2282 id
1190 2256 1250 2289 est,

275 2300 381 2333 simus
404 2300 549 2343 placidis
573 2301 731 2334 moribus
754 2311 831 2342 erga
852 2300 950 2335 alios,
1003 2298 1097 2332 Haec
1113 2307 1251 2333 senten-

276 2350 322 2383 tia
346 2362 487 2393 prorsus
509 2351 751 2395 intempestiva
782 2348 838 2384 hic
870 2358 930 2385 est.
1007 2349 1095 2383 Nam
1122 2349 1251 2383 Paulus

277 2400 405 2433 diserte
422 2402 484 2434 ait:
518 2400 641 2434 Pacem
662 2400 832 2435 habemus
851 2412 928 2444 erga
945 2399 1070 2435 Deum.
1118 2399 1251 2446 Loqui-

278 2456 334 2483 tur
354 2451 458 2492 igitur
479 2452 519 2483 de
536 2463 634 2494 pace,
661 2453 694 2485 id
715 2459 783 2492 est,
809 2452 1048 2486 consolatione
1070 2452 1250 2484 conscien-

279 2501 346 2533 tiae
375 2512 453 2543 erga
487 2500 598 2534 Deum
618 2529 627 2542 ,
666 2514 726 2536 seu
760 2503 968 2536 liberatione
1000 2514 1018 2536 a
1052 2502 1251 2544 pavoribus.

277 2548 410 2595 Estque
428 2553 617 2586 sententia:
659 2552 753 2587 Deus
770 2554 837 2586 iam
856 2566 929 2586 non
956 2553 1117 2587 irascitur
1139 2553 1252 2586 nobis.

275 2598 322 2635 Et
345 2602 494 2634 vicissim
513 2614 576 2635 nos
600 2600 766 2636 habemus
788 2605 995 2649 tranquillas
1013 2603 1252 2645 conscientias,

274 2652 438 2686 liberatas
457 2664 475 2687 a
493 2653 686 2687 terroribus
703 2656 832 2699 peccati
851 2662 883 2688 et
901 2656 1032 2690 mortis.

833 98 957 136 PHlL.
985 98 1101 134 MEL.
1127 98 1335 135 SCRIPTA
1363 95 1664 134 EXEGETICA.

782 514 903 548 Postea
929 517 1048 550 attexit
1073 518 1233 550 consola-
1258 527 1260 535 ⁴

2187 96 2261 132 612

1254 185 1260 251 1
1383 181 1451 215 llic
1468 181 1574 225 igitur
1589 181 1847 215 observandum
1866 188 1933 221 est,
1957 181 2115 216 Primum
2133 188 2164 215 et
2182 193 2264 225 pro-

1283 233 1498 278 priissimum
1517 232 1677 265 effectum
1700 232 1781 264 fidei
1798 243 1888 273 esse,
1921 231 2082 266 Reddere
2111 238 2264 275 pacatam

1283 296 1342 317 seu
1364 283 1590 327 tranquillam
1614 282 1884 322 conscientiam,
1910 294 1970 316 seu
1993 283 2133 315 liberari
2153 294 2171 315 a
2194 289 2265 315 ter—

1282 335 1424 367 roribus
1449 333 1575 377 peceati
1602 339 1635 366 et
1658 333 1794 366 mortis.
1868 332 1963 365 Haec
1991 333 2184 366 consolatio
2216 339 2266 365 est

1257 370 1260 413 l
1284 384 1489 421 vivificatio,
1514 385 1558 415 de
1576 395 1643 428 qua
1667 383 1825 428 loquitur
1842 382 2042 425 Scriptura,
2069 394 2148 416 cum
2167 384 2267 416 docet

1257 424 1260 479 l
1285 447 1348 467 nos
1371 434 1556 467 vivificari:
1595 434 1641 468 Ut
1667 434 1775 467 iustus
1798 445 1838 466 ex
1861 433 1928 466 fide
1949 444 2010 465 sua
2036 433 2138 466 vivet.
2193 432 2265 466 Iam

1257 481 1260 523 l
1285 486 1312 518 si
1329 486 1394 517 lide
1414 486 1606 518 liberamur
1625 496 1641 516 a
1661 484 1870 523 terroribus,
1898 494 2035 516 necesse
2055 490 2105 516 est
2123 483 2266 517 existere

1257 540 1260 579 ζ
1286 536 1322 568 in
1342 535 1409 580 piis
1425 542 1574 569 terrores
1593 542 1625 568 et
1644 534 1906 579 poenitentiam.

1258 584 1261 694 i
1386 593 1541 637 Quinto,
1567 594 1667 628 docet
1691 591 1748 627 hic
1773 594 1869 626 locus
1894 593 2015 625 falsam
2040 603 2112 625 esse
2128 591 2269 636 opinio—

1286 657 1365 678 nem
1379 671 1388 686 ,
1416 656 1503 690 quae
1519 645 1615 677 iubet
1632 644 1792 678 dubitare
1816 645 1859 676 de
1881 643 2086 676 remissione
2109 649 2268 686 peccato-

1259 698 1262 751 ι
1286 707 1384 736 rum,
1427 695 1508 740 quia
1533 692 1590 727 hic
1618 702 1728 728 textus
1755 695 1889 739 inquit:
1936 693 2060 727 Pacem
2090 690 2271 727 habemus.

1287 746 1337 779 At
1361 745 1574 778 conscientia
1605 746 1771 779 dubitans
1788 772 1797 786 ,
1827 756 2048 789 nequaquam
2079 741 2186 777 habet
2209 754 2273 786 pa-

1288 807 1373 831 cem.
1427 795 1537 838 lgitur
1561 795 1628 829 fide
1661 796 1747 839 erigi
1774 802 1907 829 mentes
1932 802 2053 829 contra
2079 793 2273 828 dubitatio-

1288 857 1368 879 nem
1395 852 1543 890 oportet.

1389 903 1513 943 Sexto,
1540 905 1641 938 docet
1655 903 1711 938 liic
1730 905 1827 938 locus
1851 904 1973 938 falsam
2001 915 2072 937 esse
2099 902 2270 946 imagina-

1289 955 1440 995 tionem,
1467 967 1555 999 quae
1576 955 1713 989 divellit
1731 956 1969 988 remissionem
1997 955 2137 998 culpae,
2164 960 2197 986 et
2216 965 2271 986 re-

1290 1005 1491 1038 missionem
1511 1017 1642 1048 poenae
1660 1012 1830 1040 aeternae.
1879 1005 1968 1039 Cum
1985 1005 2077 1038 enim
2097 1004 2131 1036 in
2150 1003 2273 1036 remis—

1294 1056 1391 1088 sione
1411 1055 1532 1098 culpae
1551 1055 1786 1093 vivificamur,
1814 1062 1845 1088 et
1867 1067 1985 1099 pacem
2013 1053 2273 1099 consequimur,

1292 1103 1359 1139 hoc
1385 1112 1452 1144 est,
1480 1106 1672 1139 liberamur
1688 1118 1706 1138 a
1723 1106 1918 1139 terroribus
1944 1106 2070 1149 peccati
2094 1112 2126 1137 et
2150 1104 2273 1137 mortis

1265 1166 1268 1210 1
1292 1163 1472 1196 aeternae,
1497 1167 1635 1189 necesse
1659 1162 1710 1188 est
1737 1156 1773 1188 in
1795 1156 2000 1188 remissione
2025 1156 2146 1198 culpae
2168 1154 2274 1187 simul

1293 1207 1367 1239 fieri
1403 1206 1644 1239 remissionem
1670 1218 1802 1250 poenae
1827 1213 1988 1239 aeternae
2006 1232 2015 1247 ,
2050 1217 2114 1238 nec
2143 1205 2275 1238 remitti

1294 1269 1442 1301 poenam
1474 1264 1649 1290 aeternam
1697 1264 1841 1304 propter
1877 1256 2196 1300 compensationem
2238 1255 2275 1287 in

1294 1308 1508 1354 purgatorio.

1394 1363 1577 1398 Caeterum
1595 1365 1751 1398 remissio
1773 1366 1896 1410 culpae
1914 1371 1946 1397 et
1963 1363 2121 1397 remissio
2142 1374 2274 1407 poenae

1295 1416 1516 1460 temporalis,
1544 1415 1580 1447 in
1604 1413 1667 1447 hac
1691 1416 1780 1454 vita,
1809 1414 1960 1448 discerni
1981 1415 2128 1447 debent:
2165 1411 2211 1446 Et
2237 1413 2274 1445 in

1296 1467 1362 1511 piis
1379 1466 1495 1500 existit
1512 1478 1576 1510 pax
1595 1472 1627 1498 et
1644 1466 1836 1499 consolatio
1861 1464 2112 1504 conscientiae,
2140 1464 2276 1497 etiamsi

1296 1517 1380 1550 soris
1414 1523 1496 1550 sunt
1536 1517 1690 1559 oppressi
1732 1517 1982 1550 afflictionibus
2016 1514 2275 1559 corporalibus:

1298 1566 1344 1601 Ut
1357 1566 1471 1599 David
1482 1567 1718 1599 retinetfidem
1737 1574 1770 1600 et
1788 1579 1906 1610 pacem
1926 1565 2158 1599 conscientiae
2173 1565 2277 1598 etiam

1297 1617 1418 1662 pulsus
1438 1617 1475 1648 in
1498 1617 1654 1650 exilium.

1400 1675 1575 1719 Septimo,
1601 1675 1859 1718 Argumentum
1876 1675 1918 1708 de
1935 1673 2178 1708 iustificatione
2195 1671 2279 1707 hinc

1297 1729 1508 1760 sumendum
1526 1734 1576 1760 est
1594 1727 1636 1759 ab
1660 1726 1803 1765 effectu,
1831 1725 1987 1759 Tantum
2014 1724 2073 1757 illa
2096 1736 2132 1757 re
2156 1735 2278 1757 conse-

1299 1778 1441 1822 quimur
1471 1777 1712 1810 remissionem
1740 1784 1773 1810 et
1798 1777 2052 1816 iustificamur,
2094 1787 2161 1820 qua
2193 1786 2278 1808 con-

1300 1828 1465 1861 scientiae
1496 1829 1694 1861 redduntur
1728 1834 1886 1871 paccatae
1916 1838 2031 1859 coram
2062 1824 2155 1868 Deo,
2196 1825 2280 1859 Sola

1301 1879 1367 1911 fide
1383 1879 1581 1912 redduntur
1600 1885 1755 1922 pacatae:
1783 1876 1896 1920 Ergo,
1922 1877 1994 1909 sola
2011 1876 2078 1909 fide
2093 1877 2278 1920 consequi-

1301 1941 1380 1962 mur
1398 1929 1637 1962 remissionem
1654 1936 1686 1962 et
1702 1928 1993 1962 iustificationem.

1403 1986 1523 2020 Maior
1540 1993 1590 2020 est
1606 1986 1807 2026 manifesta,
1832 1986 1912 2030 quia
1933 1984 2131 2019 iustificatio
2155 1991 2206 2019 est
2228 1985 2280 2018 vi-

1302 2038 1463 2070 vificatio.
1515 2036 1638 2070 Minor
1654 2043 1704 2070 est
1721 2036 1820 2070 Pauli
1844 2037 1880 2069 in
1906 2034 2082 2069 hocloco:
2110 2035 2197 2069 Fide
2220 2048 2281 2079 pa·-

1303 2101 1375 2122 cem
1394 2086 1580 2127 habemus,
1610 2094 1641 2120 et
1657 2094 1769 2131 potest
1786 2087 1955 2120 declarari
1973 2099 2013 2119 ex
2030 2087 2282 2131 superioribus.

1303 2139 1340 2173 Si
1359 2140 1441 2171 fides
1457 2138 1585 2183 partim
1602 2138 1772 2172 niteretur
1788 2138 2045 2176 misericordia,
2073 2138 2197 2181 partim
2221 2138 2281 2169 ‹li-

1303 2190 1454 2232 gnitate,
1486 2189 1581 2222 fieret
1606 2189 1736 2222 incerta
1762 2196 1992 2223 excuteretur.
2050 2187 2139 2220 Nam
2163 2186 2279 2219 exclu-

1303 2240 1376 2273 siva
1399 2239 1552 2273 excludit
1574 2240 1790 2282 dignitatem.
1843 2239 1924 2273 Non
1950 2236 2016 2271 hoc
2039 2239 2155 2277 docet,
2183 2238 2279 2281 quod

1304 2303 1376 2323 non
1394 2292 1542 2323 debeant
1556 2291 1699 2324 existere
1715 2290 1751 2324 in
1774 2290 1876 2323 nobis
1898 2289 2053 2329 novitas,
2078 2287 2132 2320 vel
2155 2287 2278 2331 poeni-

1303 2341 1409 2375 tentia
1434 2341 1487 2374 vel
1505 2341 1682 2375 contritio.

1407 2397 1555 2434 Octavo.
1609 2399 1758 2442 Insignis
1781 2398 1878 2430 locus
1904 2403 1974 2437 est,
2004 2397 2098 2442 quod
2122 2397 2183 2429 ait:
2212 2395 2280 2430 Per

1304 2463 1406 2496 quem
1431 2449 1600 2483 habemus
1631 2461 1802 2483 accessum
1832 2448 1909 2480 fide.
1984 2447 2094 2482 Docet
2117 2448 2210 2480 enim
2236 2449 2280 2480 de

1302 2502 1513 2542 mediatore,
1540 2507 1572 2534 et
1596 2502 1693 2533 docet
1719 2499 1895 2544 quomodo
1917 2496 2131 2541 apprehendi
2157 2498 2281 2532 debeat

1302 2553 1484 2593 mediator,
1508 2559 1541 2585 et
1556 2551 1638 2596 quid
1657 2551 1701 2584 sit
1718 2551 1812 2593 fides,
1830 2549 2000 2588 videlicet,
2019 2548 2123 2591 Quod
2144 2556 2280 2592 peccata

1302 2604 1528 2636 remittuntur
1542 2608 1683 2646 propter
1706 2601 1930 2633 mediatorem
1951 2597 2146 2633 Christum:
2173 2598 2281 2642 Quod

1272 2656 1279 2694 ι’
1302 2654 1355 2687 lex
1373 2666 1445 2687 non
1461 2654 1538 2696 fiat,
1565 2663 1627 2686 nec
1643 2652 1777 2697 placeat
1794 2652 1860 2684 nisi
1880 2657 2023 2696 propter
2038 2648 2228 2685 Christum.

2393 2010 2395 2038 ⁴-
2390 1593 2398 1994 .--.,-----————-——.-
