2415 2942
42 158 43 161 Ἴ
78 117 151 151 261
494 114 575 151 ΧΠ.
629 112 928 149 ENARRATtO
957 114 1007 148 IN
1033 112 1216 147 EVAXG.
1245 110 1458 146 IOANNlS.
1517 109 1620 145 CAP.
1648 109 1711 144 XI.
2040 114 2115 150 262

26 240 30 242 v
75 202 226 244 adsunt,
260 212 332 234 esse
353 199 420 233 Dei
450 201 563 241 dona,
599 207 631 234 et
664 200 872 244 petendum,
908 206 945 231 ut
972 197 1066 231 Dens
1091 201 1094 234 l
1119 199 1278 232 cti-inam.
1341 197 1400 231 Sic
1426 203 1456 230 et
1486 196 1588 229 nobis
1610 194 1701 229 hanc
1724 193 1907 229 historiam
1932 210 2108 242 propona-

75 264 113 285 ea
139 253 243 284 nobis
269 264 339 285 non
365 252 450 295 eripi
475 252 589 294 sinat,
617 258 648 284 et
667 263 744 284 cum
763 250 979 292 eripiuntur,
1007 263 1065 291 pe·
1117 262 1213 289 mus,
1251 262 1329 281 cum
1367 247 1534 280 miracula
1577 248 1647 279 sint
1680 247 1880 280 testimonia
1912 250 2107 291 doctrinae,

72 310 185 336 tamus
204 314 221 335 a
238 302 335 344 Deo,
361 310 399 336 ut
416 314 477 336 sua
497 302 653 335 mirabili
670 301 825 335 bonitate
843 300 946 332 nobis
964 300 1066 332 aliter
1117 300 1301 340 diligenter
1326 300 1383 331 illa
1409 299 1631 340 colligamus,
1661 309 1749 342 qnae
1774 299 1915 342 propria
1936 307 2017 334 sunt
2034 298 2105 334 Ec-

71 353 271 398 prospiciat,
1115 350 1259 388 etesiae,
1287 347 1353 381 hoc
1377 356 1444 388 est,
1473 361 1561 392 quae
1586 348 1682 380 nulla
1710 355 1866 382 creatura
1890 350 2020 384 imitari
2041 364 2103 395 po·-

566 437 572 445 .
660 436 666 444 ι
696 435 703 443 .
1114 406 1196 438 test,
1236 400 1350 444 qualis
1383 406 1431 431 est
1458 399 1677 431 resuscitatio
1704 406 1947 441 mortuorum,
1982 402 2104 435 sistere

380 434 584 484 Infremmt
606 441 754 483 Splrllu'
1086 458 1089 502 't
1112 462 1252 482 cursum
1278 450 1378 489 solis,
1413 456 1446 482 et
1472 449 1539 482 alia
1565 450 1748 493 quaedam.
1803 449 1899 483 Haec
1921 452 2104 487 manifeste

173 505 322 539 Nullum
348 505 558 538 miraculum
584 505 659 538 sine
678 514 805 545 magno
824 502 943 546 aliquo
963 508 1060 535 motu
1086 507 1088 541 ξ
1112 501 1303 533 ostendunt
1335 497 1426 532 hanc
1451 499 1668 540 doctrinam,
1702 500 1744 532 de
1771 512 1839 544 qua
1864 502 2103 544 testificantur,

72 556 182 590 animi
207 569 226 589 a
244 554 386 590 Christo
412 556 541 589 factum
564 563 633 596 est,
663 555 750 587 sicut
769 554 841 597 ipse
858 553 961 590 dicit,
987 552 1061 585 Lu-
1111 564 1129 584 a
1146 549 1221 584 Deo
1242 552 1405 584 traditam
1425 562 1507 583 esse.

72 619 130 640 cae
148 606 199 642 8.:
234 607 336 641 Sensi
365 606 528 639 virtutem
560 618 577 639 a
611 618 666 638 me
696 604 852 638 exivisse.
902 592 1087 647 Apparetl

73 664 190 690 autem
230 657 390 700 inprimis
427 668 571 699 magnos
603 663 714 689 aestus
745 655 873 694 animi,
915 648 1086 696 magnos}
1161 668 1215 702 Et
1255 680 1419 715 egressus
1451 672 1500 700 332
1529 672 1696 702 mortuus
1763 667 1902 702 Vinctus
1932 668 2039 716 pedes
2072 676 2102 704 εἰ

72 719 200 751 agones
218 708 323 741 fuisse
340 707 376 739 in
398 704 461 739 hac
480 708 760 744 resuscitatione,
788 705 925 745 fremit,
952 706 1058 744 dolet,
1213 732 1348 754 manus
1360 716 1556 767 fasciolis·
1705 695 1714 710 ’

73 758 296 801 indignatur,
333 758 510 803 lacrymat.
583 757 633 790 Hi
662 763 777 790 motus
813 756 917 789 nobis
949 756 1060 798 ignoti

72 816 173 849 sunt>
203 810 261 842 sed
286 809 482 851 Significant
504 809 634 842 luciam
650 807 876 848 acerrimam,
903 819 980 839 cum
998 807 1059 839 de*
1084 852 1086 858 Ι
1200 811 1306 855 Quod
1325 824 1409 846 voce
1428 809 1558 846 Christi
1576 810 1728 844 Lazarus
1746 818 1931 845 revocatur
1948 824 1986 845 ex
2005 824 2101 846 mor-

72 860 235 893 crevisset
258 860 462 893 resuscitare
484 859 675 899 Lazarum,
703 865 862 903 precatus
885 865 933 891 est
950 865 1059 890 aeter-
1084 860 1087 908 ἱ
1110 871 1161 904 te,
1190 871 1219 896 et
1237 875 1358 896 rursus
1374 863 1444 896 vita
1461 863 1633 902 donatur,
1663 862 1902 895 testimonium
1919 861 2100 896 estEvan-

71 922 158 943 num
180 917 333 954 patrem,
368 917 407 943 ut
431 907 496 942 hoc
520 922 608 953 opus
632 911 740 943 fieret.
795 908 863 941 Hic
887 909 1058 952 impedire
1110 915 1209 957 getii,
1235 915 1328 959 quod
1357 914 1401 947 sit
1423 925 1489 946 vox
1514 913 1652 950 efficax,
1681 920 1732 953 et,
1759 920 1798 946 ut
1817 912 1948 946 Paulus
1974 914 2100 959 inquit,

71 973 150 993 eum
170 958 262 993 haud
290 961 398 994 dubie
424 961 586 994 diabolus
604 968 770 1001 conatur,
799 959 935 992 iniectis
954 959 1060 991 variis
1085 967 1087 996 ξ
1112 967 1266 1009 pomum,
1292 964 1358 997 Dei
1384 966 1425 998 ad
1451 964 1597 996 sulutem
1625 964 1721 995 omni
1751 964 1927 1007 credenti,
1962 965 1990 997 gi
2017 977 2099 998 voce

71 1012 363 1054 cogitationibus,
394 1012 467 1055 lpse
494 1012 646 1044 Vicissim
673 1011 881 1055 repugnavit
904 1010 1059 1050 diabolo,
1085 1035 1087 1058 i
1110 1017 1264 1049 restituit
1287 1016 1394 1049 vitam
1422 1015 1578 1058 corporis
1597 1014 1747 1054 Lazaro,
1774 1015 1876 1047 etiam
1902 1015 1996 1048 iuxta
2014 1028 2097 1059 pro-

72 1062 158 1095 flllfls
189 1062 341 1095 irascens
371 1062 532 1103 dlflbOlO,
569 1063 654 1095 3ῙῖἈὸ
683 1062 825 1101 dolens,
860 1068 892 1094 Εἴ
918 1061 1059 1105 illacry-
1110 1068 1312 1100 missionem
1346 1078 1443 1099 suam
1477 1078 1560 1098 voce
1586 1063 1770 1108 Evangelii
1802 1067 1967 1098 accendet
1989 1067 2097 1099 vitam

73 1124 174 1145 '⁰³⁰⁵
197 1120 340 1157 ΡῙὉΡῙΕΓ
357 1111 504 1146 humani
524 1113 659 1156 genesis
678 1113 855 1155 lngenlem
871 1111 1061 1151 miseriffln,
1110 1125 1286 1150 aeternam
1316 1124 1349 1151 et
1379 1117 1554 1149 iusticiam
1584 1116 1621 1147 in
1652 1115 1837 1155 cordibus,
1869 1122 1908 1148 ut
1936 1114 2097 1149 Christus
2118 1152 2128 1159 ,

73 1165 167 1208 qUOd
191 1171 349 1206 peccam,
379 1164 429 1196 31*ss
446 1163 533 1207 Dt‘f,
556 1163 742 1209 tyl'ssnsslde
758 1162 910 1203 diflhOli,
940 1162 1059 1195 lnfissi-
1086 1183 1087 1188 ¹
1111 1170 1183 1212 ipse
1207 1176 1383 1212 precatur:
1414 1167 1517 1200 Pater
1540 1166 1714 1198 sanctifica
1736 1177 1794 1198 eos
1811 1167 1848 1198 iu
1868 1166 2012 1200 veritate
2028 1173 2099 1208 tua,

73 1215 119 1247 fis
148 1214 421 1254 calamilffllbusa
456 1221 489 1247 et
519 1222 632 1247 morte
664 1213 838 1258 corporali
862 1220 894 1246 θῑ
919 1219 1059 1245 aelerna
1111 1231 1223 1252 sermo
1258 1226 1336 1252 tuus
1366 1224 1416 1250 est
1446 1217 1590 1255 veritas,
1624 1216 1698 1249 vult
1720 1228 1778 1249 eos
1802 1217 2027 1257 sanctificari,
2061 1218 2098 1250 id

72 1276 278 1307 oppressum
311 1276 383 1297 esse
416 1276 544 1307 magno
575 1277 654 1298 cum
688 1276 847 1297 moerore
875 1264 1060 1306 cogitabat,
1111 1277 1179 1310 est,
1213 1270 1290 1302 luce
1315 1269 1455 1311 divina,
1489 1267 1668 1310 agnitione
1694 1266 1777 1307 Dei,
1812 1275 1845 1301 et
1871 1268 2008 1301 iusticia
2033 1269 2097 1301 do-

75 1315 190 1348 doluit
216 1322 358 1358 propter
382 1315 468 1347 iram
488 1315 574 1356 Dei,
603 1323 635 1349 et
652 1328 715 1359 pro
732 1315 834 1348 nobis
850 1315 916 1347 fuit
934 1315 1057 1357 depre-
1110 1321 1207 1362 nari,
1233 1319 1438 1365 quomodo?
1464 1331 1526 1363 per
1543 1330 1740 1350 sermonem
1757 1318 1839 1352 Dei,

73 1372 187 1405 eamr,
214 1366 271 1397 sed
296 1366 438 1398 diabolo
457 1366 566 1398 iratus
584 1373 652 1404 est,
681 1373 713 1398 et
731 1377 810 1398 eum
827 1377 844 1397 a
861 1376 895 1397 se
913 1365 1058 1407 depulit.
1085 1371 1086 1376 ¹

72 1414 178 1448 Tales
194 1426 321 1458 agones
338 1416 501 1456 suerunt,
529 1428 616 1461 quos
633 1416 767 1449 etiamsi
785 1415 1058 1457 nosintelligere
1082 1441 1088 1463 4
1212 1411 1284 1445 Nec
1310 1411 1385 1443 sine
1408 1421 1509 1443 causa
1535 1408 1667 1442 mentio
1691 1409 1726 1441 fit
1753 1410 1880 1449 stolae,
1909 1421 1997 1455 quae
2015 1411 2099 1445 texit

71 1477 144 1498 non
172 1477 374 1507 possumus,
397 1473 512 1499 tamen
538 1468 728 1510 cogitemus
752 1467 908 1499 animum
926 1463 1059 1498 Christi
1111 1474 1256 1501 mamm,
1292 1463 1395 1506 pedes
1421 1468 1453 1494 et
1476 1460 1611 1494 faciem.
1665 1459 1753 1492 Nam
1780 1459 1904 1492 Esaiae
1922 1459 1983 1496 25.
2009 1463 2101 1494 clare

71 1528 142 1550 non
166 1516 271 1549 fuisse
293 1517 463 1557 otiosum,
496 1525 555 1550 aut
581 1519 752 1558 ferreum,
786 1524 845 1549 aut
868 1517 943 1548 sine
969 1517 1059 1554 veris
1087 1541 1088 1545 ,
1112 1514 1242 1548 dicitur
1280 1515 1322 1545 de
1360 1512 1533 1545 abolenda
1565 1517 1698 1548 morte,
1742 1518 1774 1543 et
1806 1512 2034 1545 devorabitur
2062 1513 2099 1545 in

70 1567 254 1600 doloribus
287 1574 320 1600 et
361 1580 439 1600 vera
481 1568 735 1611 indignatione.
801 1567 928 1600 Nullus
964 1567 1058 1599 enim
1111 1572 1231 1597 monte
1255 1562 1322 1596 hoc
1340 1563 1443 1596 facies
1461 1562 1723 1602 involutorum,
1750 1574 1817 1606 qua
1837 1574 1958 1594 omnes
1976 1563 2099 1606 populi

71 1625 141 1651 tam
177 1619 247 1650 acri
279 1618 400 1651 dolore
433 1619 602 1659 afficitur,
635 1631 714 1651 cum
741 1618 835 1650 videt
859 1618 1057 1651 carissimae
1111 1615 1263 1647 involuti
1290 1621 1390 1652 sunt,
1425 1621 1456 1646 et
1481 1619 1742 1655 tegumentum,
1777 1625 1846 1656 quo
1870 1625 1992 1645 omnes
2016 1625 2101 1656 gen-

71 1668 162 1700 fiiiae
181 1680 350 1700 summam
370 1669 620 1710 calamitatem,
647 1681 750 1714 quam
774 1669 861 1700 acris
878 1669 979 1701 dolor
994 1669 1061 1701 suit
1111 1674 1162 1700 tes
1188 1672 1371 1709 coopertae
1394 1672 1493 1703 sunt,
1520 1671 1550 1695 et
1574 1674 1668 1695 mors
1693 1664 1921 1696 devorabitur
1941 1665 2100 1704 omnino,

75 1716 207 1751 Christi
226 1719 314 1750 mala
332 1726 448 1751 nostra
469 1720 636 1758 videntis,
663 1720 744 1763 quia
763 1719 893 1751 dicitur
907 1717 991 1753 Ebr.
1008 1719 1058 1753 4.;
1113 1725 1142 1750 et
1169 1718 1342 1758 absterget
1367 1716 1532 1748 dominus
1552 1714 1649 1746 Deus
1673 1725 1813 1745 omnem
1840 1714 2029 1759 lacrymam
2055 1716 2100 1747 ab

72 1767 152 1801 Non
180 1766 350 1801 habemus
369 1768 590 1809 Pontificem,
618 1771 766 1814 quinon
786 1770 893 1812 possit
910 1770 1060 1812 compati
1113 1768 1209 1800 ouini
1235 1768 1338 1807 facie,
1366 1773 1400 1799 et
1423 1764 1654 1809 opprobrium
1679 1765 1801 1807 populi
1828 1765 1882 1797 sui
1906 1766 2034 1798 auferet
2057 1767 2100 1797 de

74 1820 202 1851 nostris
221 1819 501 1859 infirmitatibus,
529 1821 584 1852 sed
606 1827 776 1852 tentatum
795 1832 855 1862 per
872 1821 989 1852 omnia
1009 1832 1061 1852 se-
1113 1819 1275 1851 universa
1301 1825 1403 1851 terra.
1458 1815 1599 1849 illustre
1623 1822 1655 1848 et
1674 1815 1774 1847 dulce
1790 1816 2031 1848 testimonium
2051 1823 2100 1849 est

76 1870 553 1909 cundumsimilitudinem,
591 1872 666 1903 sine
698 1877 849 1914 peccato.
906 1869 1061 1903 Acceda-
1114 1872 1155 1901 de
1190 1868 1379 1901 universali
1408 1866 1664 1900 resurrectione
1696 1873 1727 1899 et
1760 1867 1802 1898 de
1829 1864 2005 1898 reddenda
2030 1867 2100 1900 vita

73 1932 151 1953 mus
175 1932 256 1963 ergo
279 1933 356 1953 cum
377 1921 513 1955 fiducia.
569 1920 765 1954 Imitemur
784 1928 815 1953 et
832 1922 1000 1954 libentius
1018 1922 1060 1953 ad
1087 1922 1089 1949 l
1113 1927 1299 1964 perpetua,
1333 1919 1423 1951 sicut
1455 1926 1487 1951 et
1515 1917 1587 1960 ipsa
1613 1916 1735 1949 Lazari
1758 1917 1978 1949 resuscitatio
2002 1918 2099 1950 testi-

75 1969 253 2005 Christum
278 1972 538 2013 confugiamus,
572 1984 649 2004 cum
677 1984 756 2004 vere
780 1984 858 2004 eum
883 1973 971 2004 affici
998 1984 1064 2003 no-
1086 1965 1089 1994 l
1114 1970 1273 2003 monium
1304 1976 1371 2009 est,
1403 1967 1498 2002 hunc.
1522 1965 1703 2001 Christum
1734 1967 2004 2000 instauratorem
2030 1980 2102 2000 esse

74 2028 147 2055 stro
176 2022 298 2055 dolore
330 2023 533 2063 statuimus,
568 2023 660 2067 quod
688 2030 778 2055 certe
803 2024 928 2055 docent
953 2023 1061 2054 multa
1086 1997 1089 2043 l
1114 2022 1216 2061 vitae,
1244 2020 1408 2053 convenit
1425 2027 1538 2052 autem
1557 2019 1668 2050 forma
1687 2019 1876 2051 verborum
1895 2030 1974 2051 cum
1991 2016 2100 2051 histo-

72 2072 272 2105 testimonia
291 2085 449 2116 expressa
466 2073 503 2105 in
522 2073 668 2105 diversis
685 2071 858 2113 historiis,
885 2071 1062 2108 utMauh.
1114 2073 1164 2105 ria
1190 2072 1331 2110 Lazari,
1358 2069 1479 2104 Esaias
1505 2069 1619 2113 inquit
1645 2069 1825 2108 futurum,
1855 2075 1894 2102 ut
1917 2069 2098 2102 involucra

1088 340 1092 359 t

74 2121 127 2156 9.:
155 2122 289 2156 videns
312 2125 449 2164 turbas,
478 2125 641 2157 misertus
666 2132 715 2158 est
741 2136 881 2166 earum,
909 2132 943 2158 et
963 2136 1064 2168 saepe
1114 2123 1281 2156 facierum
1303 2122 1486 2156 tollantur.
1537 2120 1586 2152 lta
1608 2117 1663 2152 hic
1679 2120 1774 2153 iubet
1794 2117 1954 2153 Christus
1971 2120 2099 2153 auferri

75 2174 173 2206 alias.
1114 2175 1220 2207 stolas
1242 2180 1275 2206 et
1297 2173 1466 2215 tegmina,
1494 2171 1621 2216 quibus
1647 2171 1804 2203 involuta
1827 2177 1925 2203 erant
1943 2170 2101 2203 membra

176 2222 230 2258 Ac
253 2225 395 2258 tandem
421 2237 598 2268 emergens
620 2223 784 2260 Christus
808 2238 847 2259 ex
871 2223 936 2259 hac
960 2226 1063 2265 lucta,
1114 2225 1250 2259 Lazari.
1304 2223 1514 2265 Congruunt
1531 2222 1639 2264 igitur
1657 2221 1824 2263 imagines
1842 2221 1876 2252 in
1893 2218 1995 2253 Esaia
2012 2228 2043 2254 et
2062 2221 2099 2253 in

75 2275 199 2323 incipit
217 2276 343 2319 gratias
359 2287 460 2318 agere
478 2277 586 2321 patri,
614 2278 705 2322 quod
725 2277 919 2310 exaudierit
938 2277 1062 2321 ipsum.
1117 2274 1261 2308 historia
1281 2274 1423 2313 Lazari,
1452 2281 1485 2307 et
1508 2285 1562 2305 res
1583 2272 1703 2304 cadem
1729 2272 1764 2303 in
1786 2279 1932 2316 utraque
1950 2271 2100 2304 lectione

76 2325 172 2359 Haec
198 2327 302 2360 verba
326 2334 500 2360 testantur
524 2328 657 2372 priores
679 2328 759 2360 illos
784 2328 923 2360 dolores
940 2340 979 2360 ac
995 2328 1062 2359 sre-
1115 2327 1341 2368 significatur.
1393 2325 1508 2364 Stola,
1537 2335 1603 2368 qua
1628 2333 1747 2354 sumus
1768 2322 1948 2365 impliciti,
1975 2322 2098 2355 abiici-

78 2377 184 2410 mitus
207 2378 314 2410 fuisse
337 2378 446 2410 animi
473 2379 646 2422 precantis
664 2378 796 2415 Deum,
825 2385 857 2411 ct
877 2379 969 2410 inter
986 2390 1062 2422 pre—
1115 2385 1191 2417 tur,
1225 2377 1260 2410 id
1288 2384 1356 2416 est,
1383 2374 1540 2419 corporis
1567 2373 1678 2406 nostri
1701 2373 1923 2406 imbecillitas
1945 2380 1977 2407 et
2002 2385 2099 2405 mor—

78 2428 228 2461 candum
262 2430 489 2472 repugnantis
524 2430 666 2462 diabolo
699 2429 882 2462 obiicienti
915 2428 1062 2473 impedi—
1117 2429 1229 2462 talitas
1259 2428 1414 2466 exuitur,
1449 2433 1481 2459 et
1513 2436 1604 2456 nova
1631 2430 1740 2461 veste,
1774 2423 1808 2455 id
1837 2430 1905 2466 est,
1941 2425 2098 2466 corporis

79 2486 205 2512 menta.
257 2478 302 2513 Et
325 2481 422 2513 addit
445 2481 481 2512 in
501 2480 569 2512 fine
594 2492 731 2513 causam
759 2479 988 2523 principalem
1009 2486 1062 2512 to-
1117 2480 1297 2511 vivacitate
1324 2488 1509 2515 ornamur,
1536 2486 1625 2519 quae
1641 2481 1759 2507 cernet
1776 2474 1887 2506 oculis
1901 2472 2038 2512 Deum,
2066 2482 2099 2508 et

81 2529 151 2560 tius
167 2530 266 2570 facti,
293 2542 389 2562 suam
411 2531 670 2564 invocationem
691 2532 814 2563 factam
833 2542 922 2569 esse,
948 2537 988 2563 ut
1003 2542 1062 2573 ap-
1115 2530 1251 2562 ardebit
1274 2529 1427 2561 motibus
1450 2525 1706 2570 spiritualibus.
1759 2524 1854 2558 Haec
1871 2525 1964 2558 utin
1983 2526 2099 2559 verbis

80 2586 201 2624 pareat
216 2592 268 2620 se,
295 2593 382 2625 quae
398 2582 545 2614 faciebat
564 2581 716 2625 potentia
734 2579 839 2614 huius
856 2579 939 2621 Dei,
965 2582 1063 2614 cuius
1114 2580 1257 2620 Esaiae,
1284 2581 1330 2612 ita
1349 2579 1385 2610 in
1403 2575 1547 2610 historia
1564 2574 1687 2608 Lazari
1704 2575 1894 2618 significata
1910 2581 2010 2612 sunt.
2037 2578 2096 2608 sed

80 2629 116 2660 in
150 2627 215 2662 hoc
242 2632 371 2674 populo
405 2633 564 2665 doctrina
591 2633 718 2665 tradita
743 2639 833 2670 erat,
866 2632 997 2672 facere,
1031 2640 1061 2665 et
1116 2643 1234 2664 revera
1266 2630 1366 2669 fient,
1397 2640 1476 2661 cum
1509 2627 1619 2660 sancti
1648 2626 1686 2658 in
1719 2625 1910 2659 universali
1943 2639 2098 2660 resurre-

80 2677 172 2714 hanc
204 2683 501 2716 resuscitationem
531 2684 606 2716 fieri
630 2684 672 2716 ad
696 2682 971 2716 confirmandam
998 2683 1062 2715 do-
1116 2683 1229 2716 ctione
1250 2693 1339 2713 nova
1358 2687 1387 2713 et
1408 2687 1572 2724 perpetua
1591 2677 1703 2719 gloria
1722 2677 1925 2711 vestientur.

1511 2731 1554 2763 17
1575 2729 1588 2744 “¹
