2415 2942
97 130 170 168 573
286 128 386 166 XIII.

439 130 482 165 2.χ
509 126 874 166 COMMENTARII
899 129 949 165 IN
975 129 1129 167 EPIST.
1158 129 1305 169 PAULI
1333 133 1400 170 AD
1427 133 1690 174 ROMANOS.
1746 139 1850 175 CAP.
1880 139 1926 174 II.

2060 142 2135 178 574

97 217 182 252 locis
206 217 260 250 ius
283 222 429 249 naturae
458 214 545 250 cum'
565 216 747 260 decalogo,
784 216 844 261 qui
870 215 1013 260 quidem
1039 225 1089 252 est
1141 219 1399 263 ignorationem
1420 229 1450 255 et
1468 230 1682 258 contemtum
1702 222 1788 266 Dei,
1818 233 1850 260 et
1868 239 1988 261 omnes
2009 240 2133 272 pravas

96 269 226 313 optima
242 264 429 300 methodus
450 274 482 301 et
497 279 632 300 summa
650 268 766 311 legum
783 273 940 308 naturae,
963 268 991 301 si
1008 269 1087 313 quis

96 320 214 354 dextre
230 318 434 362 decalogum
454 318 641 361 intelligat.

336 418 450 468 Quod
465 417 747 468 haecfacienies
765 423 826 455 etc.

197 497 290 531 Mira
308 498 466 542 profecto
491 496 663 529 sententia
685 501 754 535 est,
780 496 873 540 quod
896 496 944 530 ait
966 494 1083 530 homi-

94 561 156 583 nes
198 549 407 582 naturaliter
438 547 661 588 intelligere,
703 546 829 588 dignos
863 555 976 580 morte
1007 560 1080 582 esse

93 612 235 641 omnes,
261 599 321 645 qui
351 598 484 631 violant
510 604 655 630 naturae
679 597 781 640 leges.
837 596 952 631 Facile
974 599 1079 633 intel-

90 652 152 694 ligi
179 657 292 695 potest
319 661 357 683 ea
376 648 501 683 delicta
522 660 638 681 severe
662 648 843 691 punienda
867 661 958 689 esse,
990 663 1078 695 quae

88 703 298 746 perturbant
328 711 549 733 communem
583 711 726 742 pacem,
761 705 799 733 ut
824 696 1017 734 homicidia
1047 709 1078 736 et

88 753 285 788 latrocinia.
332 750 452 795 Neque
470 749 564 782 enim
582 750 783 783 conservari
801 751 946 784 societas
963 752 1077 786 civilis

87 810 220 849 posset,
247 803 275 835 si
294 802 438 845 impune
464 801 582 833 liceret
608 813 730 844 rapere
753 801 906 834 aliorum
929 804 1077 837 faculta-

87 864 156 896 tes,
181 861 240 888 aut
256 854 411 886 insontes
428 849 590 884 homines
607 852 795 888 trucidare.
849 851 917 886 Hic
941 855 1075 888 utilitas

84 904 283 940 eommunis
300 902 484 936 admonuit
505 903 758 946 gubernatores
775 910 814 938 ut
833 917 963 948 poenas
989 918 1074 939 con-

86 956 282 990 stituerent.

182 1014 251 1049 Sed
277 1026 340 1047 cur
355 1013 487 1047 Paulus
510 1013 547 1046 in
573 1025 699 1057 genere
725 1015 766 1047 de
793 1015 960 1048 omnibus
978 1016 1073 1049 vitiis

84 1066 219 1111 inquit,
251 1065 348 1108 digni
377 1071 490 1098 morte
515 1072 616 1105 sunt,
653 1071 687 1097 et
709 1066 825 1108 turpia
850 1066 1015 1099 facientes
1041 1075 1073 1101 et

82 1116 350 1151 consentientes.
403 1114 462 1148 An
480 1115 621 1148 invidus
637 1116 841 1158 plectendus
858 1125 907 1150 est
932 1118 1072 1161 capitali

81 1167 226 1211 poena?
267 1166 502 1210 Respondeo:
545 1165 678 1198 Paulus
711 1179 784 1199 non
813 1168 974 1212 loquitur
1005 1166 1071 1202 boc

80 1219 158 1252 loco
184 1219 226 1251 de
250 1217 518 1261 magistratuum
542 1217 693 1257 iudicio,
726 1225 787 1251 aut
815 1219 858 1251 de
880 1219 1071 1263 suppliciis,

82 1281 171 1314 quae
188 1275 330 1313 propter
348 1279 465 1310 pacem
485 1274 518 1300 et
532 1268 719 1301 utilitatem
736 1280 957 1302 communem
978 1270 1067 1302 irro-

81 1326 208 1363 gantur
238 1319 435 1352 latronibus
460 1325 518 1351 aut
546 1319 824 1361 grassatoribus:
861 1321 920 1352 sed
950 1321 1067 1364 loqui-

78 1377 136 1404 tur
152 1371 194 1403 de
211 1370 347 1413 privato
367 1369 600 1401 conscientiae
617 1369 748 1401 iudicio
766 1369 802 1401 in
825 1370 984 1414 quolibet
1002 1369 1067 1403 ho-

77 1421 184 1455 mine.
237 1419 290 1452 Ac
309 1419 421 1452 multo
439 1419 543 1452 altius
560 1419 761 1462 introspicit
783 1427 935 1459 mentes,
962 1433 1065 1466 quam

76 1471 131 1504 vel
152 1469 337 1514 Epicurei,
365 1469 420 1501 vel
445 1466 667 1514 hypocritae,
696 1470 756 1515 qui
783 1471 894 1504 securi
919 1478 953 1505 et
977 1472 1065 1505 ebrii

75 1521 318 1564 voluptatibus
344 1532 417 1552 non
444 1527 525 1554 sunt
549 1521 680 1564 experti
701 1533 799 1554 veros
818 1534 963 1565 pavores
981 1535 1065 1555 con-

75 1573 249 1606 scientiae.
284 1570 365 1604 Non
382 1571 512 1604 iudicat
531 1570 616 1605 Saul
632 1583 667 1603 se
684 1579 795 1605 morte
813 1574 959 1616 dignum
981 1585 1065 1614 esse,

75 1636 155 1657 cum
180 1629 301 1656 contra
323 1623 528 1654 mandatum
548 1621 722 1655 Samuelis
739 1624 849 1666 parcit
866 1625 937 1667 regi
956 1625 1066 1668 capti-

72 1687 128 1710 vo.
188 1673 256 1707 Sed
292 1679 375 1705 tunc
409 1672 566 1714 agnoscit
591 1674 834 1716 conscientia,
879 1675 1065 1719 quodlibet

72 1732 254 1769 peccatum
282 1730 394 1757 morte
422 1724 569 1766 dignum
593 1735 684 1763 esse,
712 1736 792 1756 cum
817 1726 891 1758 veri
912 1732 1064 1760 terrores

72 1776 295 1809 incutiuntur
317 1774 455 1814 auimo,
490 1786 568 1807 cum
595 1775 689 1807 videt
709 1773 784 1807 Deo
810 1788 882 1808 non
908 1788 980 1810 esse
998 1777 1063 1810 ob-

71 1833 316 1871 temperatum.
378 1824 446 1857 Hic
463 1833 640 1868 peccatum
667 1832 705 1858 ut
731 1826 822 1859 infra
846 1826 998 1869 dicitur,
1025 1829 1062 1862 fit

70 1878 277 1912 excellenter
302 1888 400 1909 reum
424 1888 463 1908 ac
481 1877 702 1909 damnatum.

169 1935 284 1970 Adam
310 1947 390 1969 cum
418 1941 571 1978 gustaret
596 1947 740 1979 pomum
767 1943 888 1970 contra
912 1939 1060 1972 manda-

67 1997 161 2030 tum,
189 1987 410 2021 existimabat
435 1987 469 2019 id
494 1987 623 2019 sactum
655 1999 726 2020 non
751 1988 868 2030 magni
887 1991 1057 2023 momenti

69 2052 160 2080 esse,
185 2039 346 2071 nondum
375 2037 455 2071 illos
481 2035 671 2070 horribiles
696 2045 848 2072 terrores
873 2041 1054 2073 conscien-

69 2091 138 2124 tiae
155 2095 315 2131 expertus
333 2095 425 2126 erat,
454 2089 514 2132 qui
535 2095 682 2122 mortem
700 2090 877 2126 adferunt.
931 2090 1055 2125 Postea

68 2152 150 2174 vero
176 2139 382 2181 obiurgatus
412 2150 430 2170 a
455 2137 549 2179 Deo,
591 2140 735 2182 agnovit
766 2149 947 2184 peccatum
981 2155 1054 2176 esse

69 2197 284 2225 contemtum
311 2188 396 2229 Dei,
424 2189 530 2222 sensit
554 2189 655 2223 irasci
678 2189 812 2234 Deum,
841 2194 996 2237 expavit,
1021 2201 1054 2228 et

68 2242 241 2276 extinctus
263 2247 349 2274 esset
373 2240 616 2283 magnitudine
640 2241 792 2283 doloris,
833 2244 902 2277 nisi
931 2245 1051 2278 diviua

65 2292 297 2338 promissione
320 2303 359 2324 ex
384 2298 495 2324 morte
520 2297 702 2324 revocatus
728 2301 825 2327 esset.
877 2295 968 2337 Lex,
997 2297 1052 2329 in-

66 2345 143 2389 quit
160 2343 309 2381 Paulus,
344 2348 393 2375 est
418 2342 573 2385 potentia
601 2343 740 2386 peccati.
798 2344 847 2379 Ita
876 2346 928 2379 lex
947 2354 1049 2380 natu-

65 2406 123 2428 rae
137 2395 174 2427 iu
190 2394 367 2427 mentibus
385 2391 568 2427 hominum
588 2393 719 2427 iudicat
744 2401 777 2428 et
800 2396 945 2431 damnat
970 2410 1050 2441 pec—

65 2452 197 2486 catum,
240 2445 394 2478 ostendit
427 2443 540 2477 Deum
577 2444 679 2477 irasci
717 2446 860 2480 cuilibet
895 2455 1048 2491 peccam,

66 2508 145 2530 cum
169 2496 331 2530 videlicet
354 2507 434 2529 vere
461 2495 637 2534 cernitur,
679 2503 718 2530 ut
754 2497 792 2530 fit
817 2497 853 2530 in
881 2498 952 2531 illis
978 2506 1050 2533 ter-

64 2547 216 2581 roribus.

163 2604 216 2638 De
246 2602 312 2638 hoc
344 2617 425 2638 vero
458 2605 591 2639 iudicio
626 2607 862 2641 conscientiae
888 2608 1047 2654 loquitur

59 2656 116 2691 hic
133 2656 264 2690 Paulus
276 2682 284 2696 ,
311 2668 349 2689 ac
367 2657 508 2690 damnat
527 2669 599 2690 non
616 2658 730 2692 solum
749 2666 889 2693 externa
906 2661 1044 2702 delicta,

56 2710 115 2742 sed
156 2707 260 2742 etiam
295 2707 494 2742 universam
527 2708 789 2744 immunditiem
824 2711 1042 2752 interiorem,

1141 272 1362 315 cupiditates.
1422 272 1500 307 Etsi
1524 282 1639 309 autem
1657 277 1715 309 alii
1734 278 1878 311 affectus
1896 278 1933 311 in
1961 279 2039 313 aliis
2057 292 2133 313 ma-

1138 322 1189 363 gis
1216 331 1425 367 erumpunt,
1465 326 1526 357 alii
1558 327 1666 370 magis
1697 328 1884 372 indulgent
1918 331 2026 372 odiis,
2068 332 2129 364 alii

1138 372 1371 414 libidinibus,
1407 375 1467 407 alii
1493 377 1682 418 avariciae,
1718 386 1833 412 tamen
1863 382 1967 414 corda
1999 381 2130 426 impio-

1137 434 1216 455 rum
1241 425 1401 457 omnium
1426 433 1508 460 sunt
1532 427 1608 460 sine
1632 428 1757 461 timore
1776 429 1862 471 Dei,
1886 432 1960 464 sine
1984 433 2124 475 fiducia,

1134 474 1352 508 delectantur
1379 476 1497 519 impiis
1526 477 1756 521 opinionibus
1775 487 1808 514 et
1834 483 2030 525 erroribus,
2059 485 2126 517 de—

1132 525 1305 560 lectantur
1340 527 1519 571 aliquibus
1561 529 1803 572 voluptatibus
1839 533 2022 573 obscenis,
2061 536 2125 569 etsi

1130 577 1191 609 alii
1219 578 1297 610 aliis
1320 578 1563 620 diligentiores
1587 587 1669 613 sunt
1702 581 1738 614 iu
1773 582 1955 616 frenandis
1983 582 2037 617 his
2063 586 2121 619 in-

1131 628 1393 662 clinationibus.
1459 629 1506 663 Ut
1531 642 1604 662 non
1630 631 1712 665 facit
1733 634 1876 665 caedem
1902 633 2123 679 Pomponius

1132 677 1288 719 Atticus,
1329 681 1385 713 sed
1419 687 1535 713 tamen
1567 681 1732 715 voluutas
1762 690 1811 717 est
1839 696 1957 718 aversa
1982 697 2000 718 a
2028 687 2120 727 Deo,

1130 731 1324 764 delectatur
1346 731 1578 775 opinionibus
1597 729 1800 776 Epicureis,
1828 742 1886 768 aut
1903 735 2124 771 Academicis

1129 782 1172 814 de
1192 781 1287 822 Deo,
1315 782 1392 815 vult
1411 783 1566 816 suaviter
1591 784 1728 825 vivere,
1756 786 1893 830 quaerit
1916 788 2121 831 tranquilli-

1129 839 1232 866 tatem
1254 834 1329 866 sine
1345 833 1526 880 agnitione
1544 833 1622 868 Dei.
1682 834 1846 881 Denique
1865 837 1994 871 multos
2014 836 2120 874 habet

1127 890 1242 917 motus
1267 897 1285 918 a
1312 883 1387 917 Deo
1411 885 1639 919 aberrantes:
1684 884 1751 920 hoc
1778 888 1853 921 vult
1877 887 2009 922 Paulus
2040 902 2118 924 cum

1127 935 1270 969 damnat
1296 947 1369 968 non
1395 936 1507 968 solum
1535 936 1719 979 facientes,
1754 939 1814 972 sed
1843 939 1947 972 etiam
1969 952 2118 974 consen-

1127 986 1268 1027 tientes,
1289 984 1621 1026 συνευδοκοῦντας.
1656 988 1737 1022 Non
1755 990 1847 1022 enirn
1866 990 2023 1034 loquitur
2039 999 2118 1025 tan-

1127 1043 1198 1069 tum
1227 1038 1269 1070 de
1295 1034 1349 1070 his
1374 1037 1435 1081 qui
1459 1038 1629 1072 adiuvant
1658 1040 1808 1073 aliorum
1835 1041 1984 1081 scelera,
2013 1050 2050 1076 ut
2079 1044 2116 1076 in

1124 1088 1201 1120 foro
1226 1100 1435 1121 consensum
1463 1089 1762 1133 interpretantur,
1796 1093 1856 1124 sed
1882 1092 1925 1125 de
1950 1094 2116 1127 omnibus

1124 1139 1183 1183 qui
1199 1139 1374 1172 similibus
1391 1140 1494 1173 rebus
1511 1141 1748 1180 delectantur,
1776 1142 1812 1175 id
1838 1143 1932 1175 enim
1958 1151 2008 1177 est
2034 1157 2115 1188 pro-

1123 1190 1196 1232 prie
1223 1187 1472 1225 συνευδοκεῖν.
1525 1189 1572 1225 Et
1593 1189 1685 1226 hanc
1712 1193 1922 1227 sententiam
1946 1207 2026 1228 mox
2054 1208 2112 1229 ex-

1122 1248 1272 1284 aggerat.

1503 1342 1640 1396 Caput
1685 1344 1738 1386 ΙΙ.

1383 1419 1474 1455 Ideo
1500 1422 1768 1459 inexcusabilis
1793 1436 1839 1462 es-

1196 1486 1324 1523 Extare
1342 1489 1378 1522 in
1395 1488 1548 1524 Ecclesia
1566 1490 1657 1526 banc
1675 1494 1872 1527 doctrinam
1894 1496 1936 1528 de
1954 1496 2028 1540 lege
2045 1509 2108 1530 ne-

1117 1551 1209 1573 cesse
1235 1547 1303 1581 est,
1330 1543 1424 1585 quod
1449 1542 1502 1575 lex
1529 1542 1594 1575 Dei
1619 1557 1691 1577 non
1719 1552 1854 1578 tantum
1880 1553 2021 1581 externa
2048 1549 2109 1581 de-

1116 1591 1196 1624 licta
1216 1599 1352 1624 accuset
1370 1599 1402 1624 et
1417 1594 1570 1634 damnet,
1598 1597 1656 1627 sed
1678 1597 1782 1628 etiam
1802 1597 2006 1630 interiorem
2027 1610 2107 1642 pra-

1117 1642 1280 1682 vitatem,
1323 1643 1582 1676 dubitationem
1609 1646 1652 1678 de
1678 1645 1774 1685 Deo,
1810 1654 1843 1680 et
1865 1655 1996 1682 caetera
2021 1650 2107 1683 vitia

1115 1692 1231 1724 cordis
1255 1699 1288 1725 et
1311 1705 1433 1726 omnes
1461 1706 1586 1737 pravas
1614 1697 1835 1741 cupiditates.
1892 1698 1975 1732 Ideo
2001 1698 2106 1734 Chri-

1114 1749 1187 1776 stus
1212 1742 1340 1777 Matth.
1360 1742 1394 1779 5.
1429 1751 1521 1778 taxat
1549 1744 1777 1789 Pharisaeos,
1814 1750 1872 1793 qui
1902 1750 2012 1793 legem
2039 1751 2106 1785 Dei

1114 1800 1250 1827 tantum
1272 1795 1314 1828 de
1330 1797 1480 1828 externis
1496 1797 1595 1830 factis
1615 1798 1950 1843 interpretabantur.
2006 1801 2106 1836 Sicut

1114 1845 1204 1887 leges
1231 1845 1390 1888 politicas
1409 1847 1657 1890 intelligimus,
1685 1862 1723 1883 ac
1743 1851 1838 1885 addit
1857 1864 1984 1885 novam
2001 1864 2105 1886 enar-

1113 1897 1285 1928 rationem
1318 1898 1360 1930 de
1392 1898 1552 1931 interiori
1594 1901 1777 1944 pravitate.
1842 1902 1891 1936 lta
1923 1901 1990 1936 hoc
2025 1904 2103 1938 loco

1112 1946 1254 1987 Paulus,
1282 1955 1319 1981 ut
1338 1950 1497 1982 ostendat
1514 1962 1635 1984 omnes
1654 1949 1816 1986 homines
1834 1965 1906 1987 esse
1927 1966 2005 1987 reos
2022 1967 2102 1999 pec-

1111 1998 1198 2038 cati,
1223 2005 1262 2032 ut
1279 2006 1397 2043 postea
1415 2000 1526 2041 dicet,
1550 2010 1686 2036 accusat
1704 2004 1804 2037 etiam
1822 2017 1891 2042 eos,
1921 2006 1997 2050 qui,
2020 2006 2100 2051 quia

1109 2048 1184 2082 sine
1202 2056 1343 2082 externa
1370 2051 1593 2094 turpitudine
1618 2054 1762 2096 vivunt,
1791 2063 1913 2099 putant
1932 2068 1966 2089 se
1991 2057 2101 2090 iustos

1109 2111 1181 2133 esse
1200 2108 1344 2145 propter
1359 2102 1440 2135 illos
1458 2102 1579 2136 civiles
1595 2117 1722 2141 mores.

1210 2149 1445 2186 Observanda
1478 2161 1527 2188 est
1560 2162 1675 2189 autem
1711 2157 1816 2190 series
1842 2158 2015 2201 partium,
2060 2166 2096 2192 ut

1107 2201 1231 2235 melius
1265 2203 1415 2248 intelligi
1447 2205 1556 2248 possit
1590 2208 1685 2240 unde
1710 2209 1845 2241 oriatur
1874 2209 2016 2242 initium
2043 2221 2097 2242 se-

1105 2253 1212 2285 cundi
1231 2254 1364 2298 capitis,
1393 2257 1485 2300 quod
1506 2264 1556 2291 est
1574 2259 1765 2299 conclusio,
1794 2271 1956 2293 accusans
1973 2273 2096 2294 omnes

1105 2304 1166 2347 qui
1191 2315 1225 2337 se
1250 2312 1395 2349 propter
1420 2306 1538 2340 civiles
1561 2320 1675 2342 mores
1699 2310 1857 2343 iudicant
1878 2323 1950 2344 esse
1973 2311 2093 2347 iustos.

1104 2352 1167 2388 Est
1192 2356 1284 2388 enim
1309 2357 1533 2401 syllogismus
1556 2359 1714 2401 integer,
1754 2362 1868 2394 maior
1900 2363 2093 2406 propositio

1103 2405 1269 2440 recitatur
1285 2407 1322 2439 in
1345 2408 1413 2441 fine
1430 2409 1569 2453 capitis:
1604 2409 1712 2453 Digni
1731 2419 1844 2446 morte
1861 2420 1942 2447 sunt
1961 2426 2093 2454 omnes,

1102 2462 1176 2489 tum
1200 2458 1290 2492 sacta
1307 2458 1437 2492 iniusta
1456 2467 1713 2503 perpetrantes,
1742 2469 1815 2496 tum
1835 2465 2093 2499 consentientes

1101 2507 1328 2549 facientibus,
1355 2521 1414 2543 seu
1431 2510 1491 2555 qui
1509 2511 1640 2545 similes
1656 2513 1864 2556 cupiditates
1882 2513 2023 2551 habent.

1202 2559 1370 2605 Sequitur
1391 2562 1509 2594 minor
1532 2562 1570 2594 in
1595 2565 1749 2597 secundo
1777 2566 1905 2608 capite:
1949 2566 2005 2600 Tu
2029 2569 2089 2613 qui

1101 2609 1233 2643 iudicas
1261 2611 1431 2651 alterum,
1458 2613 1579 2646 eadem
1603 2614 1705 2654 facis,
1735 2616 1771 2649 id
1796 2623 1867 2657 est,
1896 2616 1968 2660 Qui
1989 2631 2087 2662 prae-

1098 2661 1193 2694 ditus
1210 2663 1368 2695 moribus
1390 2663 1572 2703 civilibus,
1600 2665 1746 2700 damnat
1765 2679 1823 2700 eos
1841 2674 1997 2710 tantum,
2023 2671 2087 2715 qui

1097 2712 1241 2747 obnoxii
1260 2719 1340 2747 sunt
1356 2714 1561 2750 manifestae
1584 2717 1822 2765 turpitudini,
1849 2731 1914 2754 nec
1940 2720 2086 2756 damnat
