<?xml version="1.0" encoding="UTF-8"?>
<!DOCTYPE html PUBLIC "-//W3C//DTD XHTML 1.0 Transitional//EN"
    "http://www.w3.org/TR/xhtml1/DTD/xhtml1-transitional.dtd">
<html xmlns="http://www.w3.org/1999/xhtml" xml:lang="en" lang="en">
 <head>
  <title>
</title>
<meta http-equiv="Content-Type" content="text/html;charset=utf-8" />
  <meta name='ocr-system' content='tesseract 3.04.00' />
  <meta name='ocr-capabilities' content='ocr_page ocr_carea ocr_par ocr_line ocrx_word'/>
</head>
<body>
  <div class='ocr_page' id='page_1' title='image "./operaquaesupersu15melauoft/operaquaesupersu15melauoft_0036.png"; bbox 0 0 2415 2942; ppageno 0'>
   <div class='ocr_carea' id='block_1_1' title="bbox 302 121 349 155">
    <p class='ocr_par' dir='ltr' id='par_1_1' title="bbox 302 121 349 155">
     <span class='ocr_line' id='line_1_1' title="bbox 302 121 349 155; baseline 0 0"><span class='ocrx_word' id='word_1_1' title='bbox 302 121 349 155; x_wconf 87' lang='lat'>55</span> 
     </span>
    </p>
   </div>
   <div class='ocr_carea' id='block_1_2' title="bbox 307 196 1291 2666">
    <p class='ocr_par' dir='ltr' id='par_1_2' title="bbox 307 196 1290 1046">
     <span class='ocr_line' id='line_1_2' title="bbox 308 196 1285 246; baseline -0.013 -5"><span class='ocrx_word' id='word_1_2' title='bbox 308 216 364 240; x_wconf 91' lang='lat' dir='ltr'>tur</span> <span class='ocrx_word' id='word_1_3' title='bbox 387 220 404 240; x_wconf 86' lang='lat' dir='ltr'>a</span> <span class='ocrx_word' id='word_1_4' title='bbox 428 205 604 240; x_wconf 88' lang='lat' dir='ltr'>communi</span> <span class='ocrx_word' id='word_1_5' title='bbox 633 201 851 246; x_wconf 85' lang='lat' dir='ltr'>loquentium</span> <span class='ocrx_word' id='word_1_6' title='bbox 873 197 1145 236; x_wconf 89' lang='lat' dir='ltr'>consuetudine,</span> <span class='ocrx_word' id='word_1_7' title='bbox 1171 196 1285 229; x_wconf 82' lang='lat' dir='ltr'>dicere</span> 
     </span>
     <span class='ocr_line' id='line_1_3' title="bbox 308 246 1286 304; baseline -0.012 -13"><span class='ocrx_word' id='word_1_8' title='bbox 308 259 417 304; x_wconf 58' lang='grc' dir='ltr'><em>λόγον</em></span> <span class='ocrx_word' id='word_1_9' title='bbox 441 267 634 300; x_wconf 81' lang='lat' dir='ltr'><strong>personam.</strong></span> <span class='ocrx_word' id='word_1_10' title='bbox 687 252 768 284; x_wconf 84' lang='lat' dir='ltr'>Ideo</span> <span class='ocrx_word' id='word_1_11' title='bbox 791 255 900 282; x_wconf 85' lang='lat' dir='ltr'>astute</span> <span class='ocrx_word' id='word_1_12' title='bbox 924 247 1106 280; x_wconf 78' lang='lat' dir='ltr'>contendit</span> <span class='ocrx_word' id='word_1_13' title='bbox 1124 246 1286 281; x_wconf 75' lang='lat' dir='ltr'>Samosa—</span> 
     </span>
     <span class='ocr_line' id='line_1_4' title="bbox 308 297 1285 347; baseline -0.01 -7"><span class='ocrx_word' id='word_1_14' title='bbox 308 317 426 347; x_wconf 69' lang='lat' dir='ltr'>tenus,</span> <span class='ocrx_word' id='word_1_15' title='bbox 462 305 551 339; x_wconf 82' lang='lat' dir='ltr'>nihil</span> <span class='ocrx_word' id='word_1_16' title='bbox 576 314 663 347; x_wconf 88' lang='lat' dir='ltr'>opus</span> <span class='ocrx_word' id='word_1_17' title='bbox 688 312 759 334; x_wconf 86' lang='lat' dir='ltr'>esse</span> <span class='ocrx_word' id='word_1_18' title='bbox 785 297 848 331; x_wconf 77' lang='lat' dir='ltr'>hac</span> <span class='ocrx_word' id='word_1_19' title='bbox 872 298 1053 342; x_wconf 83' lang='lat' dir='ltr'>peregrina</span> <span class='ocrx_word' id='word_1_20' title='bbox 1078 298 1285 341; x_wconf 87' lang='lat' dir='ltr'>interpreta-</span> 
     </span>
     <span class='ocr_line' id='line_1_5' title="bbox 308 348 1285 397; baseline -0.012 -6"><span class='ocrx_word' id='word_1_21' title='bbox 308 359 417 397; x_wconf 89' lang='lat' dir='ltr'>tione,</span> <span class='ocrx_word' id='word_1_22' title='bbox 454 369 491 389; x_wconf 90' lang='lat' dir='ltr'>ac</span> <span class='ocrx_word' id='word_1_23' title='bbox 525 353 740 387; x_wconf 73' lang='lat' dir='ltr'>retinendam</span> <span class='ocrx_word' id='word_1_24' title='bbox 775 361 845 381; x_wconf 83' lang='lat' dir='ltr'>esse</span> <span class='ocrx_word' id='word_1_25' title='bbox 871 360 1091 381; x_wconf 89' lang='lat' dir='ltr'>communem</span> <span class='ocrx_word' id='word_1_26' title='bbox 1118 348 1285 393; x_wconf 79' lang='lat' dir='ltr'>loquendi</span> 
     </span>
     <span class='ocr_line' id='line_1_6' title="bbox 309 397 1285 447; baseline -0.012 -6"><span class='ocrx_word' id='word_1_27' title='bbox 309 405 616 443; x_wconf 75' lang='lat' dir='ltr'>consuetudinem,</span> <span class='ocrx_word' id='word_1_28' title='bbox 644 408 676 434; x_wconf 90' lang='lat' dir='ltr'>et</span> <span class='ocrx_word' id='word_1_29' title='bbox 701 397 810 447; x_wconf 63' lang='grc' dir='ltr'><em>λόγον</em></span> <span class='ocrx_word' id='word_1_30' title='bbox 837 399 985 442; x_wconf 80' lang='lat' dir='ltr'>intelligi</span> <span class='ocrx_word' id='word_1_31' title='bbox 1012 399 1124 432; x_wconf 88' lang='lat' dir='ltr'>voluit</span> <span class='ocrx_word' id='word_1_32' title='bbox 1150 406 1285 432; x_wconf 81' lang='lat' dir='ltr'>tantuin</span> 
     </span>
     <span class='ocr_line' id='line_1_7' title="bbox 307 450 1285 497; baseline -0.01 -8"><span class='ocrx_word' id='word_1_33' title='bbox 307 462 349 490; x_wconf 81' lang='lat' dir='ltr'>de</span> <span class='ocrx_word' id='word_1_34' title='bbox 375 456 601 497; x_wconf 71' lang='lat' dir='ltr'>cogitatione,</span> <span class='ocrx_word' id='word_1_35' title='bbox 633 464 693 485; x_wconf 90' lang='lat' dir='ltr'>seu</span> <span class='ocrx_word' id='word_1_36' title='bbox 716 450 989 490; x_wconf 81' lang='lat' dir='ltr'>deliberatione,</span> <span class='ocrx_word' id='word_1_37' title='bbox 1021 461 1080 482; x_wconf 89' lang='lat' dir='ltr'>seu</span> <span class='ocrx_word' id='word_1_38' title='bbox 1107 450 1285 493; x_wconf 88' lang='lat' dir='ltr'>proposito</span> 
     </span>
     <span class='ocr_line' id='line_1_8' title="bbox 308 499 1286 546; baseline -0.009 -7"><span class='ocrx_word' id='word_1_39' title='bbox 308 508 343 539; x_wconf 90' lang='lat' dir='ltr'>in</span> <span class='ocrx_word' id='word_1_40' title='bbox 365 513 478 539; x_wconf 82' lang='lat' dir='ltr'>mente</span> <span class='ocrx_word' id='word_1_41' title='bbox 495 505 632 543; x_wconf 64' lang='lat' dir='ltr'>divina,</span> <span class='ocrx_word' id='word_1_42' title='bbox 659 502 752 546; x_wconf 89' lang='lat' dir='ltr'>quod</span> <span class='ocrx_word' id='word_1_43' title='bbox 776 513 847 533; x_wconf 89' lang='lat' dir='ltr'>non</span> <span class='ocrx_word' id='word_1_44' title='bbox 873 500 917 532; x_wconf 91' lang='lat' dir='ltr'>sit</span> <span class='ocrx_word' id='word_1_45' title='bbox 941 511 1106 544; x_wconf 87' lang='lat' dir='ltr'>persona,</span> <span class='ocrx_word' id='word_1_46' title='bbox 1132 511 1190 533; x_wconf 83' lang='lat' dir='ltr'>seu</span> <span class='ocrx_word' id='word_1_47' title='bbox 1215 499 1286 532; x_wconf 83' lang='lat' dir='ltr'>exi-</span> 
     </span>
     <span class='ocr_line' id='line_1_9' title="bbox 308 550 1288 594; baseline -0.009 -4"><span class='ocrx_word' id='word_1_48' title='bbox 308 565 400 590; x_wconf 83' lang='lat' dir='ltr'>stens</span> <span class='ocrx_word' id='word_1_49' title='bbox 419 553 631 594; x_wconf 64' lang='grc' dir='ltr'>ὑπόστασις,</span> <span class='ocrx_word' id='word_1_50' title='bbox 657 553 821 585; x_wconf 89' lang='lat' dir='ltr'>distincta</span> <span class='ocrx_word' id='word_1_51' title='bbox 839 563 856 583; x_wconf 90' lang='lat' dir='ltr'>a</span> <span class='ocrx_word' id='word_1_52' title='bbox 873 557 979 593; x_wconf 87' lang='lat' dir='ltr'>patre.</span> <span class='ocrx_word' id='word_1_53' title='bbox 1014 550 1134 590; x_wconf 85' lang='lat' dir='ltr'>Pater,</span> <span class='ocrx_word' id='word_1_54' title='bbox 1161 550 1288 594; x_wconf 77' lang='lat' dir='ltr'>inquit,</span> 
     </span>
     <span class='ocr_line' id='line_1_10' title="bbox 309 601 1287 645; baseline -0.009 -5"><span class='ocrx_word' id='word_1_55' title='bbox 309 608 352 640; x_wconf 83' lang='lat' dir='ltr'>ab</span> <span class='ocrx_word' id='word_1_56' title='bbox 369 614 509 640; x_wconf 84' lang='lat' dir='ltr'>aeterno</span> <span class='ocrx_word' id='word_1_57' title='bbox 527 605 724 638; x_wconf 78' lang='lat' dir='ltr'>deliberans</span> <span class='ocrx_word' id='word_1_58' title='bbox 740 601 910 641; x_wconf 82' lang='lat' dir='ltr'>decrevit,</span> <span class='ocrx_word' id='word_1_59' title='bbox 934 602 1028 645; x_wconf 82' lang='lat' dir='ltr'>quod</span> <span class='ocrx_word' id='word_1_60' title='bbox 1046 613 1080 633; x_wconf 91' lang='lat' dir='ltr'>se</span> <span class='ocrx_word' id='word_1_61' title='bbox 1099 601 1287 644; x_wconf 85' lang='lat' dir='ltr'>patefactu-</span> 
     </span>
     <span class='ocr_line' id='line_1_11' title="bbox 309 652 1288 699; baseline -0.01 -8"><span class='ocrx_word' id='word_1_62' title='bbox 309 669 368 691; x_wconf 85' lang='lat' dir='ltr'>rus</span> <span class='ocrx_word' id='word_1_63' title='bbox 386 664 482 695; x_wconf 83' lang='lat' dir='ltr'>esset,</span> <span class='ocrx_word' id='word_1_64' title='bbox 509 667 654 699; x_wconf 87' lang='lat' dir='ltr'>eamque</span> <span class='ocrx_word' id='word_1_65' title='bbox 671 654 716 686; x_wconf 91' lang='lat' dir='ltr'>ob</span> <span class='ocrx_word' id='word_1_66' title='bbox 732 663 868 686; x_wconf 86' lang='lat' dir='ltr'>causam</span> <span class='ocrx_word' id='word_1_67' title='bbox 884 652 1090 684; x_wconf 90' lang='lat' dir='ltr'>conditurus</span> <span class='ocrx_word' id='word_1_68' title='bbox 1105 652 1288 689; x_wconf 89' lang='lat' dir='ltr'>mundum,</span> 
     </span>
     <span class='ocr_line' id='line_1_12' title="bbox 311 701 1288 748; baseline -0.009 -7"><span class='ocrx_word' id='word_1_69' title='bbox 311 716 343 742; x_wconf 87' lang='lat' dir='ltr'>et</span> <span class='ocrx_word' id='word_1_70' title='bbox 369 706 549 744; x_wconf 81' lang='lat' dir='ltr'>homines,</span> <span class='ocrx_word' id='word_1_71' title='bbox 590 712 623 738; x_wconf 83' lang='lat' dir='ltr'>et</span> <span class='ocrx_word' id='word_1_72' title='bbox 648 716 710 748; x_wconf 89' lang='lat' dir='ltr'>pro</span> <span class='ocrx_word' id='word_1_73' title='bbox 736 701 922 736; x_wconf 85' lang='lat' dir='ltr'>homiuum</span> <span class='ocrx_word' id='word_1_74' title='bbox 950 702 1097 745; x_wconf 86' lang='lat' dir='ltr'>peccatis</span> <span class='ocrx_word' id='word_1_75' title='bbox 1118 702 1288 734; x_wconf 85' lang='lat' dir='ltr'>missurus</span> 
     </span>
     <span class='ocr_line' id='line_1_13' title="bbox 310 753 1289 796; baseline -0.008 -6"><span class='ocrx_word' id='word_1_76' title='bbox 310 758 497 792; x_wconf 70' lang='lat' dir='ltr'>victimam.</span> <span class='ocrx_word' id='word_1_77' title='bbox 532 755 608 789; x_wconf 88' lang='lat' dir='ltr'>Hoc</span> <span class='ocrx_word' id='word_1_78' title='bbox 626 757 801 788; x_wconf 87' lang='lat' dir='ltr'>decretum</span> <span class='ocrx_word' id='word_1_79' title='bbox 819 764 890 785; x_wconf 91' lang='lat' dir='ltr'>non</span> <span class='ocrx_word' id='word_1_80' title='bbox 905 764 1106 796; x_wconf 86' lang='lat' dir='ltr'>personam,</span> <span class='ocrx_word' id='word_1_81' title='bbox 1132 753 1189 785; x_wconf 90' lang='lat' dir='ltr'>sed</span> <span class='ocrx_word' id='word_1_82' title='bbox 1210 757 1289 784; x_wconf 82' lang='lat' dir='ltr'>tan-</span> 
     </span>
     <span class='ocr_line' id='line_1_14' title="bbox 312 800 1289 851; baseline -0.01 -9"><span class='ocrx_word' id='word_1_83' title='bbox 312 817 385 842; x_wconf 91' lang='lat' dir='ltr'>tum</span> <span class='ocrx_word' id='word_1_84' title='bbox 405 807 621 851; x_wconf 89' lang='lat' dir='ltr'>propositum</span> <span class='ocrx_word' id='word_1_85' title='bbox 640 807 676 838; x_wconf 92' lang='lat' dir='ltr'>in</span> <span class='ocrx_word' id='word_1_86' title='bbox 693 810 808 837; x_wconf 86' lang='lat' dir='ltr'>mente</span> <span class='ocrx_word' id='word_1_87' title='bbox 826 803 942 846; x_wconf 86' lang='lat' dir='ltr'>patris,</span> <span class='ocrx_word' id='word_1_88' title='bbox 970 800 1025 835; x_wconf 81' lang='lat' dir='ltr'>hic</span> <span class='ocrx_word' id='word_1_89' title='bbox 1041 803 1289 846; x_wconf 83' lang='lat' dir='ltr'>interpretatus</span> 
     </span>
     <span class='ocr_line' id='line_1_15' title="bbox 312 852 1288 906; baseline -0.01 -13"><span class='ocrx_word' id='word_1_90' title='bbox 312 866 361 893; x_wconf 84' lang='lat' dir='ltr'>est</span> <span class='ocrx_word' id='word_1_91' title='bbox 387 856 509 906; x_wconf 63' lang='grc' dir='ltr'><em>λόγον.</em></span> <span class='ocrx_word' id='word_1_92' title='bbox 562 856 655 889; x_wconf 86' lang='lat' dir='ltr'>Ilaec</span> <span class='ocrx_word' id='word_1_93' title='bbox 678 854 879 897; x_wconf 89' lang='lat' dir='ltr'>imaginatio</span> <span class='ocrx_word' id='word_1_94' title='bbox 906 853 1100 896; x_wconf 86' lang='lat' dir='ltr'>plausibilis</span> <span class='ocrx_word' id='word_1_95' title='bbox 1124 859 1174 885; x_wconf 88' lang='lat' dir='ltr'>est</span> <span class='ocrx_word' id='word_1_96' title='bbox 1196 852 1288 894; x_wconf 89' lang='lat' dir='ltr'>apud</span> 
     </span>
     <span class='ocr_line' id='line_1_16' title="bbox 312 901 1290 954; baseline -0.008 -11"><span class='ocrx_word' id='word_1_97' title='bbox 312 910 496 954; x_wconf 85' lang='lat' dir='ltr'>profanos,</span> <span class='ocrx_word' id='word_1_98' title='bbox 524 915 555 941; x_wconf 91' lang='lat' dir='ltr'>et</span> <span class='ocrx_word' id='word_1_99' title='bbox 573 917 690 940; x_wconf 86' lang='lat' dir='ltr'>recens</span> <span class='ocrx_word' id='word_1_100' title='bbox 707 911 872 938; x_wconf 81' lang='lat' dir='ltr'>renovata</span> <span class='ocrx_word' id='word_1_101' title='bbox 890 910 938 936; x_wconf 86' lang='lat' dir='ltr'>est</span> <span class='ocrx_word' id='word_1_102' title='bbox 955 915 973 935; x_wconf 85' lang='lat' dir='ltr'>a</span> <span class='ocrx_word' id='word_1_103' title='bbox 991 902 1146 937; x_wconf 70' lang='lat' dir='ltr'>Serveto.</span> <span class='ocrx_word' id='word_1_104' title='bbox 1198 901 1290 935; x_wconf 86' lang='lat' dir='ltr'>Sunt</span> 
     </span>
     <span class='ocr_line' id='line_1_17' title="bbox 312 949 1290 1003; baseline -0.009 -10"><span class='ocrx_word' id='word_1_105' title='bbox 312 961 419 1003; x_wconf 82' lang='lat' dir='ltr'>igitur</span> <span class='ocrx_word' id='word_1_106' title='bbox 438 958 605 991; x_wconf 86' lang='lat' dir='ltr'>monendi</span> <span class='ocrx_word' id='word_1_107' title='bbox 628 957 697 1000; x_wconf 89' lang='lat' dir='ltr'>pii,</span> <span class='ocrx_word' id='word_1_108' title='bbox 732 955 817 999; x_wconf 88' lang='lat' dir='ltr'>quid</span> <span class='ocrx_word' id='word_1_109' title='bbox 838 965 974 996; x_wconf 81' lang='lat' dir='ltr'>semper</span> <span class='ocrx_word' id='word_1_110' title='bbox 989 951 1143 986; x_wconf 83' lang='lat' dir='ltr'>Ecclesia</span> <span class='ocrx_word' id='word_1_111' title='bbox 1157 949 1290 986; x_wconf 83' lang='lat' dir='ltr'>Christi</span> 
     </span>
     <span class='ocr_line' id='line_1_18' title="bbox 311 1004 1085 1046; baseline -0.006 -3"><span class='ocrx_word' id='word_1_112' title='bbox 311 1010 474 1046; x_wconf 80' lang='lat' dir='ltr'>senserit,</span> <span class='ocrx_word' id='word_1_113' title='bbox 503 1016 535 1041; x_wconf 87' lang='lat' dir='ltr'>et</span> <span class='ocrx_word' id='word_1_114' title='bbox 551 1007 650 1041; x_wconf 83' lang='lat' dir='ltr'>firma</span> <span class='ocrx_word' id='word_1_115' title='bbox 667 1005 865 1040; x_wconf 88' lang='lat' dir='ltr'>testimonia</span> <span class='ocrx_word' id='word_1_116' title='bbox 880 1004 1085 1046; x_wconf 87' lang='lat' dir='ltr'>colligenda.</span> 
     </span>
    </p>

    <p class='ocr_par' dir='ltr' id='par_1_3' title="bbox 309 1054 1291 2011">
     <span class='ocr_line' id='line_1_19' title="bbox 412 1054 1290 1098; baseline -0.007 -6"><span class='ocrx_word' id='word_1_117' title='bbox 412 1059 599 1093; x_wconf 86' lang='lat' dir='ltr'>Sumamus</span> <span class='ocrx_word' id='word_1_118' title='bbox 639 1062 754 1090; x_wconf 86' lang='lat' dir='ltr'>autem</span> <span class='ocrx_word' id='word_1_119' title='bbox 794 1055 946 1098; x_wconf 90' lang='lat' dir='ltr'>primum</span> <span class='ocrx_word' id='word_1_120' title='bbox 978 1054 1219 1087; x_wconf 84' lang='lat' dir='ltr'>testimonium</span> <span class='ocrx_word' id='word_1_121' title='bbox 1250 1065 1290 1086; x_wconf 87' lang='lat' dir='ltr'>ex</span> 
     </span>
     <span class='ocr_line' id='line_1_20' title="bbox 312 1101 1290 1155; baseline -0.007 -11"><span class='ocrx_word' id='word_1_122' title='bbox 312 1112 387 1155; x_wconf 90' lang='lat' dir='ltr'>ipso</span> <span class='ocrx_word' id='word_1_123' title='bbox 401 1116 496 1143; x_wconf 84' lang='lat' dir='ltr'>textu</span> <span class='ocrx_word' id='word_1_124' title='bbox 515 1108 667 1142; x_wconf 88' lang='lat' dir='ltr'>loannis.</span> <span class='ocrx_word' id='word_1_125' title='bbox 711 1104 817 1148; x_wconf 85' lang='lat' dir='ltr'>Quod</span> <span class='ocrx_word' id='word_1_126' title='bbox 835 1101 940 1152; x_wconf 73' lang='grc' dir='ltr'><em>λόγος</em></span> <span class='ocrx_word' id='word_1_127' title='bbox 957 1117 1028 1136; x_wconf 89' lang='lat' dir='ltr'>non</span> <span class='ocrx_word' id='word_1_128' title='bbox 1048 1105 1216 1148; x_wconf 82' lang='lat' dir='ltr'>significet</span> <span class='ocrx_word' id='word_1_129' title='bbox 1232 1116 1290 1137; x_wconf 91' lang='lat' dir='ltr'>co-</span> 
     </span>
     <span class='ocr_line' id='line_1_21' title="bbox 311 1161 1291 1205; baseline -0.008 -11"><span class='ocrx_word' id='word_1_130' title='bbox 311 1162 533 1205; x_wconf 84' lang='lat' dir='ltr'>gitationem,</span> <span class='ocrx_word' id='word_1_131' title='bbox 567 1169 654 1203; x_wconf 87' lang='lat' dir='ltr'>quae</span> <span class='ocrx_word' id='word_1_132' title='bbox 678 1163 728 1189; x_wconf 90' lang='lat' dir='ltr'>est</span> <span class='ocrx_word' id='word_1_133' title='bbox 752 1162 868 1199; x_wconf 82' lang='lat' dir='ltr'>pater,</span> <span class='ocrx_word' id='word_1_134' title='bbox 894 1167 957 1187; x_wconf 90' lang='lat' dir='ltr'>nec</span> <span class='ocrx_word' id='word_1_135' title='bbox 973 1161 1212 1189; x_wconf 83' lang='lat' dir='ltr'>transeuntem</span> <span class='ocrx_word' id='word_1_136' title='bbox 1228 1167 1291 1187; x_wconf 84' lang='lat' dir='ltr'>vo-</span> 
     </span>
     <span class='ocr_line' id='line_1_22' title="bbox 312 1204 1290 1254; baseline -0.008 -9"><span class='ocrx_word' id='word_1_137' title='bbox 312 1225 402 1252; x_wconf 92' lang='lat' dir='ltr'>cem,</span> <span class='ocrx_word' id='word_1_138' title='bbox 433 1210 585 1254; x_wconf 89' lang='lat' dir='ltr'>primum</span> <span class='ocrx_word' id='word_1_139' title='bbox 613 1220 652 1241; x_wconf 85' lang='lat' dir='ltr'>ex</span> <span class='ocrx_word' id='word_1_140' title='bbox 676 1204 742 1240; x_wconf 88' lang='lat' dir='ltr'>hoc</span> <span class='ocrx_word' id='word_1_141' title='bbox 765 1206 857 1238; x_wconf 88' lang='lat' dir='ltr'>dicto</span> <span class='ocrx_word' id='word_1_142' title='bbox 883 1205 1123 1238; x_wconf 82' lang='lat' dir='ltr'>confirmatur:</span> <span class='ocrx_word' id='word_1_143' title='bbox 1150 1205 1195 1238; x_wconf 87' lang='lat' dir='ltr'>Et</span> <span class='ocrx_word' id='word_1_144' title='bbox 1213 1217 1290 1237; x_wconf 85' lang='lat' dir='ltr'>ver-</span> 
     </span>
     <span class='ocr_line' id='line_1_23' title="bbox 310 1255 1290 1299; baseline -0.008 -4"><span class='ocrx_word' id='word_1_145' title='bbox 310 1264 394 1296; x_wconf 91' lang='lat' dir='ltr'>bum</span> <span class='ocrx_word' id='word_1_146' title='bbox 412 1272 491 1294; x_wconf 90' lang='lat' dir='ltr'>caro</span> <span class='ocrx_word' id='word_1_147' title='bbox 509 1260 637 1293; x_wconf 86' lang='lat' dir='ltr'>sactum</span> <span class='ocrx_word' id='word_1_148' title='bbox 664 1264 724 1292; x_wconf 85' lang='lat' dir='ltr'>est.</span> <span class='ocrx_word' id='word_1_149' title='bbox 778 1255 917 1290; x_wconf 85' lang='lat' dir='ltr'>Certum</span> <span class='ocrx_word' id='word_1_150' title='bbox 943 1262 993 1288; x_wconf 88' lang='lat' dir='ltr'>est</span> <span class='ocrx_word' id='word_1_151' title='bbox 1016 1262 1131 1289; x_wconf 89' lang='lat' dir='ltr'>autem</span> <span class='ocrx_word' id='word_1_152' title='bbox 1157 1261 1290 1299; x_wconf 83' lang='lat' dir='ltr'>patrem</span> 
     </span>
     <span class='ocr_line' id='line_1_24' title="bbox 312 1302 1290 1353; baseline -0.007 -8"><span class='ocrx_word' id='word_1_153' title='bbox 312 1325 385 1346; x_wconf 91' lang='lat' dir='ltr'>non</span> <span class='ocrx_word' id='word_1_154' title='bbox 403 1313 531 1344; x_wconf 84' lang='lat' dir='ltr'>factum</span> <span class='ocrx_word' id='word_1_155' title='bbox 549 1321 619 1342; x_wconf 87' lang='lat' dir='ltr'>esse</span> <span class='ocrx_word' id='word_1_156' title='bbox 637 1318 776 1342; x_wconf 87' lang='lat' dir='ltr'>carnem</span> <span class='ocrx_word' id='word_1_157' title='bbox 790 1333 797 1347; x_wconf 93' lang='lat'><strong><em>‚</em></strong></span> <span class='ocrx_word' id='word_1_158' title='bbox 826 1302 932 1353; x_wconf 63' lang='grc' dir='ltr'><em>λόγος</em></span> <span class='ocrx_word' id='word_1_159' title='bbox 950 1306 1055 1348; x_wconf 85' lang='lat' dir='ltr'>igitur</span> <span class='ocrx_word' id='word_1_160' title='bbox 1074 1318 1145 1339; x_wconf 89' lang='lat' dir='ltr'>non</span> <span class='ocrx_word' id='word_1_161' title='bbox 1162 1313 1211 1339; x_wconf 89' lang='lat' dir='ltr'>est</span> <span class='ocrx_word' id='word_1_162' title='bbox 1232 1318 1290 1338; x_wconf 89' lang='lat' dir='ltr'>co-</span> 
     </span>
     <span class='ocr_line' id='line_1_25' title="bbox 312 1357 1291 1407; baseline -0.008 -11"><span class='ocrx_word' id='word_1_163' title='bbox 312 1363 450 1407; x_wconf 88' lang='lat' dir='ltr'>gitatio,</span> <span class='ocrx_word' id='word_1_164' title='bbox 477 1373 565 1406; x_wconf 86' lang='lat' dir='ltr'>quae</span> <span class='ocrx_word' id='word_1_165' title='bbox 583 1367 679 1404; x_wconf 88' lang='lat' dir='ltr'>pater</span> <span class='ocrx_word' id='word_1_166' title='bbox 697 1365 757 1398; x_wconf 91' lang='lat' dir='ltr'>est,</span> <span class='ocrx_word' id='word_1_167' title='bbox 785 1369 848 1389; x_wconf 91' lang='lat' dir='ltr'>nec</span> <span class='ocrx_word' id='word_1_168' title='bbox 864 1358 906 1389; x_wconf 91' lang='lat' dir='ltr'>de</span> <span class='ocrx_word' id='word_1_169' title='bbox 924 1368 1006 1389; x_wconf 84' lang='lat' dir='ltr'>voce</span> <span class='ocrx_word' id='word_1_170' title='bbox 1026 1363 1226 1390; x_wconf 74' lang='lat' dir='ltr'>transeunte</span> <span class='ocrx_word' id='word_1_171' title='bbox 1244 1357 1291 1389; x_wconf 90' lang='lat' dir='ltr'>sic</span> 
     </span>
     <span class='ocr_line' id='line_1_26' title="bbox 312 1407 1291 1457; baseline -0.008 -10"><span class='ocrx_word' id='word_1_172' title='bbox 312 1414 379 1447; x_wconf 91' lang='lat' dir='ltr'>dici</span> <span class='ocrx_word' id='word_1_173' title='bbox 401 1419 523 1457; x_wconf 88' lang='lat' dir='ltr'>potest,</span> <span class='ocrx_word' id='word_1_174' title='bbox 551 1411 631 1456; x_wconf 89' lang='lat' dir='ltr'>quia</span> <span class='ocrx_word' id='word_1_175' title='bbox 647 1410 675 1442; x_wconf 90' lang='lat' dir='ltr'>si</span> <span class='ocrx_word' id='word_1_176' title='bbox 690 1408 828 1442; x_wconf 89' lang='lat' dir='ltr'>transiit</span> <span class='ocrx_word' id='word_1_177' title='bbox 842 1419 918 1447; x_wconf 90' lang='lat' dir='ltr'>vox,</span> <span class='ocrx_word' id='word_1_178' title='bbox 946 1419 1018 1439; x_wconf 91' lang='lat' dir='ltr'>non</span> <span class='ocrx_word' id='word_1_179' title='bbox 1039 1414 1087 1440; x_wconf 89' lang='lat' dir='ltr'>est</span> <span class='ocrx_word' id='word_1_180' title='bbox 1106 1407 1291 1440; x_wconf 86' lang='lat' dir='ltr'>coniuncta</span> 
     </span>
     <span class='ocr_line' id='line_1_27' title="bbox 313 1455 1290 1507; baseline -0.007 -10"><span class='ocrx_word' id='word_1_181' title='bbox 313 1476 391 1498; x_wconf 90' lang='lat' dir='ltr'>cum</span> <span class='ocrx_word' id='word_1_182' title='bbox 418 1474 538 1496; x_wconf 88' lang='lat' dir='ltr'>carne:</span> <span class='ocrx_word' id='word_1_183' title='bbox 574 1468 607 1494; x_wconf 87' lang='lat' dir='ltr'>at</span> <span class='ocrx_word' id='word_1_184' title='bbox 629 1456 753 1507; x_wconf 71' lang='grc' dir='ltr'><strong><em>λόγος,</em></strong></span> <span class='ocrx_word' id='word_1_185' title='bbox 781 1460 824 1491; x_wconf 90' lang='lat' dir='ltr'>de</span> <span class='ocrx_word' id='word_1_186' title='bbox 841 1470 910 1502; x_wconf 92' lang='lat' dir='ltr'>quo</span> <span class='ocrx_word' id='word_1_187' title='bbox 929 1455 984 1490; x_wconf 88' lang='lat' dir='ltr'>hic</span> <span class='ocrx_word' id='word_1_188' title='bbox 1001 1458 1148 1496; x_wconf 90' lang='lat' dir='ltr'>dicitur,</span> <span class='ocrx_word' id='word_1_189' title='bbox 1175 1464 1290 1490; x_wconf 90' lang='lat' dir='ltr'>manet</span> 
     </span>
     <span class='ocr_line' id='line_1_28' title="bbox 312 1506 1290 1550; baseline -0.008 -2"><span class='ocrx_word' id='word_1_190' title='bbox 312 1514 519 1549; x_wconf 87' lang='lat' dir='ltr'>coniunctus</span> <span class='ocrx_word' id='word_1_191' title='bbox 535 1524 614 1546; x_wconf 89' lang='lat' dir='ltr'>cum</span> <span class='ocrx_word' id='word_1_192' title='bbox 637 1522 758 1550; x_wconf 87' lang='lat' dir='ltr'>carne,</span> <span class='ocrx_word' id='word_1_193' title='bbox 793 1509 830 1541; x_wconf 90' lang='lat' dir='ltr'>id</span> <span class='ocrx_word' id='word_1_194' title='bbox 863 1514 931 1549; x_wconf 89' lang='lat' dir='ltr'>est,</span> <span class='ocrx_word' id='word_1_195' title='bbox 965 1520 1043 1541; x_wconf 90' lang='lat' dir='ltr'>cum</span> <span class='ocrx_word' id='word_1_196' title='bbox 1074 1515 1196 1542; x_wconf 88' lang='lat' dir='ltr'>natura</span> <span class='ocrx_word' id='word_1_197' title='bbox 1223 1506 1290 1540; x_wconf 89' lang='lat' dir='ltr'>hu-</span> 
     </span>
     <span class='ocr_line' id='line_1_29' title="bbox 311 1559 1291 1605; baseline -0.008 -7"><span class='ocrx_word' id='word_1_198' title='bbox 311 1576 413 1598; x_wconf 89' lang='lat' dir='ltr'>mana</span> <span class='ocrx_word' id='word_1_199' title='bbox 431 1570 600 1602; x_wconf 86' lang='lat' dir='ltr'>assumta,</span> <span class='ocrx_word' id='word_1_200' title='bbox 630 1561 724 1605; x_wconf 89' lang='lat' dir='ltr'>quod</span> <span class='ocrx_word' id='word_1_201' title='bbox 752 1560 856 1593; x_wconf 89' lang='lat' dir='ltr'>etiam</span> <span class='ocrx_word' id='word_1_202' title='bbox 880 1559 1107 1592; x_wconf 86' lang='lat' dir='ltr'>confirmatur</span> <span class='ocrx_word' id='word_1_203' title='bbox 1126 1571 1165 1591; x_wconf 85' lang='lat' dir='ltr'>ex</span> <span class='ocrx_word' id='word_1_204' title='bbox 1183 1565 1291 1598; x_wconf 83' lang='lat' dir='ltr'>textu,</span> 
     </span>
     <span class='ocr_line' id='line_1_30' title="bbox 311 1609 1289 1661; baseline -0.006 -13"><span class='ocrx_word' id='word_1_205' title='bbox 311 1616 392 1661; x_wconf 89' lang='lat' dir='ltr'>quia</span> <span class='ocrx_word' id='word_1_206' title='bbox 417 1613 564 1647; x_wconf 90' lang='lat' dir='ltr'>Ioannes</span> <span class='ocrx_word' id='word_1_207' title='bbox 588 1613 630 1645; x_wconf 92' lang='lat' dir='ltr'>de</span> <span class='ocrx_word' id='word_1_208' title='bbox 655 1609 814 1648; x_wconf 88' lang='lat' dir='ltr'>Christo,</span> <span class='ocrx_word' id='word_1_209' title='bbox 849 1609 910 1654; x_wconf 93' lang='lat' dir='ltr'>qui</span> <span class='ocrx_word' id='word_1_210' title='bbox 932 1609 1000 1642; x_wconf 90' lang='lat' dir='ltr'>iam</span> <span class='ocrx_word' id='word_1_211' title='bbox 1024 1610 1203 1653; x_wconf 88' lang='lat' dir='ltr'>apparuit,</span> <span class='ocrx_word' id='word_1_212' title='bbox 1236 1609 1289 1642; x_wconf 92' lang='lat' dir='ltr'>lo-</span> 
     </span>
     <span class='ocr_line' id='line_1_31' title="bbox 311 1659 1289 1711; baseline -0.008 -12"><span class='ocrx_word' id='word_1_213' title='bbox 311 1677 438 1711; x_wconf 88' lang='lat' dir='ltr'>quens,</span> <span class='ocrx_word' id='word_1_214' title='bbox 464 1665 526 1697; x_wconf 90' lang='lat' dir='ltr'>ait:</span> <span class='ocrx_word' id='word_1_215' title='bbox 555 1664 596 1696; x_wconf 94' lang='lat' dir='ltr'>In</span> <span class='ocrx_word' id='word_1_216' title='bbox 613 1662 747 1695; x_wconf 90' lang='lat' dir='ltr'>mundo</span> <span class='ocrx_word' id='word_1_217' title='bbox 764 1667 853 1700; x_wconf 89' lang='lat' dir='ltr'>erat,</span> <span class='ocrx_word' id='word_1_218' title='bbox 880 1666 913 1693; x_wconf 90' lang='lat' dir='ltr'>et</span> <span class='ocrx_word' id='word_1_219' title='bbox 928 1660 1081 1692; x_wconf 92' lang='lat' dir='ltr'>mundus</span> <span class='ocrx_word' id='word_1_220' title='bbox 1099 1671 1160 1704; x_wconf 92' lang='lat' dir='ltr'>per</span> <span class='ocrx_word' id='word_1_221' title='bbox 1176 1659 1289 1702; x_wconf 90' lang='lat' dir='ltr'>ipsum</span> 
     </span>
     <span class='ocr_line' id='line_1_32' title="bbox 309 1707 1290 1754; baseline -0.006 -5"><span class='ocrx_word' id='word_1_222' title='bbox 309 1717 418 1749; x_wconf 84' lang='lat' dir='ltr'>sactus</span> <span class='ocrx_word' id='word_1_223' title='bbox 440 1722 499 1748; x_wconf 87' lang='lat' dir='ltr'>est.</span> <span class='ocrx_word' id='word_1_224' title='bbox 553 1712 697 1747; x_wconf 78' lang='lat' dir='ltr'>Constat</span> <span class='ocrx_word' id='word_1_225' title='bbox 722 1717 836 1744; x_wconf 85' lang='lat' dir='ltr'>autem</span> <span class='ocrx_word' id='word_1_226' title='bbox 860 1710 1034 1742; x_wconf 90' lang='lat' dir='ltr'>mundum</span> <span class='ocrx_word' id='word_1_227' title='bbox 1056 1722 1128 1743; x_wconf 87' lang='lat' dir='ltr'>non</span> <span class='ocrx_word' id='word_1_228' title='bbox 1148 1722 1209 1754; x_wconf 91' lang='lat' dir='ltr'>per</span> <span class='ocrx_word' id='word_1_229' title='bbox 1223 1707 1290 1743; x_wconf 86' lang='lat' dir='ltr'>hu-</span> 
     </span>
     <span class='ocr_line' id='line_1_33' title="bbox 310 1759 1289 1803; baseline -0.008 -3"><span class='ocrx_word' id='word_1_230' title='bbox 310 1778 448 1800; x_wconf 89' lang='lat' dir='ltr'>manam</span> <span class='ocrx_word' id='word_1_231' title='bbox 467 1771 626 1798; x_wconf 86' lang='lat' dir='ltr'>naturam</span> <span class='ocrx_word' id='word_1_232' title='bbox 648 1760 780 1796; x_wconf 87' lang='lat' dir='ltr'>Christi</span> <span class='ocrx_word' id='word_1_233' title='bbox 797 1761 921 1793; x_wconf 79' lang='lat' dir='ltr'>factam</span> <span class='ocrx_word' id='word_1_234' title='bbox 944 1771 1026 1792; x_wconf 87' lang='lat' dir='ltr'>esse.</span> <span class='ocrx_word' id='word_1_235' title='bbox 1078 1759 1202 1794; x_wconf 55' lang='lat' dir='ltr'>lNIanet</span> <span class='ocrx_word' id='word_1_236' title='bbox 1224 1760 1289 1803; x_wconf 87' lang='lat' dir='ltr'>igi-</span> 
     </span>
     <span class='ocr_line' id='line_1_34' title="bbox 310 1811 1288 1851; baseline -0.009 -1"><span class='ocrx_word' id='word_1_237' title='bbox 310 1824 368 1850; x_wconf 87' lang='lat' dir='ltr'>tnr</span> <span class='ocrx_word' id='word_1_238' title='bbox 403 1817 437 1848; x_wconf 92' lang='lat' dir='ltr'>in</span> <span class='ocrx_word' id='word_1_239' title='bbox 469 1813 609 1849; x_wconf 87' lang='lat' dir='ltr'>Christo</span> <span class='ocrx_word' id='word_1_240' title='bbox 650 1813 756 1846; x_wconf 91' lang='lat' dir='ltr'>altera</span> <span class='ocrx_word' id='word_1_241' title='bbox 794 1818 937 1851; x_wconf 88' lang='lat' dir='ltr'>natura,</span> <span class='ocrx_word' id='word_1_242' title='bbox 989 1811 1120 1844; x_wconf 90' lang='lat' dir='ltr'>scilicet</span> <span class='ocrx_word' id='word_1_243' title='bbox 1159 1811 1288 1845; x_wconf 81' lang='lat' dir='ltr'>divina.</span> 
     </span>
     <span class='ocr_line' id='line_1_35' title="bbox 309 1858 1289 1911; baseline -0.007 -11"><span class='ocrx_word' id='word_1_244' title='bbox 309 1866 402 1900; x_wconf 88' lang='lat' dir='ltr'>Hinc</span> <span class='ocrx_word' id='word_1_245' title='bbox 420 1866 640 1911; x_wconf 90' lang='lat' dir='ltr'>perspicuum</span> <span class='ocrx_word' id='word_1_246' title='bbox 660 1871 709 1897; x_wconf 86' lang='lat' dir='ltr'>est</span> <span class='ocrx_word' id='word_1_247' title='bbox 725 1858 835 1910; x_wconf 65' lang='grc' dir='ltr'><em>λόγον</em></span> <span class='ocrx_word' id='word_1_248' title='bbox 856 1872 928 1894; x_wconf 89' lang='lat' dir='ltr'>non</span> <span class='ocrx_word' id='word_1_249' title='bbox 947 1872 1017 1894; x_wconf 86' lang='lat' dir='ltr'>esse</span> <span class='ocrx_word' id='word_1_250' title='bbox 1041 1873 1158 1895; x_wconf 81' lang='lat' dir='ltr'>vocem</span> <span class='ocrx_word' id='word_1_251' title='bbox 1175 1868 1289 1894; x_wconf 87' lang='lat' dir='ltr'>trans-</span> 
     </span>
     <span class='ocr_line' id='line_1_36' title="bbox 309 1912 1289 1960; baseline -0.008 -9"><span class='ocrx_word' id='word_1_252' title='bbox 309 1925 469 1958; x_wconf 84' lang='lat' dir='ltr'>euntem,</span> <span class='ocrx_word' id='word_1_253' title='bbox 503 1928 567 1950; x_wconf 90' lang='lat' dir='ltr'>nec</span> <span class='ocrx_word' id='word_1_254' title='bbox 596 1921 748 1960; x_wconf 87' lang='lat' dir='ltr'>patrem,</span> <span class='ocrx_word' id='word_1_255' title='bbox 784 1913 843 1945; x_wconf 89' lang='lat' dir='ltr'>sed</span> <span class='ocrx_word' id='word_1_256' title='bbox 869 1922 1052 1956; x_wconf 78' lang='lat' dir='ltr'>personam</span> <span class='ocrx_word' id='word_1_257' title='bbox 1087 1912 1289 1945; x_wconf 89' lang='lat' dir='ltr'>discernen-</span> 
     </span>
     <span class='ocr_line' id='line_1_37' title="bbox 309 1970 550 2011; baseline -0.008 -10"><span class='ocrx_word' id='word_1_258' title='bbox 309 1970 387 2002; x_wconf 86' lang='lat' dir='ltr'>dam</span> <span class='ocrx_word' id='word_1_259' title='bbox 405 1980 422 2002; x_wconf 91' lang='lat' dir='ltr'>a</span> <span class='ocrx_word' id='word_1_260' title='bbox 441 1973 550 2011; x_wconf 88' lang='lat' dir='ltr'>patre.</span> 
     </span>
    </p>

    <p class='ocr_par' dir='ltr' id='par_1_4' title="bbox 309 2013 1288 2506">
     <span class='ocr_line' id='line_1_38' title="bbox 408 2013 1286 2057; baseline -0.008 -6"><span class='ocrx_word' id='word_1_261' title='bbox 408 2020 465 2051; x_wconf 89' lang='lat' dir='ltr'>Ad</span> <span class='ocrx_word' id='word_1_262' title='bbox 498 2015 564 2050; x_wconf 89' lang='lat' dir='ltr'>hoc</span> <span class='ocrx_word' id='word_1_263' title='bbox 600 2020 844 2057; x_wconf 83' lang='lat' dir='ltr'>argumentum</span> <span class='ocrx_word' id='word_1_264' title='bbox 885 2013 1119 2055; x_wconf 88' lang='lat' dir='ltr'>adiungantur</span> <span class='ocrx_word' id='word_1_265' title='bbox 1155 2018 1286 2045; x_wconf 91' lang='lat' dir='ltr'>caetera</span> 
     </span>
     <span class='ocr_line' id='line_1_39' title="bbox 311 2063 1288 2113; baseline -0.007 -11"><span class='ocrx_word' id='word_1_266' title='bbox 311 2070 421 2110; x_wconf 87' lang='lat' dir='ltr'>dicta,</span> <span class='ocrx_word' id='word_1_267' title='bbox 455 2079 543 2113; x_wconf 89' lang='lat' dir='ltr'>quae</span> <span class='ocrx_word' id='word_1_268' title='bbox 565 2067 609 2099; x_wconf 88' lang='lat' dir='ltr'>de</span> <span class='ocrx_word' id='word_1_269' title='bbox 634 2063 792 2104; x_wconf 85' lang='lat' dir='ltr'>Christo,</span> <span class='ocrx_word' id='word_1_270' title='bbox 819 2070 1001 2108; x_wconf 84' lang='lat' dir='ltr'>postquam</span> <span class='ocrx_word' id='word_1_271' title='bbox 1024 2063 1201 2106; x_wconf 88' lang='lat' dir='ltr'>apparuit,</span> <span class='ocrx_word' id='word_1_272' title='bbox 1235 2063 1288 2096; x_wconf 92' lang='lat' dir='ltr'>lo-</span> 
     </span>
     <span class='ocr_line' id='line_1_40' title="bbox 310 2113 1288 2165; baseline -0.006 -12"><span class='ocrx_word' id='word_1_273' title='bbox 310 2126 484 2165; x_wconf 88' lang='lat' dir='ltr'>quuntur,</span> <span class='ocrx_word' id='word_1_274' title='bbox 518 2125 550 2151; x_wconf 92' lang='lat' dir='ltr'>et</span> <span class='ocrx_word' id='word_1_275' title='bbox 579 2123 695 2150; x_wconf 83' lang='lat' dir='ltr'>tamen</span> <span class='ocrx_word' id='word_1_276' title='bbox 721 2116 806 2148; x_wconf 93' lang='lat' dir='ltr'>duas</span> <span class='ocrx_word' id='word_1_277' title='bbox 831 2121 972 2147; x_wconf 88' lang='lat' dir='ltr'>naturas</span> <span class='ocrx_word' id='word_1_278' title='bbox 995 2113 1214 2151; x_wconf 88' lang='lat' dir='ltr'>describunt,</span> <span class='ocrx_word' id='word_1_279' title='bbox 1249 2120 1288 2147; x_wconf 90' lang='lat' dir='ltr'>ut</span> 
     </span>
     <span class='ocr_line' id='line_1_41' title="bbox 311 2162 1286 2208; baseline -0.008 -4"><span class='ocrx_word' id='word_1_280' title='bbox 311 2172 352 2203; x_wconf 84' lang='lat' dir='ltr'>ad</span> <span class='ocrx_word' id='word_1_281' title='bbox 369 2168 451 2205; x_wconf 80' lang='lat' dir='ltr'>Ebr.</span> <span class='ocrx_word' id='word_1_282' title='bbox 472 2171 520 2204; x_wconf 83' lang='lat'>1.:</span> <span class='ocrx_word' id='word_1_283' title='bbox 554 2167 707 2201; x_wconf 88' lang='lat' dir='ltr'>Locutus</span> <span class='ocrx_word' id='word_1_284' title='bbox 733 2173 783 2199; x_wconf 88' lang='lat' dir='ltr'>est</span> <span class='ocrx_word' id='word_1_285' title='bbox 807 2165 909 2198; x_wconf 87' lang='lat' dir='ltr'>nobis</span> <span class='ocrx_word' id='word_1_286' title='bbox 936 2175 996 2207; x_wconf 89' lang='lat' dir='ltr'>per</span> <span class='ocrx_word' id='word_1_287' title='bbox 1020 2162 1151 2203; x_wconf 83' lang='lat' dir='ltr'>filium,</span> <span class='ocrx_word' id='word_1_288' title='bbox 1184 2176 1286 2208; x_wconf 88' lang='lat' dir='ltr'>quem</span> 
     </span>
     <span class='ocr_line' id='line_1_42' title="bbox 309 2215 1287 2264; baseline -0.006 -11"><span class='ocrx_word' id='word_1_289' title='bbox 309 2221 426 2264; x_wconf 83' lang='lat' dir='ltr'>posuit</span> <span class='ocrx_word' id='word_1_290' title='bbox 443 2218 627 2252; x_wconf 88' lang='lat' dir='ltr'>haeredem</span> <span class='ocrx_word' id='word_1_291' title='bbox 650 2216 808 2250; x_wconf 90' lang='lat' dir='ltr'>omnium</span> <span class='ocrx_word' id='word_1_292' title='bbox 820 2242 829 2256; x_wconf 91' lang='lat'>,</span> <span class='ocrx_word' id='word_1_293' title='bbox 857 2226 918 2258; x_wconf 88' lang='lat' dir='ltr'>per</span> <span class='ocrx_word' id='word_1_294' title='bbox 935 2226 1038 2259; x_wconf 90' lang='lat' dir='ltr'>quem</span> <span class='ocrx_word' id='word_1_295' title='bbox 1055 2221 1087 2247; x_wconf 85' lang='lat' dir='ltr'>et</span> <span class='ocrx_word' id='word_1_296' title='bbox 1106 2216 1219 2248; x_wconf 88' lang='lat' dir='ltr'>secula</span> <span class='ocrx_word' id='word_1_297' title='bbox 1237 2215 1287 2247; x_wconf 91' lang='lat' dir='ltr'>fe—</span> 
     </span>
     <span class='ocr_line' id='line_1_43' title="bbox 311 2265 1287 2315; baseline -0.006 -11"><span class='ocrx_word' id='word_1_298' title='bbox 311 2272 375 2309; x_wconf 90' lang='lat' dir='ltr'>cit,</span> <span class='ocrx_word' id='word_1_299' title='bbox 410 2270 469 2315; x_wconf 77' lang='lat' dir='ltr'>qui</span> <span class='ocrx_word' id='word_1_300' title='bbox 493 2276 541 2302; x_wconf 88' lang='lat' dir='ltr'>est</span> <span class='ocrx_word' id='word_1_301' title='bbox 563 2269 678 2311; x_wconf 83' lang='lat' dir='ltr'>fulgor</span> <span class='ocrx_word' id='word_1_302' title='bbox 699 2267 847 2311; x_wconf 84' lang='lat' dir='ltr'>gloriae,</span> <span class='ocrx_word' id='word_1_303' title='bbox 877 2272 909 2299; x_wconf 88' lang='lat' dir='ltr'>et</span> <span class='ocrx_word' id='word_1_304' title='bbox 934 2265 1047 2307; x_wconf 84' lang='lat' dir='ltr'>imago</span> <span class='ocrx_word' id='word_1_305' title='bbox 1073 2265 1287 2299; x_wconf 88' lang='lat' dir='ltr'>substantiae</span> 
     </span>
     <span class='ocr_line' id='line_1_44' title="bbox 311 2314 1287 2361; baseline -0.005 -7"><span class='ocrx_word' id='word_1_306' title='bbox 311 2322 405 2361; x_wconf 88' lang='lat' dir='ltr'>eins,</span> <span class='ocrx_word' id='word_1_307' title='bbox 431 2321 544 2353; x_wconf 83' lang='lat' dir='ltr'>serens</span> <span class='ocrx_word' id='word_1_308' title='bbox 567 2319 684 2351; x_wconf 88' lang='lat' dir='ltr'>omnia</span> <span class='ocrx_word' id='word_1_309' title='bbox 709 2318 816 2350; x_wconf 84' lang='lat' dir='ltr'>verbo</span> <span class='ocrx_word' id='word_1_310' title='bbox 840 2316 1015 2360; x_wconf 89' lang='lat' dir='ltr'>potentiae</span> <span class='ocrx_word' id='word_1_311' title='bbox 1041 2327 1134 2348; x_wconf 88' lang='lat' dir='ltr'>suae.</span> <span class='ocrx_word' id='word_1_312' title='bbox 1186 2314 1287 2349; x_wconf 84' lang='lat' dir='ltr'>Clare</span> 
     </span>
     <span class='ocr_line' id='line_1_45' title="bbox 313 2366 1287 2415; baseline -0.003 -11"><span class='ocrx_word' id='word_1_313' title='bbox 313 2372 414 2411; x_wconf 86' lang='lat' dir='ltr'>dicit,</span> <span class='ocrx_word' id='word_1_314' title='bbox 446 2382 507 2415; x_wconf 93' lang='lat' dir='ltr'>per</span> <span class='ocrx_word' id='word_1_315' title='bbox 531 2370 640 2402; x_wconf 83' lang='lat' dir='ltr'>filium</span> <span class='ocrx_word' id='word_1_316' title='bbox 664 2369 782 2401; x_wconf 85' lang='lat' dir='ltr'>omnia</span> <span class='ocrx_word' id='word_1_317' title='bbox 801 2368 889 2400; x_wconf 89' lang='lat' dir='ltr'>facta</span> <span class='ocrx_word' id='word_1_318' title='bbox 914 2378 1004 2406; x_wconf 89' lang='lat' dir='ltr'>esse,</span> <span class='ocrx_word' id='word_1_319' title='bbox 1038 2366 1131 2411; x_wconf 91' lang='lat' dir='ltr'>quod</span> <span class='ocrx_word' id='word_1_320' title='bbox 1149 2378 1227 2399; x_wconf 88' lang='lat' dir='ltr'>cum</span> <span class='ocrx_word' id='word_1_321' title='bbox 1245 2368 1287 2401; x_wconf 90' lang='lat' dir='ltr'>de</span> 
     </span>
     <span class='ocr_line' id='line_1_46' title="bbox 313 2417 1287 2461; baseline -0.006 -6"><span class='ocrx_word' id='word_1_322' title='bbox 313 2429 436 2455; x_wconf 89' lang='lat' dir='ltr'>natura</span> <span class='ocrx_word' id='word_1_323' title='bbox 465 2419 617 2454; x_wconf 88' lang='lat' dir='ltr'>humana</span> <span class='ocrx_word' id='word_1_324' title='bbox 642 2419 709 2451; x_wconf 92' lang='lat' dir='ltr'>dici</span> <span class='ocrx_word' id='word_1_325' title='bbox 738 2430 811 2451; x_wconf 86' lang='lat' dir='ltr'>non</span> <span class='ocrx_word' id='word_1_326' title='bbox 838 2418 965 2461; x_wconf 85' lang='lat' dir='ltr'>possit,</span> <span class='ocrx_word' id='word_1_327' title='bbox 998 2427 1134 2450; x_wconf 91' lang='lat' dir='ltr'>necesse</span> <span class='ocrx_word' id='word_1_328' title='bbox 1151 2423 1217 2458; x_wconf 90' lang='lat' dir='ltr'>est,</span> <span class='ocrx_word' id='word_1_329' title='bbox 1251 2417 1287 2449; x_wconf 93' lang='lat' dir='ltr'>in</span> 
     </span>
     <span class='ocr_line' id='line_1_47' title="bbox 313 2469 1099 2506; baseline -0.006 0"><span class='ocrx_word' id='word_1_330' title='bbox 313 2470 452 2506; x_wconf 87' lang='lat' dir='ltr'>Christo</span> <span class='ocrx_word' id='word_1_331' title='bbox 481 2482 621 2503; x_wconf 89' lang='lat' dir='ltr'>manere</span> <span class='ocrx_word' id='word_1_332' title='bbox 644 2469 745 2502; x_wconf 88' lang='lat' dir='ltr'>etiam</span> <span class='ocrx_word' id='word_1_333' title='bbox 764 2469 906 2501; x_wconf 87' lang='lat' dir='ltr'>alteram</span> <span class='ocrx_word' id='word_1_334' title='bbox 926 2474 1099 2501; x_wconf 79' lang='lat' dir='ltr'>naturam.</span> 
     </span>
    </p>

    <p class='ocr_par' dir='ltr' id='par_1_5' title="bbox 308 2515 1286 2666">
     <span class='ocr_line' id='line_1_48' title="bbox 412 2515 1286 2561; baseline -0.005 -6"><span class='ocrx_word' id='word_1_335' title='bbox 412 2520 547 2555; x_wconf 88' lang='lat' dir='ltr'>Eodem</span> <span class='ocrx_word' id='word_1_336' title='bbox 567 2520 670 2553; x_wconf 91' lang='lat' dir='ltr'>modo</span> <span class='ocrx_word' id='word_1_337' title='bbox 691 2519 855 2552; x_wconf 90' lang='lat' dir='ltr'>scribitur</span> <span class='ocrx_word' id='word_1_338' title='bbox 874 2520 917 2551; x_wconf 91' lang='lat' dir='ltr'>ad</span> <span class='ocrx_word' id='word_1_339' title='bbox 928 2518 1060 2552; x_wconf 91' lang='lat' dir='ltr'>Coloss.</span> <span class='ocrx_word' id='word_1_340' title='bbox 1075 2518 1123 2552; x_wconf 86' lang='lat'>1.:</span> <span class='ocrx_word' id='word_1_341' title='bbox 1152 2515 1197 2550; x_wconf 88' lang='lat' dir='ltr'>Et</span> <span class='ocrx_word' id='word_1_342' title='bbox 1214 2518 1286 2561; x_wconf 87' lang='lat' dir='ltr'>ipse</span> 
     </span>
     <span class='ocr_line' id='line_1_49' title="bbox 309 2568 1284 2613; baseline -0.004 -7"><span class='ocrx_word' id='word_1_343' title='bbox 309 2580 358 2606; x_wconf 90' lang='lat' dir='ltr'>est</span> <span class='ocrx_word' id='word_1_344' title='bbox 386 2579 465 2606; x_wconf 89' lang='lat' dir='ltr'>ante</span> <span class='ocrx_word' id='word_1_345' title='bbox 491 2571 625 2611; x_wconf 89' lang='lat' dir='ltr'>omnia,</span> <span class='ocrx_word' id='word_1_346' title='bbox 663 2576 695 2602; x_wconf 88' lang='lat' dir='ltr'>et</span> <span class='ocrx_word' id='word_1_347' title='bbox 718 2570 834 2601; x_wconf 90' lang='lat' dir='ltr'>omnia</span> <span class='ocrx_word' id='word_1_348' title='bbox 857 2581 917 2612; x_wconf 87' lang='lat' dir='ltr'>per</span> <span class='ocrx_word' id='word_1_349' title='bbox 941 2569 1054 2613; x_wconf 88' lang='lat' dir='ltr'>ipsum</span> <span class='ocrx_word' id='word_1_350' title='bbox 1081 2568 1284 2602; x_wconf 89' lang='lat' dir='ltr'>consistunt.</span> 
     </span>
     <span class='ocr_line' id='line_1_50' title="bbox 308 2618 1285 2666; baseline -0.004 -10"><span class='ocrx_word' id='word_1_351' title='bbox 308 2623 432 2657; x_wconf 85' lang='lat' dir='ltr'>Manet</span> <span class='ocrx_word' id='word_1_352' title='bbox 457 2623 564 2666; x_wconf 85' lang='lat' dir='ltr'>igitur</span> <span class='ocrx_word' id='word_1_353' title='bbox 585 2621 621 2654; x_wconf 89' lang='lat' dir='ltr'>in</span> <span class='ocrx_word' id='word_1_354' title='bbox 645 2618 786 2654; x_wconf 84' lang='lat' dir='ltr'>Christo</span> <span class='ocrx_word' id='word_1_355' title='bbox 811 2619 930 2653; x_wconf 85' lang='lat' dir='ltr'>divina</span> <span class='ocrx_word' id='word_1_356' title='bbox 953 2626 1097 2660; x_wconf 86' lang='lat' dir='ltr'>natura,</span> <span class='ocrx_word' id='word_1_357' title='bbox 1124 2630 1212 2664; x_wconf 87' lang='lat' dir='ltr'>quae</span> <span class='ocrx_word' id='word_1_358' title='bbox 1237 2626 1285 2652; x_wconf 89' lang='lat' dir='ltr'>est</span> 
     </span>
    </p>
   </div>
   <div class='ocr_carea' id='block_1_3' title="bbox 305 2670 420 2718">
    <p class='ocr_par' dir='ltr' id='par_1_6' title="bbox 305 2670 420 2718">
     <span class='ocr_line' id='line_1_51' title="bbox 305 2670 420 2718; baseline 0.035 -13"><span class='ocrx_word' id='word_1_359' title='bbox 305 2670 420 2718; x_wconf 68' lang='grc' dir='ltr'><strong><em>λόγος.</em></strong></span> 
     </span>
    </p>
   </div>
   <div class='ocr_carea' id='block_1_4' title="bbox 886 109 1711 150">
    <p class='ocr_par' dir='ltr' id='par_1_7' title="bbox 886 109 1711 150">
     <span class='ocr_line' id='line_1_52' title="bbox 886 109 1711 150; baseline -0.001 -3"><span class='ocrx_word' id='word_1_360' title='bbox 886 113 1010 150; x_wconf 84' lang='lat' dir='ltr'>P111L.</span> <span class='ocrx_word' id='word_1_361' title='bbox 1039 111 1152 147; x_wconf 84' lang='lat' dir='ltr'>MEL.</span> <span class='ocrx_word' id='word_1_362' title='bbox 1178 110 1383 146; x_wconf 80' lang='lat' dir='ltr'>SCRIPTA</span> <span class='ocrx_word' id='word_1_363' title='bbox 1411 109 1711 146; x_wconf 82' lang='lat' dir='ltr'>EXEGETICA.</span> 
     </span>
    </p>
   </div>
   <div class='ocr_carea' id='block_1_5' title="bbox 2262 114 2312 151">
    <p class='ocr_par' dir='ltr' id='par_1_8' title="bbox 2262 114 2312 151">
     <span class='ocr_line' id='line_1_53' title="bbox 2262 114 2312 151; baseline -0.04 0"><span class='ocrx_word' id='word_1_364' title='bbox 2262 114 2312 151; x_wconf 87' lang='grc'>56</span> 
     </span>
    </p>
   </div>
   <div class='ocr_carea' id='block_1_6' title="bbox 1337 195 2322 956">
    <p class='ocr_par' dir='ltr' id='par_1_9' title="bbox 1337 195 2320 541">
     <span class='ocr_line' id='line_1_54' title="bbox 1437 195 2312 243; baseline 0.003 -14"><span class='ocrx_word' id='word_1_365' title='bbox 1437 195 1559 230; x_wconf 88' lang='lat' dir='ltr'>Ioann.</span> <span class='ocrx_word' id='word_1_366' title='bbox 1594 196 1666 231; x_wconf 87' lang='lat'><strong>17.:</strong></span> <span class='ocrx_word' id='word_1_367' title='bbox 1717 195 1885 230; x_wconf 83' lang='lat' dir='ltr'>Glorifica</span> <span class='ocrx_word' id='word_1_368' title='bbox 1921 210 1975 232; x_wconf 89' lang='lat' dir='ltr'>me</span> <span class='ocrx_word' id='word_1_369' title='bbox 2002 205 2099 243; x_wconf 89' lang='lat' dir='ltr'>pater</span> <span class='ocrx_word' id='word_1_370' title='bbox 2125 210 2164 232; x_wconf 89' lang='lat' dir='ltr'>ea</span> <span class='ocrx_word' id='word_1_371' title='bbox 2200 198 2312 242; x_wconf 86' lang='lat' dir='ltr'>gloria</span> 
     </span>
     <span class='ocr_line' id='line_1_55' title="bbox 1337 244 2320 292; baseline 0.004 -14"><span class='ocrx_word' id='word_1_372' title='bbox 1337 258 1440 290; x_wconf 87' lang='lat' dir='ltr'>quam</span> <span class='ocrx_word' id='word_1_373' title='bbox 1459 244 1564 279; x_wconf 83' lang='lat' dir='ltr'>habui</span> <span class='ocrx_word' id='word_1_374' title='bbox 1587 253 1667 279; x_wconf 88' lang='lat' dir='ltr'>ante</span> <span class='ocrx_word' id='word_1_375' title='bbox 1693 248 1864 280; x_wconf 89' lang='lat' dir='ltr'>mundum</span> <span class='ocrx_word' id='word_1_376' title='bbox 1892 250 1984 292; x_wconf 91' lang='lat' dir='ltr'>apud</span> <span class='ocrx_word' id='word_1_377' title='bbox 2005 256 2049 285; x_wconf 85' lang='lat' dir='ltr'>te.</span> <span class='ocrx_word' id='word_1_378' title='bbox 2101 247 2187 283; x_wconf 82' lang='lat' dir='ltr'>Erat</span> <span class='ocrx_word' id='word_1_379' title='bbox 2213 250 2320 292; x_wconf 85' lang='lat' dir='ltr'>igitur</span> 
     </span>
     <span class='ocr_line' id='line_1_56' title="bbox 1337 293 2318 344; baseline 0.003 -14"><span class='ocrx_word' id='word_1_380' title='bbox 1337 293 1443 344; x_wconf 66' lang='grc' dir='ltr'><em>λόγος</em></span> <span class='ocrx_word' id='word_1_381' title='bbox 1476 308 1622 340; x_wconf 81' lang='lat' dir='ltr'>persona</span> <span class='ocrx_word' id='word_1_382' title='bbox 1666 299 1758 340; x_wconf 87' lang='lat' dir='ltr'>apud</span> <span class='ocrx_word' id='word_1_383' title='bbox 1791 305 1922 341; x_wconf 87' lang='lat' dir='ltr'>patrem</span> <span class='ocrx_word' id='word_1_384' title='bbox 1960 306 2040 333; x_wconf 86' lang='lat' dir='ltr'>ante</span> <span class='ocrx_word' id='word_1_385' title='bbox 2078 300 2318 333; x_wconf 87' lang='lat' dir='ltr'>conditionem</span> 
     </span>
     <span class='ocr_line' id='line_1_57' title="bbox 1338 346 2317 395; baseline 0.003 -16"><span class='ocrx_word' id='word_1_386' title='bbox 1338 347 1472 380; x_wconf 89' lang='lat' dir='ltr'>mundi.</span> <span class='ocrx_word' id='word_1_387' title='bbox 1527 346 1614 379; x_wconf 83' lang='lat' dir='ltr'>Nam</span> <span class='ocrx_word' id='word_1_388' title='bbox 1642 347 1757 387; x_wconf 56' lang='lat' dir='ltr'>si,vox</span> <span class='ocrx_word' id='word_1_389' title='bbox 1785 349 1958 382; x_wconf 87' lang='lat' dir='ltr'>transiens</span> <span class='ocrx_word' id='word_1_390' title='bbox 1982 357 2085 393; x_wconf 86' lang='lat' dir='ltr'>esset,</span> <span class='ocrx_word' id='word_1_391' title='bbox 2120 362 2225 395; x_wconf 87' lang='lat' dir='ltr'>quam</span> <span class='ocrx_word' id='word_1_392' title='bbox 2252 348 2317 383; x_wconf 86' lang='lat' dir='ltr'>ha-</span> 
     </span>
     <span class='ocr_line' id='line_1_58' title="bbox 1337 397 2318 439; baseline 0.004 -9"><span class='ocrx_word' id='word_1_393' title='bbox 1337 398 1466 431; x_wconf 87' lang='lat' dir='ltr'>buisset</span> <span class='ocrx_word' id='word_1_394' title='bbox 1495 397 1668 439; x_wconf 76' lang='lat' dir='ltr'>gloriam?</span> <span class='ocrx_word' id='word_1_395' title='bbox 1714 406 1773 432; x_wconf 89' lang='lat' dir='ltr'>aut</span> <span class='ocrx_word' id='word_1_396' title='bbox 1803 399 1831 431; x_wconf 90' lang='lat' dir='ltr'>si</span> <span class='ocrx_word' id='word_1_397' title='bbox 1863 412 1935 432; x_wconf 91' lang='lat' dir='ltr'>non</span> <span class='ocrx_word' id='word_1_398' title='bbox 1967 400 2195 434; x_wconf 90' lang='lat' dir='ltr'>discernenda</span> <span class='ocrx_word' id='word_1_399' title='bbox 2229 407 2318 434; x_wconf 84' lang='lat' dir='ltr'>esset</span> 
     </span>
     <span class='ocr_line' id='line_1_59' title="bbox 1339 445 2317 494; baseline 0.003 -14"><span class='ocrx_word' id='word_1_400' title='bbox 1339 445 1421 481; x_wconf 74' lang='lat' dir='ltr'>llaec</span> <span class='ocrx_word' id='word_1_401' title='bbox 1437 458 1583 491; x_wconf 86' lang='lat' dir='ltr'>persona</span> <span class='ocrx_word' id='word_1_402' title='bbox 1601 460 1618 480; x_wconf 89' lang='lat' dir='ltr'>a</span> <span class='ocrx_word' id='word_1_403' title='bbox 1636 455 1745 491; x_wconf 87' lang='lat' dir='ltr'>patre,</span> <span class='ocrx_word' id='word_1_404' title='bbox 1764 451 1940 494; x_wconf 91' lang='lat' dir='ltr'>quomodo</span> <span class='ocrx_word' id='word_1_405' title='bbox 1960 451 2088 484; x_wconf 85' lang='lat' dir='ltr'>diceret</span> <span class='ocrx_word' id='word_1_406' title='bbox 2104 462 2139 484; x_wconf 89' lang='lat' dir='ltr'>se</span> <span class='ocrx_word' id='word_1_407' title='bbox 2155 449 2317 485; x_wconf 86' lang='lat' dir='ltr'>habuisse</span> 
     </span>
     <span class='ocr_line' id='line_1_60' title="bbox 1338 498 1658 541; baseline 0.003 -11"><span class='ocrx_word' id='word_1_408' title='bbox 1338 498 1483 541; x_wconf 81' lang='lat' dir='ltr'>gloriam</span> <span class='ocrx_word' id='word_1_409' title='bbox 1502 510 1520 530; x_wconf 88' lang='lat' dir='ltr'>a</span> <span class='ocrx_word' id='word_1_410' title='bbox 1541 498 1658 541; x_wconf 77' lang='lat' dir='ltr'>patre?</span> 
     </span>
    </p>

    <p class='ocr_par' dir='ltr' id='par_1_10' title="bbox 1339 555 2322 956">
     <span class='ocr_line' id='line_1_61' title="bbox 1439 555 2319 594; baseline 0.003 -5"><span class='ocrx_word' id='word_1_411' title='bbox 1439 555 1676 591; x_wconf 87' lang='lat' dir='ltr'>Confirmatur</span> <span class='ocrx_word' id='word_1_412' title='bbox 1705 560 1875 593; x_wconf 88' lang='lat' dir='ltr'>sententia</span> <span class='ocrx_word' id='word_1_413' title='bbox 1904 557 2079 593; x_wconf 85' lang='lat' dir='ltr'>Ecclesiae</span> <span class='ocrx_word' id='word_1_414' title='bbox 2112 566 2145 594; x_wconf 92' lang='lat' dir='ltr'>et</span> <span class='ocrx_word' id='word_1_415' title='bbox 2177 560 2319 593; x_wconf 85' lang='lat' dir='ltr'>caeteris</span> 
     </span>
     <span class='ocr_line' id='line_1_62' title="bbox 1339 608 2320 655; baseline 0.003 -15"><span class='ocrx_word' id='word_1_416' title='bbox 1339 608 1559 649; x_wconf 88' lang='lat' dir='ltr'>testimoniis,</span> <span class='ocrx_word' id='word_1_417' title='bbox 1577 620 1664 654; x_wconf 89' lang='lat' dir='ltr'>quae</span> <span class='ocrx_word' id='word_1_418' title='bbox 1681 609 1877 654; x_wconf 89' lang='lat' dir='ltr'>loquuntur</span> <span class='ocrx_word' id='word_1_419' title='bbox 1889 611 1932 643; x_wconf 90' lang='lat' dir='ltr'>de</span> <span class='ocrx_word' id='word_1_420' title='bbox 1948 610 2216 654; x_wconf 88' lang='lat' dir='ltr'>omnipotentia,</span> <span class='ocrx_word' id='word_1_421' title='bbox 2231 622 2320 655; x_wconf 89' lang='lat' dir='ltr'>quae</span> 
     </span>
     <span class='ocr_line' id='line_1_63' title="bbox 1339 660 2322 704; baseline 0.004 -14"><span class='ocrx_word' id='word_1_422' title='bbox 1339 665 1429 691; x_wconf 88' lang='lat' dir='ltr'>certe</span> <span class='ocrx_word' id='word_1_423' title='bbox 1446 666 1648 704; x_wconf 91' lang='lat' dir='ltr'>competunt</span> <span class='ocrx_word' id='word_1_424' title='bbox 1665 666 1809 693; x_wconf 87' lang='lat' dir='ltr'>naturae</span> <span class='ocrx_word' id='word_1_425' title='bbox 1826 661 1978 696; x_wconf 90' lang='lat' dir='ltr'>divinae.</span> <span class='ocrx_word' id='word_1_426' title='bbox 2030 660 2153 694; x_wconf 86' lang='lat' dir='ltr'>Ioann.</span> <span class='ocrx_word' id='word_1_427' title='bbox 2169 663 2220 696; x_wconf 86' lang='lat'>5.:</span> <span class='ocrx_word' id='word_1_428' title='bbox 2254 660 2322 694; x_wconf 81' lang='lat' dir='ltr'>Pa-</span> 
     </span>
     <span class='ocr_line' id='line_1_64' title="bbox 1339 707 2319 755; baseline 0.002 -14"><span class='ocrx_word' id='word_1_429' title='bbox 1339 715 1391 741; x_wconf 87' lang='lat' dir='ltr'>ter</span> <span class='ocrx_word' id='word_1_430' title='bbox 1408 720 1506 742; x_wconf 86' lang='lat' dir='ltr'>meus</span> <span class='ocrx_word' id='word_1_431' title='bbox 1531 707 1645 743; x_wconf 86' lang='lat' dir='ltr'>adhuc</span> <span class='ocrx_word' id='word_1_432' title='bbox 1670 718 1851 754; x_wconf 86' lang='lat' dir='ltr'>operatur,</span> <span class='ocrx_word' id='word_1_433' title='bbox 1876 718 1908 745; x_wconf 92' lang='lat' dir='ltr'>et</span> <span class='ocrx_word' id='word_1_434' title='bbox 1931 723 1993 754; x_wconf 87' lang='lat' dir='ltr'>ego</span> <span class='ocrx_word' id='word_1_435' title='bbox 2020 723 2158 755; x_wconf 88' lang='lat' dir='ltr'>operor.</span> <span class='ocrx_word' id='word_1_436' title='bbox 2213 710 2319 744; x_wconf 86' lang='lat' dir='ltr'>Item:</span> 
     </span>
     <span class='ocr_line' id='line_1_65' title="bbox 1341 758 2320 805; baseline 0.001 -13"><span class='ocrx_word' id='word_1_437' title='bbox 1341 758 1581 805; x_wconf 88' lang='lat' dir='ltr'>Quaecunque</span> <span class='ocrx_word' id='word_1_438' title='bbox 1598 761 1657 794; x_wconf 92' lang='lat' dir='ltr'>ille</span> <span class='ocrx_word' id='word_1_439' title='bbox 1672 761 1772 802; x_wconf 81' lang='lat' dir='ltr'>facit,</span> <span class='ocrx_word' id='word_1_440' title='bbox 1799 762 1891 795; x_wconf 83' lang='lat' dir='ltr'>filius</span> <span class='ocrx_word' id='word_1_441' title='bbox 1917 762 2082 795; x_wconf 89' lang='lat' dir='ltr'>similiter</span> <span class='ocrx_word' id='word_1_442' title='bbox 2105 761 2197 795; x_wconf 85' lang='lat' dir='ltr'>facit.</span> <span class='ocrx_word' id='word_1_443' title='bbox 2251 759 2320 794; x_wconf 77' lang='lat' dir='ltr'>Hic</span> 
     </span>
     <span class='ocr_line' id='line_1_66' title="bbox 1340 813 2320 856; baseline 0.001 -14"><span class='ocrx_word' id='word_1_444' title='bbox 1340 817 1456 853; x_wconf 87' lang='lat' dir='ltr'>aperte</span> <span class='ocrx_word' id='word_1_445' title='bbox 1473 817 1617 844; x_wconf 88' lang='lat' dir='ltr'>testatur</span> <span class='ocrx_word' id='word_1_446' title='bbox 1632 823 1667 844; x_wconf 89' lang='lat' dir='ltr'>se</span> <span class='ocrx_word' id='word_1_447' title='bbox 1687 813 1814 855; x_wconf 80' lang='lat' dir='ltr'>pariter</span> <span class='ocrx_word' id='word_1_448' title='bbox 1830 823 1907 846; x_wconf 85' lang='lat' dir='ltr'>cum</span> <span class='ocrx_word' id='word_1_449' title='bbox 1924 819 2021 856; x_wconf 84' lang='lat' dir='ltr'>patre</span> <span class='ocrx_word' id='word_1_450' title='bbox 2033 824 2132 855; x_wconf 86' lang='lat' dir='ltr'>agere</span> <span class='ocrx_word' id='word_1_451' title='bbox 2145 818 2179 846; x_wconf 83' lang='lat' dir='ltr'>et</span> <span class='ocrx_word' id='word_1_452' title='bbox 2193 823 2320 847; x_wconf 87' lang='lat' dir='ltr'>create.</span> 
     </span>
     <span class='ocr_line' id='line_1_67' title="bbox 1339 859 2321 908; baseline 0.003 -16"><span class='ocrx_word' id='word_1_453' title='bbox 1339 859 1384 894; x_wconf 84' lang='lat' dir='ltr'>Et</span> <span class='ocrx_word' id='word_1_454' title='bbox 1404 860 1525 894; x_wconf 79' lang='lat' dir='ltr'>loann.</span> <span class='ocrx_word' id='word_1_455' title='bbox 1545 862 1617 895; x_wconf 81' lang='lat'><strong>10.:</strong></span> <span class='ocrx_word' id='word_1_456' title='bbox 1644 860 1720 905; x_wconf 89' lang='lat' dir='ltr'>Ego</span> <span class='ocrx_word' id='word_1_457' title='bbox 1739 864 1783 896; x_wconf 89' lang='lat' dir='ltr'>do</span> <span class='ocrx_word' id='word_1_458' title='bbox 1803 864 1909 897; x_wconf 87' lang='lat' dir='ltr'>vitam</span> <span class='ocrx_word' id='word_1_459' title='bbox 1934 869 2130 904; x_wconf 87' lang='lat' dir='ltr'>aeternam,</span> <span class='ocrx_word' id='word_1_460' title='bbox 2158 862 2254 908; x_wconf 90' lang='lat' dir='ltr'>quod</span> <span class='ocrx_word' id='word_1_461' title='bbox 2270 868 2321 895; x_wconf 87' lang='lat' dir='ltr'>est</span> 
     </span>
     <span class='ocr_line' id='line_1_68' title="bbox 1340 913 1763 956; baseline 0.007 -13"><span class='ocrx_word' id='word_1_462' title='bbox 1340 917 1485 944; x_wconf 87' lang='lat' dir='ltr'>naturae</span> <span class='ocrx_word' id='word_1_463' title='bbox 1501 913 1763 956; x_wconf 88' lang='lat' dir='ltr'>omnipotentis.</span> 
     </span>
    </p>
   </div>
   <div class='ocr_carea' id='block_1_7' title="bbox 1340 978 2325 1527">
    <p class='ocr_par' dir='ltr' id='par_1_11' title="bbox 1340 978 2325 1527">
     <span class='ocr_line' id='line_1_69' title="bbox 1441 978 2322 1023; baseline 0 -11"><span class='ocrx_word' id='word_1_464' title='bbox 1441 978 1601 1012; x_wconf 86' lang='lat' dir='ltr'>Recitavi</span> <span class='ocrx_word' id='word_1_465' title='bbox 1644 980 1843 1014; x_wconf 86' lang='lat' dir='ltr'>testimonia</span> <span class='ocrx_word' id='word_1_466' title='bbox 1881 991 1921 1012; x_wconf 87' lang='lat' dir='ltr'>ex</span> <span class='ocrx_word' id='word_1_467' title='bbox 1957 979 2041 1023; x_wconf 90' lang='lat' dir='ltr'>ipsis</span> <span class='ocrx_word' id='word_1_468' title='bbox 2092 979 2322 1013; x_wconf 88' lang='lat' dir='ltr'>concionibus</span> 
     </span>
     <span class='ocr_line' id='line_1_70' title="bbox 1340 1028 2323 1074; baseline 0 -12"><span class='ocrx_word' id='word_1_469' title='bbox 1340 1028 1543 1073; x_wconf 82' lang='lat' dir='ltr'>Evangelii,</span> <span class='ocrx_word' id='word_1_470' title='bbox 1577 1041 1665 1074; x_wconf 89' lang='lat' dir='ltr'>quae</span> <span class='ocrx_word' id='word_1_471' title='bbox 1685 1030 1767 1063; x_wconf 90' lang='lat' dir='ltr'>satis</span> <span class='ocrx_word' id='word_1_472' title='bbox 1787 1031 1967 1074; x_wconf 89' lang='lat' dir='ltr'>perspicue</span> <span class='ocrx_word' id='word_1_473' title='bbox 1990 1031 2142 1064; x_wconf 84' lang='lat' dir='ltr'>refutant</span> <span class='ocrx_word' id='word_1_474' title='bbox 2159 1029 2323 1064; x_wconf 90' lang='lat' dir='ltr'>Samosa-</span> 
     </span>
     <span class='ocr_line' id='line_1_71' title="bbox 1341 1077 2323 1127; baseline 0.001 -15"><span class='ocrx_word' id='word_1_475' title='bbox 1341 1087 1481 1120; x_wconf 86' lang='lat' dir='ltr'>tenum,</span> <span class='ocrx_word' id='word_1_476' title='bbox 1508 1087 1541 1113; x_wconf 90' lang='lat' dir='ltr'>et</span> <span class='ocrx_word' id='word_1_477' title='bbox 1564 1081 1753 1113; x_wconf 90' lang='lat' dir='ltr'>ostendunt</span> <span class='ocrx_word' id='word_1_478' title='bbox 1769 1077 1877 1127; x_wconf 74' lang='grc' dir='ltr'><em>λόγον</em></span> <span class='ocrx_word' id='word_1_479' title='bbox 1901 1088 2062 1124; x_wconf 90' lang='lat' dir='ltr'>oportere</span> <span class='ocrx_word' id='word_1_480' title='bbox 2077 1081 2226 1123; x_wconf 85' lang='lat' dir='ltr'>intelligi</span> <span class='ocrx_word' id='word_1_481' title='bbox 2244 1091 2323 1124; x_wconf 89' lang='lat' dir='ltr'>per-</span> 
     </span>
     <span class='ocr_line' id='line_1_72' title="bbox 1341 1129 2323 1170; baseline 0.002 -8"><span class='ocrx_word' id='word_1_482' title='bbox 1341 1142 1483 1170; x_wconf 89' lang='lat' dir='ltr'>sonam,</span> <span class='ocrx_word' id='word_1_483' title='bbox 1530 1137 1563 1163; x_wconf 90' lang='lat' dir='ltr'>et</span> <span class='ocrx_word' id='word_1_484' title='bbox 1596 1130 1791 1163; x_wconf 87' lang='lat' dir='ltr'>confirmati</span> <span class='ocrx_word' id='word_1_485' title='bbox 1823 1129 1876 1163; x_wconf 92' lang='lat' dir='ltr'>his</span> <span class='ocrx_word' id='word_1_486' title='bbox 1908 1131 2116 1164; x_wconf 85' lang='lat' dir='ltr'>testimoniis</span> <span class='ocrx_word' id='word_1_487' title='bbox 2148 1131 2323 1164; x_wconf 89' lang='lat' dir='ltr'>credimus</span> 
     </span>
     <span class='ocr_line' id='line_1_73' title="bbox 1342 1179 2324 1219; baseline 0 -5"><span class='ocrx_word' id='word_1_488' title='bbox 1342 1179 1436 1214; x_wconf 85' lang='lat' dir='ltr'>hunc</span> <span class='ocrx_word' id='word_1_489' title='bbox 1455 1181 1663 1219; x_wconf 83' lang='lat' dir='ltr'>articulum,</span> <span class='ocrx_word' id='word_1_490' title='bbox 1697 1187 1730 1214; x_wconf 86' lang='lat' dir='ltr'>et</span> <span class='ocrx_word' id='word_1_491' title='bbox 1754 1180 1865 1213; x_wconf 90' lang='lat' dir='ltr'>filium</span> <span class='ocrx_word' id='word_1_492' title='bbox 1887 1179 1952 1213; x_wconf 85' lang='lat' dir='ltr'>Dei</span> <span class='ocrx_word' id='word_1_493' title='bbox 1976 1182 2197 1215; x_wconf 86' lang='lat' dir='ltr'>invocamus:</span> <span class='ocrx_word' id='word_1_494' title='bbox 2234 1181 2324 1214; x_wconf 86' lang='lat' dir='ltr'>sicut</span> 
     </span>
     <span class='ocr_line' id='line_1_74' title="bbox 1342 1228 2323 1276; baseline 0 -12"><span class='ocrx_word' id='word_1_495' title='bbox 1342 1231 1466 1264; x_wconf 86' lang='lat' dir='ltr'>Psalm.</span> <span class='ocrx_word' id='word_1_496' title='bbox 1478 1231 1537 1266; x_wconf 90' lang='lat'>71.</span> <span class='ocrx_word' id='word_1_497' title='bbox 1553 1231 1654 1264; x_wconf 89' lang='lat' dir='ltr'>dicit:</span> <span class='ocrx_word' id='word_1_498' title='bbox 1684 1228 1857 1264; x_wconf 87' lang='lat' dir='ltr'>Orabitur</span> <span class='ocrx_word' id='word_1_499' title='bbox 1873 1243 1989 1264; x_wconf 84' lang='lat' dir='ltr'>coram</span> <span class='ocrx_word' id='word_1_500' title='bbox 2006 1243 2046 1264; x_wconf 93' lang='lat' dir='ltr'>eo</span> <span class='ocrx_word' id='word_1_501' title='bbox 2063 1243 2208 1275; x_wconf 88' lang='lat' dir='ltr'>semper,</span> <span class='ocrx_word' id='word_1_502' title='bbox 2233 1243 2323 1276; x_wconf 89' lang='lat' dir='ltr'>quo-</span> 
     </span>
     <span class='ocr_line' id='line_1_75' title="bbox 1342 1279 2324 1315; baseline -0.001 0"><span class='ocrx_word' id='word_1_503' title='bbox 1342 1282 1426 1315; x_wconf 83' lang='lat' dir='ltr'>tidie</span> <span class='ocrx_word' id='word_1_504' title='bbox 1445 1282 1652 1315; x_wconf 87' lang='lat' dir='ltr'>benedicent</span> <span class='ocrx_word' id='word_1_505' title='bbox 1669 1281 1710 1315; x_wconf 83' lang='lat' dir='ltr'>ei¹</span> <span class='ocrx_word' id='word_1_506' title='bbox 1764 1280 1810 1314; x_wconf 92' lang='lat' dir='ltr'>Et</span> <span class='ocrx_word' id='word_1_507' title='bbox 1827 1294 1904 1314; x_wconf 89' lang='lat' dir='ltr'>cum</span> <span class='ocrx_word' id='word_1_508' title='bbox 1932 1279 1989 1314; x_wconf 87' lang='lat' dir='ltr'>hic</span> <span class='ocrx_word' id='word_1_509' title='bbox 2015 1281 2181 1315; x_wconf 89' lang='lat' dir='ltr'>articulus</span> <span class='ocrx_word' id='word_1_510' title='bbox 2200 1282 2244 1315; x_wconf 86' lang='lat' dir='ltr'>sit</span> <span class='ocrx_word' id='word_1_511' title='bbox 2261 1292 2324 1314; x_wconf 90' lang='lat' dir='ltr'>ne—</span> 
     </span>
     <span class='ocr_line' id='line_1_76' title="bbox 1342 1330 2323 1376; baseline 0 -12"><span class='ocrx_word' id='word_1_512' title='bbox 1342 1333 1509 1365; x_wconf 88' lang='lat' dir='ltr'>cessarius</span> <span class='ocrx_word' id='word_1_513' title='bbox 1525 1330 1702 1365; x_wconf 84' lang='lat' dir='ltr'>Ecclesiae</span> <span class='ocrx_word' id='word_1_514' title='bbox 1713 1359 1720 1371; x_wconf 91' lang='lat'>,</span> <span class='ocrx_word' id='word_1_515' title='bbox 1748 1344 1822 1365; x_wconf 91' lang='lat' dir='ltr'>non</span> <span class='ocrx_word' id='word_1_516' title='bbox 1837 1332 1904 1364; x_wconf 89' lang='lat' dir='ltr'>suit</span> <span class='ocrx_word' id='word_1_517' title='bbox 1920 1331 2059 1374; x_wconf 85' lang='lat' dir='ltr'>ignotus</span> <span class='ocrx_word' id='word_1_518' title='bbox 2076 1332 2198 1374; x_wconf 89' lang='lat' dir='ltr'>primis</span> <span class='ocrx_word' id='word_1_519' title='bbox 2213 1332 2323 1376; x_wconf 78' lang='lat' dir='ltr'>patri-</span> 
     </span>
     <span class='ocr_line' id='line_1_77' title="bbox 1342 1381 2323 1427; baseline -0.001 -12"><span class='ocrx_word' id='word_1_520' title='bbox 1342 1384 1418 1418; x_wconf 86' lang='lat' dir='ltr'>bus.</span> <span class='ocrx_word' id='word_1_521' title='bbox 1467 1381 1515 1415; x_wconf 86' lang='lat' dir='ltr'>Ili</span> <span class='ocrx_word' id='word_1_522' title='bbox 1532 1394 1671 1427; x_wconf 89' lang='lat' dir='ltr'>quoque</span> <span class='ocrx_word' id='word_1_523' title='bbox 1686 1382 1897 1415; x_wconf 89' lang='lat' dir='ltr'>invocabant</span> <span class='ocrx_word' id='word_1_524' title='bbox 1911 1381 2025 1414; x_wconf 90' lang='lat' dir='ltr'>Deum</span> <span class='ocrx_word' id='word_1_525' title='bbox 2041 1381 2167 1415; x_wconf 85' lang='lat' dir='ltr'>fiducia</span> <span class='ocrx_word' id='word_1_526' title='bbox 2183 1382 2323 1415; x_wconf 89' lang='lat' dir='ltr'>venturi</span> 
     </span>
     <span class='ocr_line' id='line_1_78' title="bbox 1342 1432 2325 1476; baseline 0.001 -11"><span class='ocrx_word' id='word_1_527' title='bbox 1342 1433 1558 1471; x_wconf 87' lang='lat' dir='ltr'>liberatoris,</span> <span class='ocrx_word' id='word_1_528' title='bbox 1590 1440 1623 1466; x_wconf 89' lang='lat' dir='ltr'>et</span> <span class='ocrx_word' id='word_1_529' title='bbox 1648 1433 1883 1476; x_wconf 85' lang='lat' dir='ltr'>agnoscebant</span> <span class='ocrx_word' id='word_1_530' title='bbox 1904 1432 1972 1464; x_wconf 83' lang='lat' dir='ltr'>iam</span> <span class='ocrx_word' id='word_1_531' title='bbox 1996 1439 2070 1465; x_wconf 90' lang='lat' dir='ltr'>tum</span> <span class='ocrx_word' id='word_1_532' title='bbox 2099 1443 2134 1465; x_wconf 88' lang='lat' dir='ltr'>se</span> <span class='ocrx_word' id='word_1_533' title='bbox 2151 1432 2265 1466; x_wconf 89' lang='lat' dir='ltr'>iuvari</span> <span class='ocrx_word' id='word_1_534' title='bbox 2281 1433 2325 1466; x_wconf 86' lang='lat' dir='ltr'>ab</span> 
     </span>
     <span class='ocr_line' id='line_1_79' title="bbox 1341 1483 2228 1527; baseline 0 -11"><span class='ocrx_word' id='word_1_535' title='bbox 1341 1484 1403 1517; x_wconf 91' lang='lat' dir='ltr'>illo</span> <span class='ocrx_word' id='word_1_536' title='bbox 1421 1484 1584 1524; x_wconf 92' lang='lat' dir='ltr'>domino,</span> <span class='ocrx_word' id='word_1_537' title='bbox 1612 1490 1644 1516; x_wconf 93' lang='lat' dir='ltr'>et</span> <span class='ocrx_word' id='word_1_538' title='bbox 1664 1483 1879 1527; x_wconf 85' lang='lat' dir='ltr'>propugnari</span> <span class='ocrx_word' id='word_1_539' title='bbox 1896 1489 2017 1516; x_wconf 89' lang='lat' dir='ltr'>contra</span> <span class='ocrx_word' id='word_1_540' title='bbox 2034 1483 2228 1516; x_wconf 77' lang='lat' dir='ltr'>diabolum.</span> 
     </span>
    </p>
   </div>
   <div class='ocr_carea' id='block_1_8' title="bbox 1338 1549 2326 2099">
    <p class='ocr_par' dir='ltr' id='par_1_12' title="bbox 1338 1549 2326 2099">
     <span class='ocr_line' id='line_1_80' title="bbox 1444 1549 2326 1594; baseline 0.001 -11"><span class='ocrx_word' id='word_1_541' title='bbox 1444 1549 1528 1584; x_wconf 92' lang='lat' dir='ltr'>Ideo</span> <span class='ocrx_word' id='word_1_542' title='bbox 1549 1549 1653 1584; x_wconf 88' lang='lat' dir='ltr'>Iacob</span> <span class='ocrx_word' id='word_1_543' title='bbox 1671 1551 1734 1584; x_wconf 86' lang='lat' dir='ltr'>ait:</span> <span class='ocrx_word' id='word_1_544' title='bbox 1770 1549 1865 1584; x_wconf 91' lang='lat' dir='ltr'>Deus</span> <span class='ocrx_word' id='word_1_545' title='bbox 1882 1550 1990 1594; x_wconf 85' lang='lat' dir='ltr'>patris</span> <span class='ocrx_word' id='word_1_546' title='bbox 2005 1550 2093 1589; x_wconf 89' lang='lat' dir='ltr'>mei,</span> <span class='ocrx_word' id='word_1_547' title='bbox 2125 1557 2158 1584; x_wconf 88' lang='lat' dir='ltr'>et</span> <span class='ocrx_word' id='word_1_548' title='bbox 2182 1550 2326 1592; x_wconf 85' lang='lat' dir='ltr'>angelus</span> 
     </span>
     <span class='ocr_line' id='line_1_81' title="bbox 1341 1601 2325 1644; baseline 0 -10"><span class='ocrx_word' id='word_1_549' title='bbox 1341 1601 1402 1644; x_wconf 88' lang='lat' dir='ltr'>qui</span> <span class='ocrx_word' id='word_1_550' title='bbox 1420 1601 1510 1635; x_wconf 90' lang='lat' dir='ltr'>eruit</span> <span class='ocrx_word' id='word_1_551' title='bbox 1526 1613 1581 1634; x_wconf 88' lang='lat' dir='ltr'>me</span> <span class='ocrx_word' id='word_1_552' title='bbox 1600 1602 1734 1635; x_wconf 91' lang='lat' dir='ltr'>cunctis</span> <span class='ocrx_word' id='word_1_553' title='bbox 1757 1602 1879 1644; x_wconf 89' lang='lat' dir='ltr'>malis,</span> <span class='ocrx_word' id='word_1_554' title='bbox 1906 1601 2089 1634; x_wconf 90' lang='lat' dir='ltr'>benedicat</span> <span class='ocrx_word' id='word_1_555' title='bbox 2106 1601 2224 1644; x_wconf 89' lang='lat' dir='ltr'>pueris</span> <span class='ocrx_word' id='word_1_556' title='bbox 2240 1601 2325 1635; x_wconf 75' lang='lat' dir='ltr'>istis.</span> 
     </span>
     <span class='ocr_line' id='line_1_82' title="bbox 1340 1649 2326 1695; baseline 0.002 -11"><span class='ocrx_word' id='word_1_557' title='bbox 1340 1651 1446 1685; x_wconf 89' lang='lat' dir='ltr'>Hunc</span> <span class='ocrx_word' id='word_1_558' title='bbox 1471 1652 1633 1695; x_wconf 85' lang='lat' dir='ltr'>angelum</span> <span class='ocrx_word' id='word_1_559' title='bbox 1659 1649 1753 1686; x_wconf 90' lang='lat' dir='ltr'>haud</span> <span class='ocrx_word' id='word_1_560' title='bbox 1778 1652 1883 1685; x_wconf 87' lang='lat' dir='ltr'>dubie</span> <span class='ocrx_word' id='word_1_561' title='bbox 1908 1651 2080 1685; x_wconf 83' lang='lat' dir='ltr'>intellexit</span> <span class='ocrx_word' id='word_1_562' title='bbox 2110 1651 2222 1685; x_wconf 90' lang='lat' dir='ltr'>filium</span> <span class='ocrx_word' id='word_1_563' title='bbox 2248 1649 2326 1686; x_wconf 83' lang='lat' dir='ltr'>Dei.</span> 
     </span>
     <span class='ocr_line' id='line_1_83' title="bbox 1340 1699 2324 1746; baseline 0.001 -12"><span class='ocrx_word' id='word_1_564' title='bbox 1340 1701 1428 1734; x_wconf 86' lang='lat' dir='ltr'>Nam</span> <span class='ocrx_word' id='word_1_565' title='bbox 1464 1700 1521 1735; x_wconf 91' lang='lat' dir='ltr'>hic</span> <span class='ocrx_word' id='word_1_566' title='bbox 1551 1702 1677 1736; x_wconf 88' lang='lat' dir='ltr'>liberat</span> <span class='ocrx_word' id='word_1_567' title='bbox 1701 1714 1719 1735; x_wconf 91' lang='lat' dir='ltr'>a</span> <span class='ocrx_word' id='word_1_568' title='bbox 1743 1708 1882 1746; x_wconf 90' lang='lat' dir='ltr'>peccato</span> <span class='ocrx_word' id='word_1_569' title='bbox 1911 1708 1945 1734; x_wconf 90' lang='lat' dir='ltr'>et</span> <span class='ocrx_word' id='word_1_570' title='bbox 1974 1708 2098 1734; x_wconf 84' lang='lat' dir='ltr'>morte.</span> <span class='ocrx_word' id='word_1_571' title='bbox 2158 1699 2206 1734; x_wconf 89' lang='lat' dir='ltr'>Et</span> <span class='ocrx_word' id='word_1_572' title='bbox 2231 1703 2324 1745; x_wconf 91' lang='lat' dir='ltr'>apud</span> 
     </span>
     <span class='ocr_line' id='line_1_84' title="bbox 1339 1749 2323 1796; baseline 0.001 -11"><span class='ocrx_word' id='word_1_573' title='bbox 1339 1751 1525 1785; x_wconf 65' lang='lat' dir='ltr'>Danielem</span> <span class='ocrx_word' id='word_1_574' title='bbox 1543 1752 1702 1796; x_wconf 87' lang='lat' dir='ltr'>loquitur</span> <span class='ocrx_word' id='word_1_575' title='bbox 1719 1749 1775 1784; x_wconf 89' lang='lat' dir='ltr'>hic</span> <span class='ocrx_word' id='word_1_576' title='bbox 1791 1751 1973 1785; x_wconf 89' lang='lat' dir='ltr'>dominus:</span> <span class='ocrx_word' id='word_1_577' title='bbox 2009 1750 2105 1784; x_wconf 92' lang='lat' dir='ltr'>Haec</span> <span class='ocrx_word' id='word_1_578' title='bbox 2125 1751 2323 1786; x_wconf 85' lang='lat' dir='ltr'>testimonia</span> 
     </span>
     <span class='ocr_line' id='line_1_85' title="bbox 1339 1800 2323 1843; baseline 0 -8"><span class='ocrx_word' id='word_1_579' title='bbox 1339 1802 1593 1835; x_wconf 89' lang='lat' dir='ltr'>consideranda</span> <span class='ocrx_word' id='word_1_580' title='bbox 1617 1808 1714 1842; x_wconf 85' lang='lat' dir='ltr'>sunt,</span> <span class='ocrx_word' id='word_1_581' title='bbox 1743 1808 1783 1835; x_wconf 92' lang='lat' dir='ltr'>ut</span> <span class='ocrx_word' id='word_1_582' title='bbox 1804 1802 1977 1835; x_wconf 89' lang='lat' dir='ltr'>discamus</span> <span class='ocrx_word' id='word_1_583' title='bbox 1999 1801 2112 1834; x_wconf 91' lang='lat' dir='ltr'>filium</span> <span class='ocrx_word' id='word_1_584' title='bbox 2135 1800 2220 1843; x_wconf 88' lang='lat' dir='ltr'>Dei,</span> <span class='ocrx_word' id='word_1_585' title='bbox 2252 1800 2323 1835; x_wconf 89' lang='lat' dir='ltr'>Ec-</span> 
     </span>
     <span class='ocr_line' id='line_1_86' title="bbox 1339 1850 2322 1896; baseline 0 -11"><span class='ocrx_word' id='word_1_586' title='bbox 1339 1853 1461 1885; x_wconf 88' lang='lat' dir='ltr'>clesiae</span> <span class='ocrx_word' id='word_1_587' title='bbox 1478 1863 1614 1896; x_wconf 89' lang='lat' dir='ltr'>semper</span> <span class='ocrx_word' id='word_1_588' title='bbox 1629 1852 1788 1895; x_wconf 86' lang='lat' dir='ltr'>affuisse,</span> <span class='ocrx_word' id='word_1_589' title='bbox 1815 1859 1849 1885; x_wconf 89' lang='lat' dir='ltr'>et</span> <span class='ocrx_word' id='word_1_590' title='bbox 1865 1852 2068 1884; x_wconf 88' lang='lat' dir='ltr'>adfuturum</span> <span class='ocrx_word' id='word_1_591' title='bbox 2087 1862 2178 1892; x_wconf 91' lang='lat' dir='ltr'>esse,</span> <span class='ocrx_word' id='word_1_592' title='bbox 2206 1858 2240 1885; x_wconf 89' lang='lat' dir='ltr'>et</span> <span class='ocrx_word' id='word_1_593' title='bbox 2257 1850 2322 1885; x_wconf 88' lang='lat' dir='ltr'>hac</span> 
     </span>
     <span class='ocr_line' id='line_1_87' title="bbox 1338 1897 2321 1942; baseline 0 -7"><span class='ocrx_word' id='word_1_594' title='bbox 1338 1903 1464 1936; x_wconf 84' lang='lat' dir='ltr'>fiducia</span> <span class='ocrx_word' id='word_1_595' title='bbox 1482 1915 1560 1936; x_wconf 89' lang='lat' dir='ltr'>eum</span> <span class='ocrx_word' id='word_1_596' title='bbox 1577 1903 1798 1942; x_wconf 89' lang='lat' dir='ltr'>invocemus,</span> <span class='ocrx_word' id='word_1_597' title='bbox 1824 1901 1913 1935; x_wconf 92' lang='lat' dir='ltr'>sicut</span> <span class='ocrx_word' id='word_1_598' title='bbox 1932 1902 1962 1936; x_wconf 92' lang='lat'>1.</span> <span class='ocrx_word' id='word_1_599' title='bbox 1977 1897 2138 1934; x_wconf 86' lang='lat' dir='ltr'>Corinth.</span> <span class='ocrx_word' id='word_1_600' title='bbox 2160 1901 2217 1936; x_wconf 92' lang='grc'>10.</span> <span class='ocrx_word' id='word_1_601' title='bbox 2232 1902 2321 1935; x_wconf 89' lang='lat' dir='ltr'>dici-</span> 
     </span>
     <span class='ocr_line' id='line_1_88' title="bbox 1338 1950 2321 1996; baseline -0.001 -9"><span class='ocrx_word' id='word_1_602' title='bbox 1338 1960 1397 1987; x_wconf 89' lang='lat' dir='ltr'>tur</span> <span class='ocrx_word' id='word_1_603' title='bbox 1413 1954 1455 1986; x_wconf 88' lang='lat' dir='ltr'>de</span> <span class='ocrx_word' id='word_1_604' title='bbox 1471 1953 1658 1987; x_wconf 89' lang='lat' dir='ltr'>comitante</span> <span class='ocrx_word' id='word_1_605' title='bbox 1673 1963 1731 1986; x_wconf 89' lang='lat' dir='ltr'>eos</span> <span class='ocrx_word' id='word_1_606' title='bbox 1757 1959 1865 1996; x_wconf 82' lang='lat' dir='ltr'>petra.</span> <span class='ocrx_word' id='word_1_607' title='bbox 1918 1950 2110 1985; x_wconf 88' lang='lat' dir='ltr'>Continent</span> <span class='ocrx_word' id='word_1_608' title='bbox 2134 1952 2237 1985; x_wconf 85' lang='lat' dir='ltr'>etiam</span> <span class='ocrx_word' id='word_1_609' title='bbox 2255 1950 2321 1986; x_wconf 89' lang='lat' dir='ltr'>hae</span> 
     </span>
     <span class='ocr_line' id='line_1_89' title="bbox 1339 1998 2320 2049; baseline 0 -12"><span class='ocrx_word' id='word_1_610' title='bbox 1339 2002 1505 2038; x_wconf 84' lang='lat' dir='ltr'>historiae</span> <span class='ocrx_word' id='word_1_611' title='bbox 1533 2003 1670 2038; x_wconf 89' lang='lat' dir='ltr'>illustre</span> <span class='ocrx_word' id='word_1_612' title='bbox 1707 2009 1974 2046; x_wconf 87' lang='lat' dir='ltr'>argumentum,</span> <span class='ocrx_word' id='word_1_613' title='bbox 2016 2002 2113 2047; x_wconf 91' lang='lat' dir='ltr'>quod</span> <span class='ocrx_word' id='word_1_614' title='bbox 2141 1998 2248 2049; x_wconf 76' lang='grc' dir='ltr'><em>λόγος</em></span> <span class='ocrx_word' id='word_1_615' title='bbox 2275 2003 2320 2037; x_wconf 79' lang='lat' dir='ltr'>sit</span> 
     </span>
     <span class='ocr_line' id='line_1_90' title="bbox 1338 2065 1495 2099; baseline -0.013 -11"><span class='ocrx_word' id='word_1_616' title='bbox 1338 2065 1495 2099; x_wconf 89' lang='lat' dir='ltr'>persona.</span> 
     </span>
    </p>
   </div>
   <div class='ocr_carea' id='block_1_9' title="bbox 1335 2110 2319 2715">
    <p class='ocr_par' dir='ltr' id='par_1_13' title="bbox 1335 2110 2319 2715">
     <span class='ocr_line' id='line_1_91' title="bbox 1439 2110 2319 2156; baseline -0.001 -9"><span class='ocrx_word' id='word_1_617' title='bbox 1439 2112 1516 2147; x_wconf 89' lang='lat' dir='ltr'>Etsi</span> <span class='ocrx_word' id='word_1_618' title='bbox 1538 2120 1653 2147; x_wconf 89' lang='lat' dir='ltr'>autem</span> <span class='ocrx_word' id='word_1_619' title='bbox 1674 2110 1732 2146; x_wconf 91' lang='lat' dir='ltr'>hic</span> <span class='ocrx_word' id='word_1_620' title='bbox 1758 2112 1927 2146; x_wconf 91' lang='lat' dir='ltr'>articulus</span> <span class='ocrx_word' id='word_1_621' title='bbox 1948 2112 2143 2145; x_wconf 89' lang='lat' dir='ltr'>credendus</span> <span class='ocrx_word' id='word_1_622' title='bbox 2167 2117 2219 2146; x_wconf 87' lang='lat' dir='ltr'>est</span> <span class='ocrx_word' id='word_1_623' title='bbox 2237 2123 2319 2156; x_wconf 92' lang='lat' dir='ltr'>pro-</span> 
     </span>
     <span class='ocr_line' id='line_1_92' title="bbox 1339 2163 2317 2208; baseline -0.003 -10"><span class='ocrx_word' id='word_1_624' title='bbox 1339 2171 1413 2208; x_wconf 89' lang='lat' dir='ltr'>pter</span> <span class='ocrx_word' id='word_1_625' title='bbox 1432 2165 1577 2198; x_wconf 89' lang='lat' dir='ltr'>verbum</span> <span class='ocrx_word' id='word_1_626' title='bbox 1595 2163 1671 2204; x_wconf 92' lang='lat' dir='ltr'>Dei,</span> <span class='ocrx_word' id='word_1_627' title='bbox 1697 2169 1813 2197; x_wconf 89' lang='lat' dir='ltr'>tamen</span> <span class='ocrx_word' id='word_1_628' title='bbox 1830 2164 1972 2206; x_wconf 86' lang='lat' dir='ltr'>prodest</span> <span class='ocrx_word' id='word_1_629' title='bbox 1990 2163 2092 2196; x_wconf 89' lang='lat' dir='ltr'>etiam</span> <span class='ocrx_word' id='word_1_630' title='bbox 2110 2173 2212 2195; x_wconf 90' lang='lat' dir='ltr'>nosse</span> <span class='ocrx_word' id='word_1_631' title='bbox 2226 2163 2317 2195; x_wconf 88' lang='lat' dir='ltr'>dicta</span> 
     </span>
     <span class='ocr_line' id='line_1_93' title="bbox 1338 2212 2316 2259; baseline -0.002 -12"><span class='ocrx_word' id='word_1_632' title='bbox 1338 2215 1498 2259; x_wconf 91' lang='lat' dir='ltr'>piorum,</span> <span class='ocrx_word' id='word_1_633' title='bbox 1524 2221 1556 2248; x_wconf 88' lang='lat' dir='ltr'>et</span> <span class='ocrx_word' id='word_1_634' title='bbox 1573 2215 1801 2258; x_wconf 88' lang='lat' dir='ltr'>probatorum</span> <span class='ocrx_word' id='word_1_635' title='bbox 1825 2214 2052 2256; x_wconf 90' lang='lat' dir='ltr'>scriptorum,</span> <span class='ocrx_word' id='word_1_636' title='bbox 2086 2212 2147 2258; x_wconf 92' lang='lat' dir='ltr'>qui</span> <span class='ocrx_word' id='word_1_637' title='bbox 2166 2212 2316 2256; x_wconf 85' lang='lat' dir='ltr'>proximi</span> 
     </span>
     <span class='ocr_line' id='line_1_94' title="bbox 1337 2263 2318 2309; baseline -0.003 -10"><span class='ocrx_word' id='word_1_638' title='bbox 1337 2267 1479 2300; x_wconf 86' lang='lat' dir='ltr'>fuerunt</span> <span class='ocrx_word' id='word_1_639' title='bbox 1493 2265 1684 2309; x_wconf 85' lang='lat' dir='ltr'>Apostolis.</span> <span class='ocrx_word' id='word_1_640' title='bbox 1726 2263 1869 2299; x_wconf 88' lang='lat' dir='ltr'>Constat</span> <span class='ocrx_word' id='word_1_641' title='bbox 1885 2265 1933 2298; x_wconf 91' lang='lat' dir='ltr'>sic</span> <span class='ocrx_word' id='word_1_642' title='bbox 1947 2264 2093 2297; x_wconf 89' lang='lat' dir='ltr'>sensisse</span> <span class='ocrx_word' id='word_1_643' title='bbox 2111 2268 2143 2296; x_wconf 91' lang='lat' dir='ltr'>et</span> <span class='ocrx_word' id='word_1_644' title='bbox 2158 2263 2318 2296; x_wconf 89' lang='lat' dir='ltr'>docuisse</span> 
     </span>
     <span class='ocr_line' id='line_1_95' title="bbox 1339 2312 2318 2360; baseline -0.002 -12"><span class='ocrx_word' id='word_1_645' title='bbox 1339 2317 1415 2359; x_wconf 87' lang='lat' dir='ltr'>pios</span> <span class='ocrx_word' id='word_1_646' title='bbox 1435 2317 1472 2349; x_wconf 89' lang='lat' dir='ltr'>in</span> <span class='ocrx_word' id='word_1_647' title='bbox 1490 2315 1644 2350; x_wconf 88' lang='lat' dir='ltr'>Ecclesia</span> <span class='ocrx_word' id='word_1_648' title='bbox 1657 2340 1666 2355; x_wconf 93' lang='lat'>,</span> <span class='ocrx_word' id='word_1_649' title='bbox 1702 2315 1763 2360; x_wconf 88' lang='lat' dir='ltr'>qui</span> <span class='ocrx_word' id='word_1_650' title='bbox 1788 2315 2000 2349; x_wconf 89' lang='lat' dir='ltr'>audiverunt</span> <span class='ocrx_word' id='word_1_651' title='bbox 2021 2314 2114 2358; x_wconf 91' lang='lat' dir='ltr'>ipsos</span> <span class='ocrx_word' id='word_1_652' title='bbox 2129 2312 2318 2357; x_wconf 85' lang='lat' dir='ltr'>Apostolos</span> 
     </span>
     <span class='ocr_line' id='line_1_96' title="bbox 1337 2364 2316 2411; baseline -0.003 -12"><span class='ocrx_word' id='word_1_653' title='bbox 1337 2368 1544 2411; x_wconf 86' lang='lat' dir='ltr'>interpretes</span> <span class='ocrx_word' id='word_1_654' title='bbox 1565 2378 1646 2400; x_wconf 89' lang='lat' dir='ltr'>suae</span> <span class='ocrx_word' id='word_1_655' title='bbox 1669 2366 1862 2400; x_wconf 87' lang='lat' dir='ltr'>doctrinae.</span> <span class='ocrx_word' id='word_1_656' title='bbox 1916 2365 2054 2399; x_wconf 89' lang='lat' dir='ltr'>Addam</span> <span class='ocrx_word' id='word_1_657' title='bbox 2077 2364 2185 2407; x_wconf 90' lang='lat' dir='ltr'>igitur</span> <span class='ocrx_word' id='word_1_658' title='bbox 2201 2370 2316 2397; x_wconf 88' lang='lat' dir='ltr'>vetera</span> 
     </span>
     <span class='ocr_line' id='line_1_97' title="bbox 1337 2415 2316 2462; baseline -0.003 -11"><span class='ocrx_word' id='word_1_659' title='bbox 1337 2419 1507 2462; x_wconf 87' lang='lat' dir='ltr'>quaedam</span> <span class='ocrx_word' id='word_1_660' title='bbox 1524 2417 1734 2451; x_wconf 87' lang='lat' dir='ltr'>testimonia.</span> <span class='ocrx_word' id='word_1_661' title='bbox 1786 2416 1875 2451; x_wconf 91' lang='lat' dir='ltr'>Cum</span> <span class='ocrx_word' id='word_1_662' title='bbox 1888 2415 2135 2450; x_wconf 87' lang='lat' dir='ltr'>Samosatenus</span> <span class='ocrx_word' id='word_1_663' title='bbox 2151 2415 2316 2448; x_wconf 88' lang='lat' dir='ltr'>movisset</span> 
     </span>
     <span class='ocr_line' id='line_1_98' title="bbox 1337 2465 2314 2507; baseline -0.001 -7"><span class='ocrx_word' id='word_1_664' title='bbox 1337 2465 1426 2501; x_wconf 88' lang='lat' dir='ltr'>hanc</span> <span class='ocrx_word' id='word_1_665' title='bbox 1451 2467 1741 2507; x_wconf 83' lang='lat' dir='ltr'>controversiam,</span> <span class='ocrx_word' id='word_1_666' title='bbox 1776 2467 1960 2501; x_wconf 87' lang='lat' dir='ltr'>accersitus</span> <span class='ocrx_word' id='word_1_667' title='bbox 1985 2472 2034 2499; x_wconf 86' lang='lat' dir='ltr'>est</span> <span class='ocrx_word' id='word_1_668' title='bbox 2058 2466 2101 2497; x_wconf 87' lang='lat' dir='ltr'>ad</span> <span class='ocrx_word' id='word_1_669' title='bbox 2122 2477 2201 2498; x_wconf 89' lang='lat' dir='ltr'>eum</span> <span class='ocrx_word' id='word_1_670' title='bbox 2219 2465 2314 2499; x_wconf 89' lang='lat' dir='ltr'>refu-</span> 
     </span>
     <span class='ocr_line' id='line_1_99' title="bbox 1336 2515 2316 2562; baseline -0.003 -11"><span class='ocrx_word' id='word_1_671' title='bbox 1336 2520 1480 2552; x_wconf 89' lang='lat' dir='ltr'>tandum</span> <span class='ocrx_word' id='word_1_672' title='bbox 1499 2518 1690 2562; x_wconf 85' lang='lat' dir='ltr'>Gregorius</span> <span class='ocrx_word' id='word_1_673' title='bbox 1706 2516 2003 2552; x_wconf 89' lang='lat' dir='ltr'>Neocaesariensis</span> <span class='ocrx_word' id='word_1_674' title='bbox 2021 2515 2228 2560; x_wconf 89' lang='lat' dir='ltr'>Episcopus,</span> <span class='ocrx_word' id='word_1_675' title='bbox 2253 2516 2316 2561; x_wconf 87' lang='lat' dir='ltr'>qui</span> 
     </span>
     <span class='ocr_line' id='line_1_100' title="bbox 1336 2564 2315 2610; baseline -0.002 -9"><span class='ocrx_word' id='word_1_676' title='bbox 1336 2569 1491 2602; x_wconf 89' lang='lat' dir='ltr'>doctrina</span> <span class='ocrx_word' id='word_1_677' title='bbox 1517 2576 1550 2603; x_wconf 88' lang='lat' dir='ltr'>et</span> <span class='ocrx_word' id='word_1_678' title='bbox 1575 2569 1752 2603; x_wconf 91' lang='lat' dir='ltr'>miraculis</span> <span class='ocrx_word' id='word_1_679' title='bbox 1776 2569 1912 2605; x_wconf 79' lang='lat' dir='ltr'>claruit.</span> <span class='ocrx_word' id='word_1_680' title='bbox 1971 2566 2076 2600; x_wconf 89' lang='lat' dir='ltr'>Hunc</span> <span class='ocrx_word' id='word_1_681' title='bbox 2102 2564 2315 2610; x_wconf 82' lang='lat' dir='ltr'>Gregorium</span> 
     </span>
     <span class='ocr_line' id='line_1_101' title="bbox 1338 2618 2314 2664; baseline -0.002 -13"><span class='ocrx_word' id='word_1_682' title='bbox 1338 2626 1368 2652; x_wconf 89' lang='lat' dir='ltr'>et</span> <span class='ocrx_word' id='word_1_683' title='bbox 1386 2618 1536 2652; x_wconf 83' lang='lat' dir='ltr'>Basilius</span> <span class='ocrx_word' id='word_1_684' title='bbox 1550 2620 1690 2662; x_wconf 87' lang='lat' dir='ltr'>allegat,</span> <span class='ocrx_word' id='word_1_685' title='bbox 1718 2627 1881 2664; x_wconf 84' lang='lat' dir='ltr'>tanquam</span> <span class='ocrx_word' id='word_1_686' title='bbox 1898 2630 2035 2662; x_wconf 83' lang='lat' dir='ltr'>gravem</span> <span class='ocrx_word' id='word_1_687' title='bbox 2051 2623 2184 2656; x_wconf 88' lang='lat' dir='ltr'>testem,</span> <span class='ocrx_word' id='word_1_688' title='bbox 2209 2628 2314 2660; x_wconf 90' lang='lat' dir='ltr'>seque</span> 
     </span>
     <span class='ocr_line' id='line_1_102' title="bbox 1335 2667 2314 2715; baseline -0.003 -13"><span class='ocrx_word' id='word_1_689' title='bbox 1335 2670 1382 2702; x_wconf 90' lang='lat' dir='ltr'>ait</span> <span class='ocrx_word' id='word_1_690' title='bbox 1407 2682 1425 2703; x_wconf 89' lang='lat' dir='ltr'>a</span> <span class='ocrx_word' id='word_1_691' title='bbox 1447 2682 1507 2703; x_wconf 88' lang='lat' dir='ltr'>sua</span> <span class='ocrx_word' id='word_1_692' title='bbox 1526 2671 1662 2704; x_wconf 91' lang='lat' dir='ltr'>nutrice</span> <span class='ocrx_word' id='word_1_693' title='bbox 1685 2672 1854 2715; x_wconf 88' lang='lat' dir='ltr'>accepisse</span> <span class='ocrx_word' id='word_1_694' title='bbox 1879 2669 2093 2708; x_wconf 89' lang='lat' dir='ltr'>doctrinam,</span> <span class='ocrx_word' id='word_1_695' title='bbox 2127 2679 2231 2713; x_wconf 91' lang='lat' dir='ltr'>quam</span> <span class='ocrx_word' id='word_1_696' title='bbox 2254 2667 2314 2700; x_wconf 89' lang='lat' dir='ltr'>illa</span> 
     </span>
    </p>
   </div>
  </div>
 </body>
</html>
