<?xml version="1.0" encoding="UTF-8"?>
<!DOCTYPE html PUBLIC "-//W3C//DTD XHTML 1.0 Transitional//EN"
    "http://www.w3.org/TR/xhtml1/DTD/xhtml1-transitional.dtd">
<html xmlns="http://www.w3.org/1999/xhtml" xml:lang="en" lang="en">
 <head>
  <title>
</title>
<meta http-equiv="Content-Type" content="text/html;charset=utf-8" />
  <meta name='ocr-system' content='tesseract 3.04.00' />
  <meta name='ocr-capabilities' content='ocr_page ocr_carea ocr_par ocr_line ocrx_word'/>
</head>
<body>
  <div class='ocr_page' id='page_1' title='image "./operaquaesupersu15melauoft/operaquaesupersu15melauoft_0413.png"; bbox 0 0 2415 2942; ppageno 0'>
   <div class='ocr_carea' id='block_1_1' title="bbox 122 92 413 133">
    <p class='ocr_par' dir='ltr' id='par_1_1' title="bbox 122 92 413 133">
     <span class='ocr_line' id='line_1_1' title="bbox 122 92 413 133; baseline -0.017 -1"><span class='ocrx_word' id='word_1_1' title='bbox 122 96 196 133; x_wconf 88' lang='grc'>809</span> <span class='ocrx_word' id='word_1_2' title='bbox 314 92 413 128; x_wconf 82' lang='lat' dir='ltr'>XIII.</span> 
     </span>
    </p>
   </div>
   <div class='ocr_carea' id='block_1_2' title="bbox 122 175 1154 2660">
    <p class='ocr_par' dir='ltr' id='par_1_2' title="bbox 122 175 1142 1585">
     <span class='ocr_line' id='line_1_2' title="bbox 199 175 1113 222; baseline -0.009 -8"><span class='ocrx_word' id='word_1_3' title='bbox 199 180 274 214; x_wconf 89' lang='lat' dir='ltr'>Hac</span> <span class='ocrx_word' id='word_1_4' title='bbox 297 178 553 222; x_wconf 85' lang='lat' dir='ltr'>imaginatione</span> <span class='ocrx_word' id='word_1_5' title='bbox 581 183 769 211; x_wconf 87' lang='lat' dir='ltr'>moventur</span> <span class='ocrx_word' id='word_1_6' title='bbox 797 175 982 220; x_wconf 89' lang='lat' dir='ltr'>praecipue</span> <span class='ocrx_word' id='word_1_7' title='bbox 1008 175 1113 207; x_wconf 87' lang='lat' dir='ltr'>multi</span> 
     </span>
     <span class='ocr_line' id='line_1_3' title="bbox 122 223 1113 270; baseline -0.009 -4"><span class='ocrx_word' id='word_1_8' title='bbox 122 244 196 266; x_wconf 90' lang='lat' dir='ltr'>non</span> <span class='ocrx_word' id='word_1_9' title='bbox 213 230 366 270; x_wconf 90' lang='lat' dir='ltr'>indocti,</span> <span class='ocrx_word' id='word_1_10' title='bbox 396 237 435 263; x_wconf 91' lang='lat' dir='ltr'>ut</span> <span class='ocrx_word' id='word_1_11' title='bbox 457 230 558 262; x_wconf 90' lang='lat' dir='ltr'>valde</span> <span class='ocrx_word' id='word_1_12' title='bbox 579 226 794 262; x_wconf 70' lang='lat' dir='ltr'>abhorreant</span> <span class='ocrx_word' id='word_1_13' title='bbox 821 227 866 259; x_wconf 90' lang='lat' dir='ltr'>ab</span> <span class='ocrx_word' id='word_1_14' title='bbox 891 223 954 258; x_wconf 92' lang='lat' dir='ltr'>hac</span> <span class='ocrx_word' id='word_1_15' title='bbox 980 237 1113 269; x_wconf 87' lang='lat' dir='ltr'>propo-</span> 
     </span>
     <span class='ocr_line' id='line_1_4' title="bbox 123 276 1111 322; baseline -0.009 -6"><span class='ocrx_word' id='word_1_16' title='bbox 123 283 285 322; x_wconf 70' lang='lat' dir='ltr'>sitione,-</span> <span class='ocrx_word' id='word_1_17' title='bbox 302 280 390 314; x_wconf 84' lang='lat' dir='ltr'>Fide</span> <span class='ocrx_word' id='word_1_18' title='bbox 412 280 660 320; x_wconf 84' lang='lat' dir='ltr'>iustificamur,</span> <span class='ocrx_word' id='word_1_19' title='bbox 700 280 760 311; x_wconf 90' lang='lat' dir='ltr'>sed</span> <span class='ocrx_word' id='word_1_20' title='bbox 787 277 967 310; x_wconf 87' lang='lat' dir='ltr'>verissima</span> <span class='ocrx_word' id='word_1_21' title='bbox 996 283 1026 309; x_wconf 92' lang='lat' dir='ltr'>et</span> <span class='ocrx_word' id='word_1_22' title='bbox 1054 276 1111 308; x_wconf 91' lang='lat' dir='ltr'>fir-</span> 
     </span>
     <span class='ocr_line' id='line_1_5' title="bbox 123 327 1112 376; baseline -0.01 -9"><span class='ocrx_word' id='word_1_23' title='bbox 123 333 279 367; x_wconf 88' lang='lat' dir='ltr'>missima</span> <span class='ocrx_word' id='word_1_24' title='bbox 304 331 486 376; x_wconf 81' lang='lat' dir='ltr'>responsio</span> <span class='ocrx_word' id='word_1_25' title='bbox 504 337 573 370; x_wconf 82' lang='lat' dir='ltr'>cst,</span> <span class='ocrx_word' id='word_1_26' title='bbox 606 330 802 373; x_wconf 84' lang='lat' dir='ltr'>negandum</span> <span class='ocrx_word' id='word_1_27' title='bbox 830 339 902 360; x_wconf 89' lang='lat' dir='ltr'>esse</span> <span class='ocrx_word' id='word_1_28' title='bbox 926 327 1112 361; x_wconf 87' lang='lat' dir='ltr'>minorem.</span> 
     </span>
     <span class='ocr_line' id='line_1_6' title="bbox 123 377 1111 426; baseline -0.008 -9"><span class='ocrx_word' id='word_1_29' title='bbox 123 384 212 418; x_wconf 88' lang='lat' dir='ltr'>Nam</span> <span class='ocrx_word' id='word_1_30' title='bbox 230 384 266 416; x_wconf 89' lang='lat' dir='ltr'>in</span> <span class='ocrx_word' id='word_1_31' title='bbox 284 381 350 416; x_wconf 83' lang='lat' dir='ltr'>hac</span> <span class='ocrx_word' id='word_1_32' title='bbox 367 382 608 426; x_wconf 81' lang='lat' dir='ltr'>propositione</span> <span class='ocrx_word' id='word_1_33' title='bbox 627 381 718 424; x_wconf 89' lang='lat' dir='ltr'>apud</span> <span class='ocrx_word' id='word_1_34' title='bbox 736 378 898 418; x_wconf 88' lang='lat' dir='ltr'>Paulum,</span> <span class='ocrx_word' id='word_1_35' title='bbox 920 377 990 410; x_wconf 86' lang='lat' dir='ltr'>fide</span> <span class='ocrx_word' id='word_1_36' title='bbox 1009 377 1111 410; x_wconf 84' lang='lat' dir='ltr'>iusti-</span> 
     </span>
     <span class='ocr_line' id='line_1_7' title="bbox 124 428 1139 478; baseline -0.009 -10"><span class='ocrx_word' id='word_1_37' title='bbox 124 435 215 468; x_wconf 86' lang='lat' dir='ltr'>ficati</span> <span class='ocrx_word' id='word_1_38' title='bbox 238 431 564 478; x_wconf 83' lang='lat' dir='ltr'>pacemhabemus‚</span> <span class='ocrx_word' id='word_1_39' title='bbox 591 437 623 464; x_wconf 89' lang='lat' dir='ltr'>et</span> <span class='ocrx_word' id='word_1_40' title='bbox 639 432 676 463; x_wconf 91' lang='lat' dir='ltr'>in</span> <span class='ocrx_word' id='word_1_41' title='bbox 693 430 794 463; x_wconf 89' lang='lat' dir='ltr'>dictis</span> <span class='ocrx_word' id='word_1_42' title='bbox 811 428 998 468; x_wconf 83' lang='lat' dir='ltr'>similibus,</span> <span class='ocrx_word' id='word_1_43' title='bbox 1027 428 1111 460; x_wconf 84' lang='lat' dir='ltr'>fides</span> <span class='ocrx_word' id='word_1_44' title='bbox 1136 428 1139 455; x_wconf 72' lang='grc' dir='ltr'>Ῐ</span> 
     </span>
     <span class='ocr_line' id='line_1_8' title="bbox 127 478 1138 530; baseline -0.009 -11"><span class='ocrx_word' id='word_1_45' title='bbox 127 496 349 530; x_wconf 81' lang='lat' dir='ltr'>nequaquam</span> <span class='ocrx_word' id='word_1_46' title='bbox 379 483 551 527; x_wconf 84' lang='lat' dir='ltr'>significat</span> <span class='ocrx_word' id='word_1_47' title='bbox 587 488 724 515; x_wconf 89' lang='lat' dir='ltr'>tantum</span> <span class='ocrx_word' id='word_1_48' title='bbox 756 479 923 513; x_wconf 75' lang='lat' dir='ltr'>noticiam</span> <span class='ocrx_word' id='word_1_49' title='bbox 942 507 950 519; x_wconf 87' lang='lat'>,</span> <span class='ocrx_word' id='word_1_50' title='bbox 995 479 1110 524; x_wconf 84' lang='lat' dir='ltr'>qualis</span> <span class='ocrx_word' id='word_1_51' title='bbox 1136 478 1138 504; x_wconf 53' lang='grc' dir='ltr'>ἴ</span> 
     </span>
     <span class='ocr_line' id='line_1_9' title="bbox 127 531 1139 607; baseline -0.008 -37"><span class='ocrx_word' id='word_1_52' title='bbox 127 544 178 570; x_wconf 84' lang='lat' dir='ltr'>est</span> <span class='ocrx_word' id='word_1_53' title='bbox 205 537 240 568; x_wconf 91' lang='lat' dir='ltr'>in</span> <span class='ocrx_word' id='word_1_54' title='bbox 266 535 436 575; x_wconf 89' lang='lat' dir='ltr'>diabolis,</span> <span class='ocrx_word' id='word_1_55' title='bbox 464 545 552 578; x_wconf 85' lang='lat' dir='ltr'>quae</span> <span class='ocrx_word' id='word_1_56' title='bbox 579 532 708 566; x_wconf 75' lang='lat' dir='ltr'>noticia</span> <span class='ocrx_word' id='word_1_57' title='bbox 733 536 835 574; x_wconf 85' lang='lat' dir='ltr'>auget</span> <span class='ocrx_word' id='word_1_58' title='bbox 862 542 1028 574; x_wconf 78' lang='lat' dir='ltr'>pavores,</span> <span class='ocrx_word' id='word_1_59' title='bbox 1056 531 1111 562; x_wconf 90' lang='lat' dir='ltr'>su-</span> <span class='ocrx_word' id='word_1_60' title='bbox 1135 533 1139 607; x_wconf 66' lang='grc' dir='ltr'>Ι</span> 
     </span>
     <span class='ocr_line' id='line_1_10' title="bbox 127 581 1111 631; baseline -0.008 -11"><span class='ocrx_word' id='word_1_61' title='bbox 127 599 204 631; x_wconf 84' lang='lat' dir='ltr'>gam</span> <span class='ocrx_word' id='word_1_62' title='bbox 228 593 261 620; x_wconf 87' lang='lat' dir='ltr'>et</span> <span class='ocrx_word' id='word_1_63' title='bbox 281 584 612 619; x_wconf 77' lang='lat' dir='ltr'>consternationem.</span> <span class='ocrx_word' id='word_1_64' title='bbox 669 581 751 614; x_wconf 88' lang='lat' dir='ltr'>Ideo</span> <span class='ocrx_word' id='word_1_65' title='bbox 771 581 865 613; x_wconf 89' lang='lat' dir='ltr'>enim</span> <span class='ocrx_word' id='word_1_66' title='bbox 885 588 998 614; x_wconf 87' lang='lat' dir='ltr'>metus</span> <span class='ocrx_word' id='word_1_67' title='bbox 1018 581 1111 613; x_wconf 90' lang='lat' dir='ltr'>iudi-</span> 
     </span>
     <span class='ocr_line' id='line_1_11' title="bbox 127 620 1139 696; baseline -0.008 -25"><span class='ocrx_word' id='word_1_68' title='bbox 127 638 171 671; x_wconf 88' lang='lat' dir='ltr'>cii</span> <span class='ocrx_word' id='word_1_69' title='bbox 191 645 225 671; x_wconf 91' lang='lat' dir='ltr'>et</span> <span class='ocrx_word' id='word_1_70' title='bbox 250 648 445 681; x_wconf 87' lang='lat' dir='ltr'>poenarum</span> <span class='ocrx_word' id='word_1_71' title='bbox 469 634 622 668; x_wconf 77' lang='lat' dir='ltr'>atrocior</span> <span class='ocrx_word' id='word_1_72' title='bbox 648 640 681 666; x_wconf 92' lang='lat' dir='ltr'>et</span> <span class='ocrx_word' id='word_1_73' title='bbox 700 632 813 665; x_wconf 85' lang='lat' dir='ltr'>maior</span> <span class='ocrx_word' id='word_1_74' title='bbox 838 638 887 665; x_wconf 88' lang='lat' dir='ltr'>est</span> <span class='ocrx_word' id='word_1_75' title='bbox 907 632 943 664; x_wconf 89' lang='lat' dir='ltr'>in</span> <span class='ocrx_word' id='word_1_76' title='bbox 968 633 1110 664; x_wconf 87' lang='lat' dir='ltr'>daemo-</span> <span class='ocrx_word' id='word_1_77' title='bbox 1135 620 1139 696; x_wconf 56' lang='grc' dir='ltr'>ἶ</span> 
     </span>
     <span class='ocr_line' id='line_1_12' title="bbox 126 683 1140 738; baseline -0.008 -16"><span class='ocrx_word' id='word_1_78' title='bbox 126 689 249 726; x_wconf 90' lang='lat' dir='ltr'>nibus,</span> <span class='ocrx_word' id='word_1_79' title='bbox 291 687 373 732; x_wconf 88' lang='lat' dir='ltr'>quia</span> <span class='ocrx_word' id='word_1_80' title='bbox 404 685 513 729; x_wconf 87' lang='lat' dir='ltr'>magis</span> <span class='ocrx_word' id='word_1_81' title='bbox 545 684 750 727; x_wconf 83' lang='lat' dir='ltr'>intelligunt</span> <span class='ocrx_word' id='word_1_82' title='bbox 773 683 1054 726; x_wconf 80' lang='lat' dir='ltr'>magnitudinem</span> <span class='ocrx_word' id='word_1_83' title='bbox 1080 689 1111 715; x_wconf 81' lang='lat' dir='ltr'>et</span> <span class='ocrx_word' id='word_1_84' title='bbox 1136 706 1140 738; x_wconf 47' lang='grc' dir='ltr'><strong>ἱ</strong></span> 
     </span>
     <span class='ocr_line' id='line_1_13' title="bbox 127 733 1138 773; baseline -0.006 0"><span class='ocrx_word' id='word_1_85' title='bbox 127 739 343 773; x_wconf 77' lang='lat' dir='ltr'>atrocitatem</span> <span class='ocrx_word' id='word_1_86' title='bbox 368 748 510 770; x_wconf 91' lang='lat' dir='ltr'>suorum</span> <span class='ocrx_word' id='word_1_87' title='bbox 537 735 707 767; x_wconf 87' lang='lat' dir='ltr'>scelerum</span> <span class='ocrx_word' id='word_1_88' title='bbox 740 735 906 767; x_wconf 86' lang='lat' dir='ltr'>adversus</span> <span class='ocrx_word' id='word_1_89' title='bbox 932 733 1046 768; x_wconf 88' lang='lat' dir='ltr'>Deum</span> <span class='ocrx_word' id='word_1_90' title='bbox 1080 740 1112 766; x_wconf 87' lang='lat' dir='ltr'>et</span> <span class='ocrx_word' id='word_1_91' title='bbox 1137 739 1138 767; x_wconf 75' lang='lat' dir='ltr'>l</span> 
     </span>
     <span class='ocr_line' id='line_1_14' title="bbox 129 785 1112 828; baseline -0.007 -5"><span class='ocrx_word' id='word_1_92' title='bbox 129 791 296 824; x_wconf 88' lang='lat' dir='ltr'>adversus</span> <span class='ocrx_word' id='word_1_93' title='bbox 326 788 436 820; x_wconf 91' lang='lat' dir='ltr'>filium</span> <span class='ocrx_word' id='word_1_94' title='bbox 462 786 545 826; x_wconf 89' lang='lat' dir='ltr'>Dei,</span> <span class='ocrx_word' id='word_1_95' title='bbox 581 792 614 818; x_wconf 87' lang='lat' dir='ltr'>et</span> <span class='ocrx_word' id='word_1_96' title='bbox 645 785 754 827; x_wconf 84' lang='lat' dir='ltr'>magis</span> <span class='ocrx_word' id='word_1_97' title='bbox 778 792 911 818; x_wconf 90' lang='lat' dir='ltr'>norunt</span> <span class='ocrx_word' id='word_1_98' title='bbox 935 786 1112 828; x_wconf 83' lang='lat' dir='ltr'>magnitu-</span> 
     </span>
     <span class='ocr_line' id='line_1_15' title="bbox 127 835 1111 879; baseline -0.005 -6"><span class='ocrx_word' id='word_1_99' title='bbox 127 841 245 874; x_wconf 85' lang='lat' dir='ltr'>dinem</span> <span class='ocrx_word' id='word_1_100' title='bbox 272 840 342 872; x_wconf 86' lang='lat' dir='ltr'>irae</span> <span class='ocrx_word' id='word_1_101' title='bbox 355 837 442 879; x_wconf 84' lang='lat' dir='ltr'>Dei,</span> <span class='ocrx_word' id='word_1_102' title='bbox 467 845 499 870; x_wconf 88' lang='lat' dir='ltr'>et</span> <span class='ocrx_word' id='word_1_103' title='bbox 521 836 649 869; x_wconf 90' lang='lat' dir='ltr'>certius</span> <span class='ocrx_word' id='word_1_104' title='bbox 671 843 849 874; x_wconf 79' lang='lat' dir='ltr'>statuunt,</span> <span class='ocrx_word' id='word_1_105' title='bbox 877 835 991 869; x_wconf 85' lang='lat' dir='ltr'>Deum</span> <span class='ocrx_word' id='word_1_106' title='bbox 1018 836 1111 869; x_wconf 85' lang='lat' dir='ltr'>iudi-</span> 
     </span>
     <span class='ocr_line' id='line_1_16' title="bbox 127 886 1114 932; baseline -0.006 -8"><span class='ocrx_word' id='word_1_107' title='bbox 127 903 199 924; x_wconf 89' lang='lat' dir='ltr'>cem</span> <span class='ocrx_word' id='word_1_108' title='bbox 233 901 322 922; x_wconf 87' lang='lat' dir='ltr'>esse:</span> <span class='ocrx_word' id='word_1_109' title='bbox 368 890 427 921; x_wconf 90' lang='lat' dir='ltr'>sed</span> <span class='ocrx_word' id='word_1_110' title='bbox 458 887 563 927; x_wconf 72' lang='lat' dir='ltr'>fides,</span> <span class='ocrx_word' id='word_1_111' title='bbox 605 888 648 920; x_wconf 91' lang='lat' dir='ltr'>de</span> <span class='ocrx_word' id='word_1_112' title='bbox 676 900 743 932; x_wconf 89' lang='lat' dir='ltr'>qua</span> <span class='ocrx_word' id='word_1_113' title='bbox 777 886 909 920; x_wconf 86' lang='lat' dir='ltr'>Paulus</span> <span class='ocrx_word' id='word_1_114' title='bbox 944 887 1114 931; x_wconf 87' lang='lat' dir='ltr'>loquitur,</span> 
     </span>
     <span class='ocr_line' id='line_1_17' title="bbox 127 936 1113 985; baseline -0.005 -11"><span class='ocrx_word' id='word_1_115' title='bbox 127 951 268 985; x_wconf 88' lang='lat' dir='ltr'>prorsus</span> <span class='ocrx_word' id='word_1_116' title='bbox 301 939 494 972; x_wconf 90' lang='lat' dir='ltr'>contrarios</span> <span class='ocrx_word' id='word_1_117' title='bbox 519 938 660 972; x_wconf 66' lang='lat' dir='ltr'>effectus</span> <span class='ocrx_word' id='word_1_118' title='bbox 685 936 806 978; x_wconf 88' lang='lat' dir='ltr'>habet,</span> <span class='ocrx_word' id='word_1_119' title='bbox 846 945 944 971; x_wconf 87' lang='lat' dir='ltr'>sanat</span> <span class='ocrx_word' id='word_1_120' title='bbox 967 949 1113 981; x_wconf 86' lang='lat' dir='ltr'>pavores</span> 
     </span>
     <span class='ocr_line' id='line_1_18' title="bbox 129 989 1114 1028; baseline -0.004 -3"><span class='ocrx_word' id='word_1_121' title='bbox 129 1000 161 1026; x_wconf 89' lang='lat' dir='ltr'>et</span> <span class='ocrx_word' id='word_1_122' title='bbox 192 990 333 1024; x_wconf 82' lang='lat' dir='ltr'>adducit</span> <span class='ocrx_word' id='word_1_123' title='bbox 367 1001 431 1023; x_wconf 90' lang='lat' dir='ltr'>nos</span> <span class='ocrx_word' id='word_1_124' title='bbox 464 991 506 1022; x_wconf 87' lang='lat' dir='ltr'>ad</span> <span class='ocrx_word' id='word_1_125' title='bbox 542 990 659 1022; x_wconf 89' lang='lat' dir='ltr'>Deum</span> <span class='ocrx_word' id='word_1_126' title='bbox 696 989 882 1022; x_wconf 85' lang='lat' dir='ltr'>adiunctos</span> <span class='ocrx_word' id='word_1_127' title='bbox 915 989 1114 1028; x_wconf 79' lang='lat' dir='ltr'>mediatori,</span> 
     </span>
     <span class='ocr_line' id='line_1_19' title="bbox 130 1037 1114 1088; baseline -0.003 -13"><span class='ocrx_word' id='word_1_128' title='bbox 130 1042 210 1088; x_wconf 88' lang='lat' dir='ltr'>quia</span> <span class='ocrx_word' id='word_1_129' title='bbox 231 1053 303 1075; x_wconf 92' lang='lat' dir='ltr'>non</span> <span class='ocrx_word' id='word_1_130' title='bbox 319 1047 370 1075; x_wconf 86' lang='lat' dir='ltr'>est</span> <span class='ocrx_word' id='word_1_131' title='bbox 385 1047 522 1074; x_wconf 90' lang='lat' dir='ltr'>tantum</span> <span class='ocrx_word' id='word_1_132' title='bbox 549 1039 679 1073; x_wconf 83' lang='lat' dir='ltr'>noticia</span> <span class='ocrx_word' id='word_1_133' title='bbox 700 1037 886 1081; x_wconf 76' lang='lat' dir='ltr'>historiae,</span> <span class='ocrx_word' id='word_1_134' title='bbox 913 1041 971 1073; x_wconf 86' lang='lat' dir='ltr'>sed</span> <span class='ocrx_word' id='word_1_135' title='bbox 991 1047 1041 1073; x_wconf 83' lang='lat' dir='ltr'>est</span> <span class='ocrx_word' id='word_1_136' title='bbox 1059 1051 1114 1072; x_wconf 87' lang='lat' dir='ltr'>as-</span> 
     </span>
     <span class='ocr_line' id='line_1_20' title="bbox 129 1091 1114 1137; baseline -0.004 -11"><span class='ocrx_word' id='word_1_137' title='bbox 129 1104 265 1131; x_wconf 87' lang='lat' dir='ltr'>sensus,</span> <span class='ocrx_word' id='word_1_138' title='bbox 293 1104 361 1137; x_wconf 89' lang='lat' dir='ltr'>qno</span> <span class='ocrx_word' id='word_1_139' title='bbox 379 1091 600 1135; x_wconf 82' lang='lat' dir='ltr'>amplecteris</span> <span class='ocrx_word' id='word_1_140' title='bbox 623 1091 892 1134; x_wconf 82' lang='lat' dir='ltr'>promissiones,</span> <span class='ocrx_word' id='word_1_141' title='bbox 918 1092 965 1124; x_wconf 88' lang='lat' dir='ltr'>ita</span> <span class='ocrx_word' id='word_1_142' title='bbox 990 1098 1027 1124; x_wconf 93' lang='lat' dir='ltr'>ut</span> <span class='ocrx_word' id='word_1_143' title='bbox 1050 1103 1114 1122; x_wconf 91' lang='lat' dir='ltr'>no-</span> 
     </span>
     <span class='ocr_line' id='line_1_21' title="bbox 129 1142 1141 1185; baseline -0.004 -9"><span class='ocrx_word' id='word_1_144' title='bbox 129 1143 288 1176; x_wconf 87' lang='lat' dir='ltr'>minatim</span> <span class='ocrx_word' id='word_1_145' title='bbox 309 1142 394 1175; x_wconf 85' lang='lat' dir='ltr'>Tibi</span> <span class='ocrx_word' id='word_1_146' title='bbox 416 1149 594 1185; x_wconf 87' lang='lat' dir='ltr'>peccatum</span> <span class='ocrx_word' id='word_1_147' title='bbox 617 1142 765 1179; x_wconf 82' lang='lat' dir='ltr'>remitti,</span> <span class='ocrx_word' id='word_1_148' title='bbox 796 1149 828 1175; x_wconf 86' lang='lat' dir='ltr'>et</span> <span class='ocrx_word' id='word_1_149' title='bbox 854 1148 887 1175; x_wconf 91' lang='lat' dir='ltr'>te</span> <span class='ocrx_word' id='word_1_150' title='bbox 910 1142 1017 1185; x_wconf 84' lang='lat' dir='ltr'>recipi</span> <span class='ocrx_word' id='word_1_151' title='bbox 1045 1149 1115 1174; x_wconf 78' lang='lat' dir='ltr'>sta·</span> <span class='ocrx_word' id='word_1_152' title='bbox 1139 1143 1141 1146; x_wconf 61' lang='lat'><strong>⁴</strong></span> 
     </span>
     <span class='ocr_line' id='line_1_22' title="bbox 128 1191 1114 1233; baseline -0.004 -5"><span class='ocrx_word' id='word_1_153' title='bbox 128 1204 216 1233; x_wconf 84' lang='lat' dir='ltr'>tuas,</span> <span class='ocrx_word' id='word_1_154' title='bbox 236 1201 268 1227; x_wconf 87' lang='lat' dir='ltr'>et</span> <span class='ocrx_word' id='word_1_155' title='bbox 286 1206 364 1226; x_wconf 90' lang='lat' dir='ltr'>cum</span> <span class='ocrx_word' id='word_1_156' title='bbox 376 1191 443 1226; x_wconf 93' lang='lat' dir='ltr'>hoc</span> <span class='ocrx_word' id='word_1_157' title='bbox 460 1204 602 1225; x_wconf 86' lang='lat' dir='ltr'>assensu</span> <span class='ocrx_word' id='word_1_158' title='bbox 620 1193 815 1225; x_wconf 89' lang='lat' dir='ltr'>necessario</span> <span class='ocrx_word' id='word_1_159' title='bbox 837 1193 942 1226; x_wconf 89' lang='lat' dir='ltr'>simul</span> <span class='ocrx_word' id='word_1_160' title='bbox 960 1200 1008 1226; x_wconf 89' lang='lat' dir='ltr'>est</span> <span class='ocrx_word' id='word_1_161' title='bbox 1026 1193 1114 1224; x_wconf 89' lang='lat' dir='ltr'>fidn-</span> 
     </span>
     <span class='ocr_line' id='line_1_23' title="bbox 128 1243 1114 1289; baseline -0.003 -12"><span class='ocrx_word' id='word_1_162' title='bbox 128 1246 180 1278; x_wconf 85' lang='lat' dir='ltr'>cia</span> <span class='ocrx_word' id='word_1_163' title='bbox 204 1244 426 1289; x_wconf 85' lang='lat' dir='ltr'>acquiescens</span> <span class='ocrx_word' id='word_1_164' title='bbox 442 1243 478 1275; x_wconf 89' lang='lat' dir='ltr'>in</span> <span class='ocrx_word' id='word_1_165' title='bbox 497 1243 708 1285; x_wconf 74' lang='lat' dir='ltr'>mediatore,</span> <span class='ocrx_word' id='word_1_166' title='bbox 738 1256 827 1288; x_wconf 87' lang='lat' dir='ltr'>quae</span> <span class='ocrx_word' id='word_1_167' title='bbox 850 1250 898 1277; x_wconf 89' lang='lat' dir='ltr'>est</span> <span class='ocrx_word' id='word_1_168' title='bbox 924 1244 960 1275; x_wconf 89' lang='lat' dir='ltr'>in</span> <span class='ocrx_word' id='word_1_169' title='bbox 987 1244 1114 1275; x_wconf 84' lang='lat' dir='ltr'>volun-</span> 
     </span>
     <span class='ocr_line' id='line_1_24' title="bbox 128 1292 1115 1336; baseline -0.004 -7"><span class='ocrx_word' id='word_1_170' title='bbox 128 1303 198 1331; x_wconf 85' lang='lat' dir='ltr'>tate</span> <span class='ocrx_word' id='word_1_171' title='bbox 211 1323 220 1336; x_wconf 92' lang='lat'>,</span> <span class='ocrx_word' id='word_1_172' title='bbox 247 1302 280 1328; x_wconf 85' lang='lat' dir='ltr'>et</span> <span class='ocrx_word' id='word_1_173' title='bbox 297 1295 385 1328; x_wconf 84' lang='lat' dir='ltr'>laeta</span> <span class='ocrx_word' id='word_1_174' title='bbox 402 1294 534 1327; x_wconf 86' lang='lat' dir='ltr'>accedit</span> <span class='ocrx_word' id='word_1_175' title='bbox 551 1295 591 1326; x_wconf 92' lang='lat' dir='ltr'>ad</span> <span class='ocrx_word' id='word_1_176' title='bbox 611 1292 723 1326; x_wconf 88' lang='lat' dir='ltr'>Deum</span> <span class='ocrx_word' id='word_1_177' title='bbox 742 1296 891 1327; x_wconf 87' lang='lat' dir='ltr'>ducente</span> <span class='ocrx_word' id='word_1_178' title='bbox 911 1294 1115 1330; x_wconf 72' lang='lat' dir='ltr'>mediatore,</span> 
     </span>
     <span class='ocr_line' id='line_1_25' title="bbox 130 1342 1142 1388; baseline -0.004 -8"><span class='ocrx_word' id='word_1_179' title='bbox 130 1354 163 1381; x_wconf 89' lang='lat' dir='ltr'>et</span> <span class='ocrx_word' id='word_1_180' title='bbox 177 1347 326 1380; x_wconf 79' lang='lat' dir='ltr'>invocat.</span> <span class='ocrx_word' id='word_1_181' title='bbox 379 1344 433 1379; x_wconf 90' lang='lat' dir='ltr'>De</span> <span class='ocrx_word' id='word_1_182' title='bbox 448 1342 512 1377; x_wconf 86' lang='lat' dir='ltr'>hae</span> <span class='ocrx_word' id='word_1_183' title='bbox 531 1344 597 1376; x_wconf 85' lang='lat' dir='ltr'>fide</span> <span class='ocrx_word' id='word_1_184' title='bbox 616 1345 712 1388; x_wconf 84' lang='lat' dir='ltr'>loqui</span> <span class='ocrx_word' id='word_1_185' title='bbox 735 1344 884 1377; x_wconf 83' lang='lat' dir='ltr'>Paulum</span> <span class='ocrx_word' id='word_1_186' title='bbox 903 1345 1115 1377; x_wconf 81' lang='lat' dir='ltr'>manifestis·</span> <span class='ocrx_word' id='word_1_187' title='bbox 1140 1352 1142 1365; x_wconf 61' lang='lat'>³</span> 
     </span>
     <span class='ocr_line' id='line_1_26' title="bbox 130 1393 1116 1440; baseline -0.004 -9"><span class='ocrx_word' id='word_1_188' title='bbox 130 1398 256 1432; x_wconf 88' lang='lat' dir='ltr'>simum</span> <span class='ocrx_word' id='word_1_189' title='bbox 279 1402 349 1436; x_wconf 89' lang='lat' dir='ltr'>est,</span> <span class='ocrx_word' id='word_1_190' title='bbox 376 1408 445 1440; x_wconf 89' lang='lat' dir='ltr'>qua</span> <span class='ocrx_word' id='word_1_191' title='bbox 466 1396 599 1440; x_wconf 89' lang='lat' dir='ltr'>inquit:</span> <span class='ocrx_word' id='word_1_192' title='bbox 631 1394 810 1429; x_wconf 75' lang='lat' dir='ltr'>iustificati</span> <span class='ocrx_word' id='word_1_193' title='bbox 831 1396 897 1428; x_wconf 84' lang='lat' dir='ltr'>fide</span> <span class='ocrx_word' id='word_1_194' title='bbox 915 1408 1032 1439; x_wconf 83' lang='lat' dir='ltr'>pacem</span> <span class='ocrx_word' id='word_1_195' title='bbox 1053 1393 1116 1427; x_wconf 85' lang='lat' dir='ltr'>ba-</span> 
     </span>
     <span class='ocr_line' id='line_1_27' title="bbox 130 1444 1116 1491; baseline -0.004 -9"><span class='ocrx_word' id='word_1_196' title='bbox 130 1451 262 1482; x_wconf 84' lang='lat' dir='ltr'>bemus.</span> <span class='ocrx_word' id='word_1_197' title='bbox 297 1444 342 1480; x_wconf 89' lang='lat' dir='ltr'>Et</span> <span class='ocrx_word' id='word_1_198' title='bbox 359 1444 471 1491; x_wconf 89' lang='lat' dir='ltr'>Ephe.</span> <span class='ocrx_word' id='word_1_199' title='bbox 483 1446 532 1479; x_wconf 85' lang='grc'>3,.·</span> <span class='ocrx_word' id='word_1_200' title='bbox 560 1445 627 1479; x_wconf 86' lang='lat' dir='ltr'>Per</span> <span class='ocrx_word' id='word_1_201' title='bbox 644 1459 747 1491; x_wconf 88' lang='lat' dir='ltr'>quem</span> <span class='ocrx_word' id='word_1_202' title='bbox 766 1448 936 1479; x_wconf 87' lang='lat' dir='ltr'>audemus</span> <span class='ocrx_word' id='word_1_203' title='bbox 952 1448 1116 1478; x_wconf 80' lang='lat' dir='ltr'>accedere</span> 
     </span>
     <span class='ocr_line' id='line_1_28' title="bbox 132 1495 1116 1545; baseline -0.004 -12"><span class='ocrx_word' id='word_1_204' title='bbox 132 1499 347 1533; x_wconf 82' lang='lat' dir='ltr'>confidenter</span> <span class='ocrx_word' id='word_1_205' title='bbox 363 1509 427 1545; x_wconf 90' lang='lat' dir='ltr'>per</span> <span class='ocrx_word' id='word_1_206' title='bbox 442 1498 544 1530; x_wconf 84' lang='lat' dir='ltr'>fidem</span> <span class='ocrx_word' id='word_1_207' title='bbox 565 1497 650 1532; x_wconf 86' lang='lat' dir='ltr'>eius.</span> <span class='ocrx_word' id='word_1_208' title='bbox 706 1497 792 1530; x_wconf 88' lang='lat' dir='ltr'>lnde</span> <span class='ocrx_word' id='word_1_209' title='bbox 817 1495 906 1531; x_wconf 91' lang='lat' dir='ltr'>hanc</span> <span class='ocrx_word' id='word_1_210' title='bbox 931 1498 1010 1530; x_wconf 84' lang='lat' dir='ltr'>fidei</span> <span class='ocrx_word' id='word_1_211' title='bbox 1031 1497 1116 1529; x_wconf 88' lang='lat' dir='ltr'>defi-</span> 
     </span>
     <span class='ocr_line' id='line_1_29' title="bbox 130 1558 505 1585; baseline -0.003 -2"><span class='ocrx_word' id='word_1_212' title='bbox 130 1558 302 1585; x_wconf 80' lang='lat' dir='ltr'>nitionem</span> <span class='ocrx_word' id='word_1_213' title='bbox 317 1560 505 1582; x_wconf 88' lang='lat' dir='ltr'>sumemus.</span> 
     </span>
    </p>

    <p class='ocr_par' dir='ltr' id='par_1_3' title="bbox 134 1597 1145 1786">
     <span class='ocr_line' id='line_1_30' title="bbox 233 1597 1117 1643; baseline -0.003 -11"><span class='ocrx_word' id='word_1_214' title='bbox 233 1599 338 1632; x_wconf 86' lang='lat' dir='ltr'>Fides</span> <span class='ocrx_word' id='word_1_215' title='bbox 360 1606 411 1632; x_wconf 85' lang='lat' dir='ltr'>est</span> <span class='ocrx_word' id='word_1_216' title='bbox 435 1610 611 1636; x_wconf 81' lang='lat' dir='ltr'>assensuS,</span> <span class='ocrx_word' id='word_1_217' title='bbox 640 1611 710 1643; x_wconf 88' lang='lat' dir='ltr'>quo</span> <span class='ocrx_word' id='word_1_218' title='bbox 727 1599 824 1631; x_wconf 87' lang='lat' dir='ltr'>omni</span> <span class='ocrx_word' id='word_1_219' title='bbox 845 1600 951 1632; x_wconf 90' lang='lat' dir='ltr'>verbo</span> <span class='ocrx_word' id='word_1_220' title='bbox 968 1597 1033 1631; x_wconf 83' lang='lat' dir='ltr'>Dei</span> <span class='ocrx_word' id='word_1_221' title='bbox 1053 1610 1117 1630; x_wconf 91' lang='lat' dir='ltr'>no-</span> 
     </span>
     <span class='ocr_line' id='line_1_31' title="bbox 134 1649 1118 1692; baseline -0.005 -8"><span class='ocrx_word' id='word_1_222' title='bbox 134 1651 187 1685; x_wconf 86' lang='lat' dir='ltr'>bis</span> <span class='ocrx_word' id='word_1_223' title='bbox 203 1649 351 1689; x_wconf 89' lang='lat' dir='ltr'>tradito,</span> <span class='ocrx_word' id='word_1_224' title='bbox 378 1661 416 1682; x_wconf 91' lang='lat' dir='ltr'>ac</span> <span class='ocrx_word' id='word_1_225' title='bbox 435 1649 657 1692; x_wconf 86' lang='lat' dir='ltr'>promissioni</span> <span class='ocrx_word' id='word_1_226' title='bbox 678 1650 975 1682; x_wconf 75' lang='lat' dir='ltr'>reconciliationis</span> <span class='ocrx_word' id='word_1_227' title='bbox 1001 1661 1118 1681; x_wconf 80' lang='lat' dir='ltr'>assen-</span> 
     </span>
     <span class='ocr_line' id='line_1_32' title="bbox 136 1700 1118 1744; baseline -0.004 -10"><span class='ocrx_word' id='word_1_228' title='bbox 136 1703 268 1741; x_wconf 88' lang='lat' dir='ltr'>timur,</span> <span class='ocrx_word' id='word_1_229' title='bbox 308 1707 341 1734; x_wconf 89' lang='lat' dir='ltr'>et</span> <span class='ocrx_word' id='word_1_230' title='bbox 373 1707 422 1733; x_wconf 88' lang='lat' dir='ltr'>est</span> <span class='ocrx_word' id='word_1_231' title='bbox 453 1700 580 1732; x_wconf 87' lang='lat' dir='ltr'>fiducia</span> <span class='ocrx_word' id='word_1_232' title='bbox 607 1700 829 1744; x_wconf 83' lang='lat' dir='ltr'>acquiescens</span> <span class='ocrx_word' id='word_1_233' title='bbox 853 1700 889 1731; x_wconf 93' lang='lat' dir='ltr'>in</span> <span class='ocrx_word' id='word_1_234' title='bbox 915 1700 1118 1739; x_wconf 68' lang='lat' dir='ltr'>mediatore,</span> 
     </span>
     <span class='ocr_line' id='line_1_33' title="bbox 136 1750 1145 1786; baseline -0.004 0"><span class='ocrx_word' id='word_1_235' title='bbox 136 1754 307 1786; x_wconf 88' lang='lat' dir='ltr'>clamans:</span> <span class='ocrx_word' id='word_1_236' title='bbox 335 1751 437 1784; x_wconf 88' lang='lat' dir='ltr'>Abba</span> <span class='ocrx_word' id='word_1_237' title='bbox 454 1750 569 1784; x_wconf 78' lang='lat' dir='ltr'>Pater.</span> <span class='ocrx_word' id='word_1_238' title='bbox 1142 1765 1145 1782; x_wconf 70' lang='grc' dir='ltr'>ι</span> 
     </span>
    </p>

    <p class='ocr_par' dir='ltr' id='par_1_4' title="bbox 134 1801 1147 2049">
     <span class='ocr_line' id='line_1_34' title="bbox 237 1801 1145 1845; baseline -0.002 -11"><span class='ocrx_word' id='word_1_239' title='bbox 237 1802 366 1835; x_wconf 79' lang='lat' dir='ltr'>Differt</span> <span class='ocrx_word' id='word_1_240' title='bbox 393 1808 507 1833; x_wconf 86' lang='lat' dir='ltr'>autem</span> <span class='ocrx_word' id='word_1_241' title='bbox 533 1802 618 1833; x_wconf 85' lang='lat' dir='ltr'>fides</span> <span class='ocrx_word' id='word_1_242' title='bbox 642 1812 702 1833; x_wconf 90' lang='lat' dir='ltr'>seu</span> <span class='ocrx_word' id='word_1_243' title='bbox 729 1801 853 1833; x_wconf 86' lang='lat' dir='ltr'>fidncia</span> <span class='ocrx_word' id='word_1_244' title='bbox 881 1813 898 1833; x_wconf 90' lang='lat' dir='ltr'>a</span> <span class='ocrx_word' id='word_1_245' title='bbox 924 1812 1001 1844; x_wconf 91' lang='lat' dir='ltr'>spe,</span> <span class='ocrx_word' id='word_1_246' title='bbox 1038 1801 1118 1845; x_wconf 74' lang='lat' dir='ltr'>qnia</span> <span class='ocrx_word' id='word_1_247' title='bbox 1142 1808 1145 1835; x_wconf 73' lang='grc' dir='ltr'><em>ξ</em></span> 
     </span>
     <span class='ocr_line' id='line_1_35' title="bbox 134 1836 1146 1904; baseline -0.003 -17"><span class='ocrx_word' id='word_1_248' title='bbox 134 1864 208 1897; x_wconf 88' lang='lat' dir='ltr'>spes</span> <span class='ocrx_word' id='word_1_249' title='bbox 232 1859 281 1885; x_wconf 88' lang='lat' dir='ltr'>est</span> <span class='ocrx_word' id='word_1_250' title='bbox 307 1852 496 1895; x_wconf 83' lang='lat' dir='ltr'>expectatio</span> <span class='ocrx_word' id='word_1_251' title='bbox 520 1852 659 1883; x_wconf 86' lang='lat' dir='ltr'>futurae</span> <span class='ocrx_word' id='word_1_252' title='bbox 695 1852 932 1885; x_wconf 84' lang='lat' dir='ltr'>liberationis:</span> <span class='ocrx_word' id='word_1_253' title='bbox 968 1859 1001 1884; x_wconf 89' lang='lat' dir='ltr'>at</span> <span class='ocrx_word' id='word_1_254' title='bbox 1033 1852 1117 1884; x_wconf 83' lang='lat' dir='ltr'>fides</span> <span class='ocrx_word' id='word_1_255' title='bbox 1142 1836 1146 1904; x_wconf 58' lang='lat' dir='ltr'>l</span> 
     </span>
     <span class='ocr_line' id='line_1_36' title="bbox 134 1902 1146 1946; baseline -0.002 -9"><span class='ocrx_word' id='word_1_256' title='bbox 134 1903 258 1946; x_wconf 89' lang='lat' dir='ltr'>accipit</span> <span class='ocrx_word' id='word_1_257' title='bbox 285 1913 448 1946; x_wconf 89' lang='lat' dir='ltr'>praesens</span> <span class='ocrx_word' id='word_1_258' title='bbox 470 1902 697 1941; x_wconf 83' lang='lat' dir='ltr'>beneficium,</span> <span class='ocrx_word' id='word_1_259' title='bbox 724 1903 855 1936; x_wconf 92' lang='lat' dir='ltr'>scilicet</span> <span class='ocrx_word' id='word_1_260' title='bbox 877 1902 1119 1935; x_wconf 81' lang='lat' dir='ltr'>remissionem</span> <span class='ocrx_word' id='word_1_261' title='bbox 1143 1909 1146 1942; x_wconf 64' lang='grc' dir='ltr'>ξ</span> 
     </span>
     <span class='ocr_line' id='line_1_37' title="bbox 138 1953 1147 2001; baseline -0.002 -13"><span class='ocrx_word' id='word_1_262' title='bbox 138 1961 356 2000; x_wconf 83' lang='lat' dir='ltr'>peccatorum</span> <span class='ocrx_word' id='word_1_263' title='bbox 375 1953 413 1985; x_wconf 92' lang='lat' dir='ltr'>in</span> <span class='ocrx_word' id='word_1_264' title='bbox 438 1953 650 1996; x_wconf 85' lang='lat' dir='ltr'>praesentia,</span> <span class='ocrx_word' id='word_1_265' title='bbox 680 1960 712 1986; x_wconf 87' lang='lat' dir='ltr'>et</span> <span class='ocrx_word' id='word_1_266' title='bbox 736 1954 1058 1987; x_wconf 85' lang='lat' dir='ltr'>reconciliationem</span> <span class='ocrx_word' id='word_1_267' title='bbox 1083 1966 1121 1986; x_wconf 90' lang='lat' dir='ltr'>ac</span> <span class='ocrx_word' id='word_1_268' title='bbox 1144 1974 1147 2001; x_wconf 67' lang='lat'>3</span> 
     </span>
     <span class='ocr_line' id='line_1_38' title="bbox 139 2004 596 2049; baseline -0.004 -10"><span class='ocrx_word' id='word_1_269' title='bbox 139 2005 408 2049; x_wconf 86' lang='lat' dir='ltr'>imputationem</span> <span class='ocrx_word' id='word_1_270' title='bbox 428 2004 596 2037; x_wconf 87' lang='lat' dir='ltr'>iusticiae.</span> 
     </span>
    </p>

    <p class='ocr_par' dir='ltr' id='par_1_5' title="bbox 141 2052 1154 2660">
     <span class='ocr_line' id='line_1_39' title="bbox 241 2052 1122 2089; baseline -0.001 -1"><span class='ocrx_word' id='word_1_271' title='bbox 241 2054 378 2088; x_wconf 89' lang='lat' dir='ltr'>Scimus</span> <span class='ocrx_word' id='word_1_272' title='bbox 395 2061 510 2087; x_wconf 88' lang='lat' dir='ltr'>autem</span> <span class='ocrx_word' id='word_1_273' title='bbox 531 2052 721 2088; x_wconf 81' lang='lat' dir='ltr'>monachos</span> <span class='ocrx_word' id='word_1_274' title='bbox 741 2055 928 2089; x_wconf 84' lang='lat' dir='ltr'>fascinatos</span> <span class='ocrx_word' id='word_1_275' title='bbox 944 2055 1014 2088; x_wconf 87' lang='lat' dir='ltr'>suis</span> <span class='ocrx_word' id='word_1_276' title='bbox 1034 2056 1122 2088; x_wconf 85' lang='lat' dir='ltr'>ima-</span> 
     </span>
     <span class='ocr_line' id='line_1_40' title="bbox 141 2098 1150 2166; baseline 0 -27"><span class='ocrx_word' id='word_1_277' title='bbox 141 2105 380 2149; x_wconf 85' lang='lat' dir='ltr'>ginationibus</span> <span class='ocrx_word' id='word_1_278' title='bbox 397 2105 554 2138; x_wconf 77' lang='lat' dir='ltr'>furenter</span> <span class='ocrx_word' id='word_1_279' title='bbox 578 2106 720 2139; x_wconf 85' lang='lat' dir='ltr'>reiicere</span> <span class='ocrx_word' id='word_1_280' title='bbox 744 2104 834 2140; x_wconf 77' lang='lat' dir='ltr'>hanc</span> <span class='ocrx_word' id='word_1_281' title='bbox 861 2107 1123 2149; x_wconf 69' lang='lat' dir='ltr'>interpretatio-</span> <span class='ocrx_word' id='word_1_282' title='bbox 1146 2098 1150 2166; x_wconf 54' lang='grc' dir='ltr'>ι</span> 
     </span>
     <span class='ocr_line' id='line_1_41' title="bbox 142 2155 1148 2203; baseline 0.001 -14"><span class='ocrx_word' id='word_1_283' title='bbox 142 2169 240 2197; x_wconf 85' lang='lat' dir='ltr'>nem,</span> <span class='ocrx_word' id='word_1_284' title='bbox 268 2156 327 2189; x_wconf 91' lang='lat' dir='ltr'>sed</span> <span class='ocrx_word' id='word_1_285' title='bbox 347 2156 537 2188; x_wconf 91' lang='lat' dir='ltr'>dolendum</span> <span class='ocrx_word' id='word_1_286' title='bbox 558 2162 627 2196; x_wconf 86' lang='lat' dir='ltr'>est,</span> <span class='ocrx_word' id='word_1_287' title='bbox 652 2155 844 2190; x_wconf 82' lang='lat' dir='ltr'>Ecclesiam</span> <span class='ocrx_word' id='word_1_288' title='bbox 865 2158 962 2203; x_wconf 88' lang='lat' dir='ltr'>quasi</span> <span class='ocrx_word' id='word_1_289' title='bbox 983 2158 1123 2200; x_wconf 84' lang='lat' dir='ltr'>linguae</span> <span class='ocrx_word' id='word_1_290' title='bbox 1147 2171 1148 2175; x_wconf 55' lang='lat'>¹</span> 
     </span>
     <span class='ocr_line' id='line_1_42' title="bbox 142 2207 1123 2246; baseline -0.001 -5"><span class='ocrx_word' id='word_1_291' title='bbox 142 2219 224 2241; x_wconf 86' lang='lat' dir='ltr'>suae</span> <span class='ocrx_word' id='word_1_292' title='bbox 249 2207 394 2240; x_wconf 90' lang='lat' dir='ltr'>oblitam</span> <span class='ocrx_word' id='word_1_293' title='bbox 420 2218 509 2246; x_wconf 89' lang='lat' dir='ltr'>esse,</span> <span class='ocrx_word' id='word_1_294' title='bbox 552 2219 630 2239; x_wconf 91' lang='lat' dir='ltr'>cum</span> <span class='ocrx_word' id='word_1_295' title='bbox 654 2209 696 2240; x_wconf 91' lang='lat' dir='ltr'>de</span> <span class='ocrx_word' id='word_1_296' title='bbox 723 2209 892 2242; x_wconf 79' lang='lat' dir='ltr'>vocabulo</span> <span class='ocrx_word' id='word_1_297' title='bbox 918 2209 997 2241; x_wconf 87' lang='lat' dir='ltr'>fidei</span> <span class='ocrx_word' id='word_1_298' title='bbox 1028 2216 1123 2241; x_wconf 76' lang='lat' dir='ltr'>tanta</span> 
     </span>
     <span class='ocr_line' id='line_1_43' title="bbox 142 2256 1124 2301; baseline 0.001 -10"><span class='ocrx_word' id='word_1_299' title='bbox 142 2259 212 2292; x_wconf 91' lang='lat' dir='ltr'>sint</span> <span class='ocrx_word' id='word_1_300' title='bbox 235 2257 438 2292; x_wconf 79' lang='lat' dir='ltr'>certamina.</span> <span class='ocrx_word' id='word_1_301' title='bbox 506 2256 733 2301; x_wconf 87' lang='lat' dir='ltr'>Perspicuum</span> <span class='ocrx_word' id='word_1_302' title='bbox 758 2267 789 2292; x_wconf 85' lang='lat' dir='ltr'>et</span> <span class='ocrx_word' id='word_1_303' title='bbox 811 2260 1049 2293; x_wconf 85' lang='lat' dir='ltr'>firmissimum</span> <span class='ocrx_word' id='word_1_304' title='bbox 1076 2267 1124 2292; x_wconf 91' lang='lat' dir='ltr'>est</span> 
     </span>
     <span class='ocr_line' id='line_1_44' title="bbox 143 2306 1150 2350; baseline 0 -8"><span class='ocrx_word' id='word_1_305' title='bbox 143 2308 381 2343; x_wconf 85' lang='lat' dir='ltr'>testimonium</span> <span class='ocrx_word' id='word_1_306' title='bbox 399 2308 498 2341; x_wconf 87' lang='lat' dir='ltr'>Pauli</span> <span class='ocrx_word' id='word_1_307' title='bbox 517 2307 622 2342; x_wconf 84' lang='lat' dir='ltr'>Rom.</span> <span class='ocrx_word' id='word_1_308' title='bbox 640 2307 686 2348; x_wconf 77' lang='grc'>4.,</span> <span class='ocrx_word' id='word_1_309' title='bbox 714 2309 837 2342; x_wconf 66' lang='lat' dir='ltr'>Fidem</span> <span class='ocrx_word' id='word_1_310' title='bbox 857 2322 928 2343; x_wconf 89' lang='lat' dir='ltr'>esse</span> <span class='ocrx_word' id='word_1_311' title='bbox 948 2311 1123 2350; x_wconf 81' lang='lat' dir='ltr'>fiduciam,</span> <span class='ocrx_word' id='word_1_312' title='bbox 1149 2306 1150 2310; x_wconf 39' lang='lat'>¹</span> 
     </span>
     <span class='ocr_line' id='line_1_45' title="bbox 145 2359 1124 2406; baseline 0 -13"><span class='ocrx_word' id='word_1_313' title='bbox 145 2371 212 2405; x_wconf 86' lang='lat' dir='ltr'>qua</span> <span class='ocrx_word' id='word_1_314' title='bbox 235 2360 424 2403; x_wconf 85' lang='lat' dir='ltr'>accipimus</span> <span class='ocrx_word' id='word_1_315' title='bbox 446 2359 727 2403; x_wconf 87' lang='lat' dir='ltr'>promissionem.</span> <span class='ocrx_word' id='word_1_316' title='bbox 796 2360 984 2406; x_wconf 85' lang='lat' dir='ltr'>Postquam</span> <span class='ocrx_word' id='word_1_317' title='bbox 1011 2371 1124 2395; x_wconf 86' lang='lat' dir='ltr'>autem</span> 
     </span>
     <span class='ocr_line' id='line_1_46' title="bbox 146 2411 1126 2452; baseline 0.001 -9"><span class='ocrx_word' id='word_1_318' title='bbox 146 2412 188 2444; x_wconf 91' lang='lat' dir='ltr'>de</span> <span class='ocrx_word' id='word_1_319' title='bbox 203 2423 281 2443; x_wconf 87' lang='lat' dir='ltr'>vera</span> <span class='ocrx_word' id='word_1_320' title='bbox 297 2411 550 2452; x_wconf 78' lang='lat' dir='ltr'>significatione</span> <span class='ocrx_word' id='word_1_321' title='bbox 566 2412 727 2444; x_wconf 86' lang='lat' dir='ltr'>vocabuli</span> <span class='ocrx_word' id='word_1_322' title='bbox 746 2412 878 2444; x_wconf 86' lang='lat' dir='ltr'>dictum</span> <span class='ocrx_word' id='word_1_323' title='bbox 899 2419 966 2452; x_wconf 88' lang='lat' dir='ltr'>est,</span> <span class='ocrx_word' id='word_1_324' title='bbox 997 2413 1126 2444; x_wconf 88' lang='lat' dir='ltr'>deinde</span> 
     </span>
     <span class='ocr_line' id='line_1_47' title="bbox 146 2459 1126 2506; baseline 0.001 -12"><span class='ocrx_word' id='word_1_325' title='bbox 146 2468 178 2494; x_wconf 89' lang='lat' dir='ltr'>et</span> <span class='ocrx_word' id='word_1_326' title='bbox 193 2459 260 2494; x_wconf 91' lang='lat' dir='ltr'>hoc</span> <span class='ocrx_word' id='word_1_327' title='bbox 276 2462 443 2495; x_wconf 90' lang='lat' dir='ltr'>monendi</span> <span class='ocrx_word' id='word_1_328' title='bbox 467 2469 547 2493; x_wconf 78' lang='lat' dir='ltr'>sunt</span> <span class='ocrx_word' id='word_1_329' title='bbox 572 2462 729 2496; x_wconf 87' lang='lat' dir='ltr'>studiosi.</span> <span class='ocrx_word' id='word_1_330' title='bbox 784 2461 861 2495; x_wconf 91' lang='lat' dir='ltr'>Hoc</span> <span class='ocrx_word' id='word_1_331' title='bbox 882 2471 1126 2506; x_wconf 83' lang='lat' dir='ltr'>argumentum</span> 
     </span>
     <span class='ocr_line' id='line_1_48' title="bbox 148 2508 1153 2557; baseline 0.002 -12"><span class='ocrx_word' id='word_1_332' title='bbox 148 2512 260 2545; x_wconf 86' lang='lat' dir='ltr'>oritur</span> <span class='ocrx_word' id='word_1_333' title='bbox 292 2523 331 2544; x_wconf 87' lang='lat' dir='ltr'>ex</span> <span class='ocrx_word' id='word_1_334' title='bbox 360 2512 610 2554; x_wconf 78' lang='lat' dir='ltr'>imaginatione</span> <span class='ocrx_word' id='word_1_335' title='bbox 643 2511 886 2557; x_wconf 85' lang='lat' dir='ltr'>philosophica</span> <span class='ocrx_word' id='word_1_336' title='bbox 923 2526 981 2547; x_wconf 89' lang='lat' dir='ltr'>seu</span> <span class='ocrx_word' id='word_1_337' title='bbox 1015 2508 1153 2557; x_wconf 76' lang='lat' dir='ltr'>legali,l</span> 
     </span>
     <span class='ocr_line' id='line_1_49' title="bbox 147 2562 1154 2622; baseline 0.005 -28"><span class='ocrx_word' id='word_1_338' title='bbox 147 2564 242 2608; x_wconf 87' lang='lat' dir='ltr'>quod</span> <span class='ocrx_word' id='word_1_339' title='bbox 279 2562 359 2595; x_wconf 87' lang='lat' dir='ltr'>iusti</span> <span class='ocrx_word' id='word_1_340' title='bbox 391 2563 500 2596; x_wconf 88' lang='lat' dir='ltr'>simus</span> <span class='ocrx_word' id='word_1_341' title='bbox 539 2571 681 2607; x_wconf 87' lang='lat' dir='ltr'>propter</span> <span class='ocrx_word' id='word_1_342' title='bbox 718 2571 873 2597; x_wconf 88' lang='lat' dir='ltr'>nostram</span> <span class='ocrx_word' id='word_1_343' title='bbox 913 2565 1126 2609; x_wconf 82' lang='lat' dir='ltr'>qualitatem.</span> <span class='ocrx_word' id='word_1_344' title='bbox 1150 2563 1154 2622; x_wconf 64' lang='grc' dir='ltr'>ἱ</span> 
     </span>
     <span class='ocr_line' id='line_1_50' title="bbox 149 2613 1154 2660; baseline 0.001 -13"><span class='ocrx_word' id='word_1_345' title='bbox 149 2613 232 2647; x_wconf 90' lang='lat' dir='ltr'>ldeo</span> <span class='ocrx_word' id='word_1_346' title='bbox 257 2613 410 2657; x_wconf 89' lang='lat' dir='ltr'>quaerit,</span> <span class='ocrx_word' id='word_1_347' title='bbox 435 2614 495 2647; x_wconf 89' lang='lat' dir='ltr'>ubi</span> <span class='ocrx_word' id='word_1_348' title='bbox 511 2614 556 2647; x_wconf 88' lang='lat' dir='ltr'>sit</span> <span class='ocrx_word' id='word_1_349' title='bbox 572 2615 632 2648; x_wconf 75' lang='lat' dir='ltr'>illa</span> <span class='ocrx_word' id='word_1_350' title='bbox 649 2616 810 2660; x_wconf 85' lang='lat' dir='ltr'>qualitas.</span> <span class='ocrx_word' id='word_1_351' title='bbox 865 2615 986 2649; x_wconf 79' lang='lat' dir='ltr'>Toties</span> <span class='ocrx_word' id='word_1_352' title='bbox 1012 2623 1126 2648; x_wconf 87' lang='lat' dir='ltr'>autem</span> <span class='ocrx_word' id='word_1_353' title='bbox 1151 2627 1154 2648; x_wconf 81' lang='lat'>1</span> 
     </span>
    </p>
   </div>
   <div class='ocr_carea' id='block_1_3' title="bbox 148 2663 1129 2711">
    <p class='ocr_par' dir='ltr' id='par_1_6' title="bbox 148 2663 1129 2711">
     <span class='ocr_line' id='line_1_51' title="bbox 148 2663 1129 2711; baseline 0.001 -12"><span class='ocrx_word' id='word_1_354' title='bbox 148 2665 217 2699; x_wconf 91' lang='lat' dir='ltr'>iam</span> <span class='ocrx_word' id='word_1_355' title='bbox 243 2664 376 2698; x_wconf 87' lang='lat' dir='ltr'>dictum</span> <span class='ocrx_word' id='word_1_356' title='bbox 403 2671 452 2698; x_wconf 87' lang='lat' dir='ltr'>est</span> <span class='ocrx_word' id='word_1_357' title='bbox 479 2665 515 2697; x_wconf 91' lang='lat' dir='ltr'>in</span> <span class='ocrx_word' id='word_1_358' title='bbox 538 2663 601 2699; x_wconf 85' lang='lat' dir='ltr'>hac</span> <span class='ocrx_word' id='word_1_359' title='bbox 617 2667 875 2711; x_wconf 85' lang='lat' dir='ltr'>propositione:</span> <span class='ocrx_word' id='word_1_360' title='bbox 910 2667 991 2700; x_wconf 81' lang='lat' dir='ltr'>Fide</span> <span class='ocrx_word' id='word_1_361' title='bbox 1008 2678 1129 2700; x_wconf 82' lang='lat' dir='ltr'>suiuus</span> 
     </span>
    </p>
   </div>
   <div class='ocr_carea' id='block_1_4' title="bbox 1144 1944 1152 2473">
    <p class='ocr_par' dir='ltr' id='par_1_7' title="bbox 1144 1944 1152 2473">
     <span class='ocr_line' id='line_1_52' title="bbox 1144 1944 1152 2473; baseline 0 0"><span class='ocrx_word' id='word_1_362' title='bbox 1144 1944 1152 2473; x_wconf 95' lang='lat' dir='ltr'> </span> 
     </span>
    </p>
   </div>
   <div class='ocr_carea' id='block_1_5' title="bbox 464 83 1980 127">
    <p class='ocr_par' dir='ltr' id='par_1_8' title="bbox 464 83 1980 127">
     <span class='ocr_line' id='line_1_53' title="bbox 464 83 1980 127; baseline -0.003 0"><span class='ocrx_word' id='word_1_363' title='bbox 464 92 499 127; x_wconf 80' lang='lat'>3.</span> <span class='ocrx_word' id='word_1_364' title='bbox 526 87 826 126; x_wconf 76' lang='lat' dir='ltr'>ENARRATIO</span> <span class='ocrx_word' id='word_1_365' title='bbox 853 87 1006 124; x_wconf 90' lang='lat' dir='ltr'>EPIST.</span> <span class='ocrx_word' id='word_1_366' title='bbox 1034 83 1182 123; x_wconf 85' lang='lat' dir='ltr'>PAULI</span> <span class='ocrx_word' id='word_1_367' title='bbox 1208 83 1274 119; x_wconf 92' lang='lat' dir='ltr'>AD</span> <span class='ocrx_word' id='word_1_368' title='bbox 1301 84 1562 123; x_wconf 81' lang='lat' dir='ltr'>ROMANOS.</span> <span class='ocrx_word' id='word_1_369' title='bbox 1604 87 1980 123; x_wconf 46' lang='lat' dir='ltr'>ARGUMERTL‘M.</span> 
     </span>
    </p>
   </div>
   <div class='ocr_carea' id='block_1_6' title="bbox 2082 88 2155 121">
    <p class='ocr_par' dir='ltr' id='par_1_9' title="bbox 2082 88 2155 121">
     <span class='ocr_line' id='line_1_54' title="bbox 2082 88 2155 121; baseline -0.014 0"><span class='ocrx_word' id='word_1_370' title='bbox 2082 88 2155 121; x_wconf 88' lang='lat'>810</span> 
     </span>
    </p>
   </div>
   <div class='ocr_carea' id='block_1_7' title="bbox 1164 170 2155 521">
    <p class='ocr_par' dir='ltr' id='par_1_10' title="bbox 1164 170 2155 521">
     <span class='ocr_line' id='line_1_55' title="bbox 1171 170 2153 218; baseline 0.001 -14"><span class='ocrx_word' id='word_1_371' title='bbox 1171 171 1272 212; x_wconf 84' lang='lat' dir='ltr'>iusti,</span> <span class='ocrx_word' id='word_1_372' title='bbox 1302 185 1374 206; x_wconf 92' lang='lat' dir='ltr'>non</span> <span class='ocrx_word' id='word_1_373' title='bbox 1393 170 1460 206; x_wconf 92' lang='lat' dir='ltr'>hoc</span> <span class='ocrx_word' id='word_1_374' title='bbox 1478 173 1563 213; x_wconf 87' lang='lat' dir='ltr'>dici,</span> <span class='ocrx_word' id='word_1_375' title='bbox 1590 185 1654 207; x_wconf 92' lang='lat' dir='ltr'>nos</span> <span class='ocrx_word' id='word_1_376' title='bbox 1671 181 1812 218; x_wconf 86' lang='lat' dir='ltr'>propter</span> <span class='ocrx_word' id='word_1_377' title='bbox 1829 179 1985 207; x_wconf 88' lang='lat' dir='ltr'>nostram</span> <span class='ocrx_word' id='word_1_378' title='bbox 2003 174 2153 218; x_wconf 82' lang='lat' dir='ltr'>qualita-</span> 
     </span>
     <span class='ocr_line' id='line_1_56' title="bbox 1167 222 2155 269; baseline 0.001 -14"><span class='ocrx_word' id='word_1_379' title='bbox 1167 230 1237 255; x_wconf 87' lang='lat' dir='ltr'>tem</span> <span class='ocrx_word' id='word_1_380' title='bbox 1258 224 1368 256; x_wconf 72' lang='lat' dir='ltr'>iustos</span> <span class='ocrx_word' id='word_1_381' title='bbox 1385 236 1474 263; x_wconf 91' lang='lat' dir='ltr'>esse,</span> <span class='ocrx_word' id='word_1_382' title='bbox 1501 226 1560 257; x_wconf 86' lang='lat' dir='ltr'>sed</span> <span class='ocrx_word' id='word_1_383' title='bbox 1578 232 1719 269; x_wconf 87' lang='lat' dir='ltr'>propter</span> <span class='ocrx_word' id='word_1_384' title='bbox 1739 226 1985 265; x_wconf 76' lang='lat' dir='ltr'>mediatorem,</span> <span class='ocrx_word' id='word_1_385' title='bbox 2010 231 2043 257; x_wconf 86' lang='lat' dir='ltr'>et</span> <span class='ocrx_word' id='word_1_386' title='bbox 2059 222 2155 257; x_wconf 82' lang='lat' dir='ltr'>bunc</span> 
     </span>
     <span class='ocr_line' id='line_1_57' title="bbox 1164 273 2154 321; baseline 0.002 -16"><span class='ocrx_word' id='word_1_387' title='bbox 1164 274 1234 306; x_wconf 88' lang='lat' dir='ltr'>fide</span> <span class='ocrx_word' id='word_1_388' title='bbox 1260 273 1478 316; x_wconf 88' lang='lat' dir='ltr'>apprehendi</span> <span class='ocrx_word' id='word_1_389' title='bbox 1497 282 1677 318; x_wconf 89' lang='lat' dir='ltr'>opportet,</span> <span class='ocrx_word' id='word_1_390' title='bbox 1707 283 1738 309; x_wconf 93' lang='lat' dir='ltr'>et</span> <span class='ocrx_word' id='word_1_391' title='bbox 1757 276 1955 309; x_wconf 80' lang='lat' dir='ltr'>iustificatio</span> <span class='ocrx_word' id='word_1_392' title='bbox 1980 275 2154 321; x_wconf 81' lang='lat' dir='ltr'>significat</span> 
     </span>
     <span class='ocr_line' id='line_1_58' title="bbox 1164 324 2154 368; baseline 0.003 -13"><span class='ocrx_word' id='word_1_393' title='bbox 1164 324 1408 357; x_wconf 89' lang='lat' dir='ltr'>remissionem</span> <span class='ocrx_word' id='word_1_394' title='bbox 1438 334 1678 368; x_wconf 87' lang='lat' dir='ltr'>peccatorum,</span> <span class='ocrx_word' id='word_1_395' title='bbox 1714 327 2059 365; x_wconf 81' lang='lat' dir='ltr'>reconciliationem,</span> <span class='ocrx_word' id='word_1_396' title='bbox 2085 327 2154 358; x_wconf 90' lang='lat' dir='ltr'>im-</span> 
     </span>
     <span class='ocr_line' id='line_1_59' title="bbox 1165 375 2153 420; baseline 0.003 -14"><span class='ocrx_word' id='word_1_397' title='bbox 1165 375 1382 417; x_wconf 82' lang='lat' dir='ltr'>putationem</span> <span class='ocrx_word' id='word_1_398' title='bbox 1409 376 1567 409; x_wconf 75' lang='lat' dir='ltr'>iustiriae</span> <span class='ocrx_word' id='word_1_399' title='bbox 1586 403 1595 416; x_wconf 89' lang='lat'>,</span> <span class='ocrx_word' id='word_1_400' title='bbox 1636 377 1670 409; x_wconf 92' lang='lat' dir='ltr'>id</span> <span class='ocrx_word' id='word_1_401' title='bbox 1699 385 1770 417; x_wconf 91' lang='lat' dir='ltr'>est,</span> <span class='ocrx_word' id='word_1_402' title='bbox 1812 378 2084 420; x_wconf 88' lang='lat' dir='ltr'>acceptationem</span> <span class='ocrx_word' id='word_1_403' title='bbox 2109 378 2153 409; x_wconf 87' lang='lat' dir='ltr'>ad</span> 
     </span>
     <span class='ocr_line' id='line_1_60' title="bbox 1165 426 2153 471; baseline 0.005 -15"><span class='ocrx_word' id='word_1_404' title='bbox 1165 426 1270 457; x_wconf 81' lang='lat' dir='ltr'>vitam</span> <span class='ocrx_word' id='word_1_405' title='bbox 1288 433 1484 466; x_wconf 80' lang='lat' dir='ltr'>aeternam,</span> <span class='ocrx_word' id='word_1_406' title='bbox 1513 438 1591 460; x_wconf 91' lang='lat' dir='ltr'>cum</span> <span class='ocrx_word' id='word_1_407' title='bbox 1617 439 1685 471; x_wconf 87' lang='lat' dir='ltr'>qua</span> <span class='ocrx_word' id='word_1_408' title='bbox 1707 428 1941 471; x_wconf 85' lang='lat' dir='ltr'>acceptatione</span> <span class='ocrx_word' id='word_1_409' title='bbox 1967 429 2153 462; x_wconf 86' lang='lat' dir='ltr'>coniuncta</span> 
     </span>
     <span class='ocr_line' id='line_1_61' title="bbox 1164 477 1694 521; baseline 0.009 -13"><span class='ocrx_word' id='word_1_410' title='bbox 1164 482 1215 509; x_wconf 89' lang='lat' dir='ltr'>est</span> <span class='ocrx_word' id='word_1_411' title='bbox 1233 477 1379 510; x_wconf 89' lang='lat' dir='ltr'>donatio</span> <span class='ocrx_word' id='word_1_412' title='bbox 1400 477 1554 521; x_wconf 86' lang='lat' dir='ltr'>Spiritus</span> <span class='ocrx_word' id='word_1_413' title='bbox 1573 478 1694 513; x_wconf 89' lang='lat' dir='ltr'>sancti.</span> 
     </span>
    </p>
   </div>
   <div class='ocr_carea' id='block_1_8' title="bbox 1398 559 1907 609">
    <p class='ocr_par' dir='ltr' id='par_1_11' title="bbox 1398 559 1907 609">
     <span class='ocr_line' id='line_1_62' title="bbox 1398 559 1907 609; baseline 0.006 -14"><span class='ocrx_word' id='word_1_414' title='bbox 1398 559 1606 596; x_wconf 79' lang='lat' dir='ltr'>Secundum</span> <span class='ocrx_word' id='word_1_415' title='bbox 1639 567 1907 609; x_wconf 77' lang='lat' dir='ltr'>argumentum.</span> 
     </span>
    </p>
   </div>
   <div class='ocr_carea' id='block_1_9' title="bbox 1164 628 2154 1032">
    <p class='ocr_par' dir='ltr' id='par_1_12' title="bbox 1164 628 2154 1032">
     <span class='ocr_line' id='line_1_63' title="bbox 1317 628 1988 673; baseline 0 -11"><span class='ocrx_word' id='word_1_416' title='bbox 1317 628 1390 672; x_wconf 87' lang='lat' dir='ltr'>Qui</span> <span class='ocrx_word' id='word_1_417' title='bbox 1408 642 1480 663; x_wconf 93' lang='lat' dir='ltr'>non</span> <span class='ocrx_word' id='word_1_418' title='bbox 1503 630 1639 673; x_wconf 77' lang='lat' dir='ltr'>diligit,</span> <span class='ocrx_word' id='word_1_419' title='bbox 1668 639 1787 664; x_wconf 84' lang='lat' dir='ltr'>manet</span> <span class='ocrx_word' id='word_1_420' title='bbox 1806 632 1841 664; x_wconf 90' lang='lat' dir='ltr'>in</span> <span class='ocrx_word' id='word_1_421' title='bbox 1859 638 1988 664; x_wconf 88' lang='lat' dir='ltr'>morte:</span> 
     </span>
     <span class='ocr_line' id='line_1_64' title="bbox 1318 680 1948 724; baseline 0.003 -11"><span class='ocrx_word' id='word_1_422' title='bbox 1318 680 1431 724; x_wconf 85' lang='lat' dir='ltr'>Igitur</span> <span class='ocrx_word' id='word_1_423' title='bbox 1448 693 1520 714; x_wconf 93' lang='lat' dir='ltr'>non</span> <span class='ocrx_word' id='word_1_424' title='bbox 1540 682 1612 714; x_wconf 90' lang='lat' dir='ltr'>sola</span> <span class='ocrx_word' id='word_1_425' title='bbox 1631 683 1697 714; x_wconf 89' lang='lat' dir='ltr'>fide</span> <span class='ocrx_word' id='word_1_426' title='bbox 1715 694 1834 715; x_wconf 89' lang='lat' dir='ltr'>sumus</span> <span class='ocrx_word' id='word_1_427' title='bbox 1853 683 1948 715; x_wconf 86' lang='lat' dir='ltr'>insti.</span> 
     </span>
     <span class='ocr_line' id='line_1_65' title="bbox 1266 731 2154 775; baseline -0.001 -10"><span class='ocrx_word' id='word_1_428' title='bbox 1266 731 1488 765; x_wconf 90' lang='lat' dir='ltr'>Antecedens</span> <span class='ocrx_word' id='word_1_429' title='bbox 1515 733 1723 775; x_wconf 85' lang='lat' dir='ltr'>simpliciter</span> <span class='ocrx_word' id='word_1_430' title='bbox 1746 740 1784 766; x_wconf 91' lang='lat' dir='ltr'>ut</span> <span class='ocrx_word' id='word_1_431' title='bbox 1810 740 1909 767; x_wconf 86' lang='lat' dir='ltr'>sonat</span> <span class='ocrx_word' id='word_1_432' title='bbox 1933 732 2154 765; x_wconf 79' lang='lat' dir='ltr'>verissimum</span> 
     </span>
     <span class='ocr_line' id='line_1_66' title="bbox 1164 780 2152 828; baseline -0.002 -12"><span class='ocrx_word' id='word_1_433' title='bbox 1164 789 1225 819; x_wconf 89' lang='lat' dir='ltr'>est.</span> <span class='ocrx_word' id='word_1_434' title='bbox 1280 782 1369 816; x_wconf 86' lang='lat' dir='ltr'>Nam</span> <span class='ocrx_word' id='word_1_435' title='bbox 1398 780 1483 816; x_wconf 87' lang='lat' dir='ltr'>haec</span> <span class='ocrx_word' id='word_1_436' title='bbox 1508 784 1627 817; x_wconf 89' lang='lat' dir='ltr'>omnia</span> <span class='ocrx_word' id='word_1_437' title='bbox 1652 790 1789 828; x_wconf 92' lang='lat' dir='ltr'>oportet</span> <span class='ocrx_word' id='word_1_438' title='bbox 1813 785 1849 816; x_wconf 91' lang='lat' dir='ltr'>in</span> <span class='ocrx_word' id='word_1_439' title='bbox 1873 795 2043 817; x_wconf 88' lang='lat' dir='ltr'>converso</span> <span class='ocrx_word' id='word_1_440' title='bbox 2068 794 2152 822; x_wconf 82' lang='lat' dir='ltr'>esse,</span> 
     </span>
     <span class='ocr_line' id='line_1_67' title="bbox 1164 834 2154 877; baseline -0.001 -11"><span class='ocrx_word' id='word_1_441' title='bbox 1164 834 1434 872; x_wconf 84' lang='lat' dir='ltr'>contritionem,</span> <span class='ocrx_word' id='word_1_442' title='bbox 1470 834 1594 873; x_wconf 86' lang='lat' dir='ltr'>fidem,</span> <span class='ocrx_word' id='word_1_443' title='bbox 1630 835 1878 875; x_wconf 89' lang='lat' dir='ltr'>dilectionem,</span> <span class='ocrx_word' id='word_1_444' title='bbox 1912 836 2046 867; x_wconf 84' lang='lat' dir='ltr'>bonurn</span> <span class='ocrx_word' id='word_1_445' title='bbox 2073 846 2154 877; x_wconf 90' lang='lat' dir='ltr'>pro-</span> 
     </span>
     <span class='ocr_line' id='line_1_68' title="bbox 1164 885 2154 931; baseline -0.001 -13"><span class='ocrx_word' id='word_1_446' title='bbox 1164 885 1340 929; x_wconf 86' lang='lat' dir='ltr'>positum,</span> <span class='ocrx_word' id='word_1_447' title='bbox 1380 885 1637 926; x_wconf 84' lang='lat' dir='ltr'>obedientiam,</span> <span class='ocrx_word' id='word_1_448' title='bbox 1671 898 1760 931; x_wconf 88' lang='lat' dir='ltr'>quae</span> <span class='ocrx_word' id='word_1_449' title='bbox 1789 893 1839 920; x_wconf 90' lang='lat' dir='ltr'>est</span> <span class='ocrx_word' id='word_1_450' title='bbox 1870 885 2006 920; x_wconf 87' lang='lat' dir='ltr'>iusticia</span> <span class='ocrx_word' id='word_1_451' title='bbox 2039 885 2154 918; x_wconf 89' lang='lat' dir='ltr'>honae</span> 
     </span>
     <span class='ocr_line' id='line_1_69' title="bbox 1165 937 1409 970; baseline 0.004 -1"><span class='ocrx_word' id='word_1_452' title='bbox 1165 937 1409 970; x_wconf 81' lang='lat' dir='ltr'>conscientiae.</span> 
     </span>
     <span class='ocr_line' id='line_1_70' title="bbox 1266 987 2154 1032; baseline -0.001 -11"><span class='ocrx_word' id='word_1_453' title='bbox 1266 987 1334 1021; x_wconf 86' lang='lat' dir='ltr'>Sed</span> <span class='ocrx_word' id='word_1_454' title='bbox 1358 988 1393 1019; x_wconf 92' lang='lat' dir='ltr'>in</span> <span class='ocrx_word' id='word_1_455' title='bbox 1414 993 1622 1031; x_wconf 85' lang='lat' dir='ltr'>argumento</span> <span class='ocrx_word' id='word_1_456' title='bbox 1640 987 1890 1032; x_wconf 88' lang='lat' dir='ltr'>consequentia</span> <span class='ocrx_word' id='word_1_457' title='bbox 1909 988 2068 1031; x_wconf 85' lang='lat' dir='ltr'>neganda</span> <span class='ocrx_word' id='word_1_458' title='bbox 2094 993 2154 1021; x_wconf 87' lang='lat' dir='ltr'>est.</span> 
     </span>
    </p>
   </div>
   <div class='ocr_carea' id='block_1_10' title="bbox 1138 1037 2156 1083">
    <p class='ocr_par' dir='ltr' id='par_1_13' title="bbox 1138 1037 2156 1083">
     <span class='ocr_line' id='line_1_71' title="bbox 1138 1037 2156 1083; baseline 0 -12"><span class='ocrx_word' id='word_1_459' title='bbox 1138 1078 1140 1083; x_wconf 33' lang='grc' dir='ltr'>Ι</span> <span class='ocrx_word' id='word_1_460' title='bbox 1166 1037 1247 1071; x_wconf 81' lang='lat' dir='ltr'>Non</span> <span class='ocrx_word' id='word_1_461' title='bbox 1273 1038 1368 1071; x_wconf 90' lang='lat' dir='ltr'>enim</span> <span class='ocrx_word' id='word_1_462' title='bbox 1392 1039 1567 1083; x_wconf 88' lang='lat' dir='ltr'>sequitur:</span> <span class='ocrx_word' id='word_1_463' title='bbox 1603 1037 1742 1071; x_wconf 89' lang='lat' dir='ltr'>lusticia</span> <span class='ocrx_word' id='word_1_464' title='bbox 1773 1039 1887 1071; x_wconf 87' lang='lat' dir='ltr'>bonae</span> <span class='ocrx_word' id='word_1_465' title='bbox 1920 1038 2156 1071; x_wconf 86' lang='lat' dir='ltr'>conscientiae</span> 
     </span>
    </p>
   </div>
   <div class='ocr_carea' id='block_1_11' title="bbox 1166 1086 2156 1183">
    <p class='ocr_par' dir='ltr' id='par_1_14' title="bbox 1166 1086 2156 1183">
     <span class='ocr_line' id='line_1_72' title="bbox 1166 1086 2155 1132; baseline 0 -11"><span class='ocrx_word' id='word_1_466' title='bbox 1166 1097 1216 1123; x_wconf 87' lang='lat' dir='ltr'>est</span> <span class='ocrx_word' id='word_1_467' title='bbox 1235 1089 1358 1130; x_wconf 87' lang='lat' dir='ltr'>simul,</span> <span class='ocrx_word' id='word_1_468' title='bbox 1386 1086 1479 1132; x_wconf 86' lang='lat' dir='ltr'>Ergo</span> <span class='ocrx_word' id='word_1_469' title='bbox 1496 1096 1639 1132; x_wconf 72' lang='lat' dir='ltr'>propter</span> <span class='ocrx_word' id='word_1_470' title='bbox 1657 1101 1731 1121; x_wconf 87' lang='lat' dir='ltr'>eam</span> <span class='ocrx_word' id='word_1_471' title='bbox 1752 1101 1899 1132; x_wconf 80' lang='lat' dir='ltr'>persona</span> <span class='ocrx_word' id='word_1_472' title='bbox 1918 1096 1966 1121; x_wconf 83' lang='lat' dir='ltr'>est</span> <span class='ocrx_word' id='word_1_473' title='bbox 1986 1090 2089 1127; x_wconf 89' lang='lat' dir='ltr'>iusta,</span> <span class='ocrx_word' id='word_1_474' title='bbox 2118 1089 2155 1121; x_wconf 90' lang='lat' dir='ltr'>id</span> 
     </span>
     <span class='ocr_line' id='line_1_73' title="bbox 1166 1138 2156 1183; baseline 0 -11"><span class='ocrx_word' id='word_1_475' title='bbox 1166 1146 1235 1180; x_wconf 87' lang='lat' dir='ltr'>est,</span> <span class='ocrx_word' id='word_1_476' title='bbox 1262 1147 1402 1183; x_wconf 88' lang='lat' dir='ltr'>accepta</span> <span class='ocrx_word' id='word_1_477' title='bbox 1430 1141 1466 1173; x_wconf 88' lang='lat' dir='ltr'>in</span> <span class='ocrx_word' id='word_1_478' title='bbox 1491 1141 1622 1173; x_wconf 89' lang='lat' dir='ltr'>iudicio</span> <span class='ocrx_word' id='word_1_479' title='bbox 1646 1138 1732 1177; x_wconf 88' lang='lat' dir='ltr'>Dei,</span> <span class='ocrx_word' id='word_1_480' title='bbox 1760 1142 1849 1173; x_wconf 87' lang='lat' dir='ltr'>sient</span> <span class='ocrx_word' id='word_1_481' title='bbox 1880 1140 2071 1173; x_wconf 85' lang='lat' dir='ltr'>clarissime</span> <span class='ocrx_word' id='word_1_482' title='bbox 2099 1141 2156 1172; x_wconf 88' lang='lat' dir='ltr'>in-</span> 
     </span>
    </p>
   </div>
   <div class='ocr_carea' id='block_1_12' title="bbox 1140 1189 2156 1234">
    <p class='ocr_par' dir='ltr' id='par_1_15' title="bbox 1140 1189 2156 1234">
     <span class='ocr_line' id='line_1_74' title="bbox 1140 1189 2156 1234; baseline 0.001 -11"><span class='ocrx_word' id='word_1_483' title='bbox 1140 1219 1141 1223; x_wconf 64' lang='lat'>,</span> <span class='ocrx_word' id='word_1_484' title='bbox 1167 1191 1242 1234; x_wconf 87' lang='lat' dir='ltr'>quit</span> <span class='ocrx_word' id='word_1_485' title='bbox 1259 1189 1408 1223; x_wconf 88' lang='lat' dir='ltr'>Paulus:</span> <span class='ocrx_word' id='word_1_486' title='bbox 1438 1189 1536 1223; x_wconf 69' lang='lat' dir='ltr'>Nihil</span> <span class='ocrx_word' id='word_1_487' title='bbox 1556 1189 1641 1223; x_wconf 83' lang='lat' dir='ltr'>mihi</span> <span class='ocrx_word' id='word_1_488' title='bbox 1661 1192 1820 1223; x_wconf 84' lang='lat' dir='ltr'>conscius</span> <span class='ocrx_word' id='word_1_489' title='bbox 1838 1202 1926 1228; x_wconf 87' lang='lat' dir='ltr'>sum,</span> <span class='ocrx_word' id='word_1_490' title='bbox 1955 1192 2011 1223; x_wconf 85' lang='lat' dir='ltr'>sed</span> <span class='ocrx_word' id='word_1_491' title='bbox 2034 1192 2067 1223; x_wconf 91' lang='lat' dir='ltr'>in</span> <span class='ocrx_word' id='word_1_492' title='bbox 2090 1189 2156 1224; x_wconf 92' lang='lat' dir='ltr'>hoc</span> 
     </span>
    </p>
   </div>
   <div class='ocr_carea' id='block_1_13' title="bbox 1166 1239 2157 1639">
    <p class='ocr_par' dir='ltr' id='par_1_16' title="bbox 1166 1239 2157 1639">
     <span class='ocr_line' id='line_1_75' title="bbox 1166 1239 2156 1282; baseline 0.001 -9"><span class='ocrx_word' id='word_1_493' title='bbox 1166 1253 1239 1274; x_wconf 88' lang='lat' dir='ltr'>non</span> <span class='ocrx_word' id='word_1_494' title='bbox 1262 1242 1466 1274; x_wconf 85' lang='lat' dir='ltr'>iustificatus</span> <span class='ocrx_word' id='word_1_495' title='bbox 1492 1254 1581 1274; x_wconf 89' lang='lat' dir='ltr'>sum.</span> <span class='ocrx_word' id='word_1_496' title='bbox 1650 1239 1749 1273; x_wconf 81' lang='lat' dir='ltr'>Bona</span> <span class='ocrx_word' id='word_1_497' title='bbox 1774 1253 1827 1273; x_wconf 91' lang='lat' dir='ltr'>res</span> <span class='ocrx_word' id='word_1_498' title='bbox 1856 1248 1923 1282; x_wconf 90' lang='lat' dir='ltr'>est,</span> <span class='ocrx_word' id='word_1_499' title='bbox 1958 1253 2017 1274; x_wconf 88' lang='lat' dir='ltr'>sen</span> <span class='ocrx_word' id='word_1_500' title='bbox 2045 1244 2156 1274; x_wconf 73' lang='lat' dir='ltr'>virtus</span> 
     </span>
     <span class='ocr_line' id='line_1_76' title="bbox 1166 1290 2156 1338; baseline 0.001 -14"><span class='ocrx_word' id='word_1_501' title='bbox 1166 1293 1249 1325; x_wconf 88' lang='lat' dir='ltr'>dare</span> <span class='ocrx_word' id='word_1_502' title='bbox 1266 1291 1534 1338; x_wconf 73' lang='lat' dir='ltr'>EleemosynaS.</span> <span class='ocrx_word' id='word_1_503' title='bbox 1593 1291 1662 1325; x_wconf 88' lang='lat' dir='ltr'>Sed</span> <span class='ocrx_word' id='word_1_504' title='bbox 1681 1304 1849 1335; x_wconf 87' lang='lat' dir='ltr'>persona,</span> <span class='ocrx_word' id='word_1_505' title='bbox 1885 1292 1922 1324; x_wconf 89' lang='lat' dir='ltr'>in</span> <span class='ocrx_word' id='word_1_506' title='bbox 1947 1304 2014 1337; x_wconf 89' lang='lat' dir='ltr'>qua</span> <span class='ocrx_word' id='word_1_507' title='bbox 2040 1290 2156 1326; x_wconf 87' lang='lat' dir='ltr'>adhuc</span> 
     </span>
     <span class='ocr_line' id='line_1_77' title="bbox 1166 1342 2156 1387; baseline 0.001 -12"><span class='ocrx_word' id='word_1_508' title='bbox 1166 1342 1317 1376; x_wconf 88' lang='lat' dir='ltr'>multum</span> <span class='ocrx_word' id='word_1_509' title='bbox 1342 1349 1392 1375; x_wconf 85' lang='lat' dir='ltr'>est</span> <span class='ocrx_word' id='word_1_510' title='bbox 1423 1343 1602 1381; x_wconf 89' lang='lat' dir='ltr'>sordium,</span> <span class='ocrx_word' id='word_1_511' title='bbox 1652 1354 1725 1375; x_wconf 91' lang='lat' dir='ltr'>non</span> <span class='ocrx_word' id='word_1_512' title='bbox 1758 1349 1902 1387; x_wconf 89' lang='lat' dir='ltr'>propter</span> <span class='ocrx_word' id='word_1_513' title='bbox 1926 1343 2012 1377; x_wconf 88' lang='lat' dir='ltr'>tales</span> <span class='ocrx_word' id='word_1_514' title='bbox 2045 1344 2156 1376; x_wconf 74' lang='lat' dir='ltr'>virtu-</span> 
     </span>
     <span class='ocr_line' id='line_1_78' title="bbox 1167 1393 2156 1438; baseline 0.001 -12"><span class='ocrx_word' id='word_1_515' title='bbox 1167 1401 1216 1427; x_wconf 89' lang='lat' dir='ltr'>tes</span> <span class='ocrx_word' id='word_1_516' title='bbox 1250 1394 1287 1426; x_wconf 90' lang='lat' dir='ltr'>in</span> <span class='ocrx_word' id='word_1_517' title='bbox 1318 1394 1450 1427; x_wconf 87' lang='lat' dir='ltr'>iudicio</span> <span class='ocrx_word' id='word_1_518' title='bbox 1479 1393 1543 1427; x_wconf 90' lang='lat' dir='ltr'>Dei</span> <span class='ocrx_word' id='word_1_519' title='bbox 1576 1400 1712 1436; x_wconf 85' lang='lat' dir='ltr'>accepta</span> <span class='ocrx_word' id='word_1_520' title='bbox 1740 1400 1809 1434; x_wconf 87' lang='lat' dir='ltr'>est,</span> <span class='ocrx_word' id='word_1_521' title='bbox 1846 1395 1904 1427; x_wconf 92' lang='lat' dir='ltr'>sed</span> <span class='ocrx_word' id='word_1_522' title='bbox 1931 1406 1992 1438; x_wconf 92' lang='lat' dir='ltr'>per</span> <span class='ocrx_word' id='word_1_523' title='bbox 2018 1395 2156 1427; x_wconf 88' lang='lat' dir='ltr'>miseri—</span> 
     </span>
     <span class='ocr_line' id='line_1_79' title="bbox 1167 1444 2156 1489; baseline 0 -12"><span class='ocrx_word' id='word_1_524' title='bbox 1167 1445 1323 1478; x_wconf 88' lang='lat' dir='ltr'>cordiam</span> <span class='ocrx_word' id='word_1_525' title='bbox 1356 1453 1501 1489; x_wconf 89' lang='lat' dir='ltr'>propter</span> <span class='ocrx_word' id='word_1_526' title='bbox 1533 1444 1782 1483; x_wconf 84' lang='lat' dir='ltr'>mediatorem,</span> <span class='ocrx_word' id='word_1_527' title='bbox 1827 1452 1865 1478; x_wconf 91' lang='lat' dir='ltr'>ut</span> <span class='ocrx_word' id='word_1_528' title='bbox 1890 1445 2036 1478; x_wconf 85' lang='lat' dir='ltr'>dicitur:</span> <span class='ocrx_word' id='word_1_529' title='bbox 2077 1445 2156 1479; x_wconf 82' lang='lat' dir='ltr'>Non</span> 
     </span>
     <span class='ocr_line' id='line_1_80' title="bbox 1168 1495 2156 1539; baseline 0 -11"><span class='ocrx_word' id='word_1_530' title='bbox 1168 1496 1415 1529; x_wconf 86' lang='lat' dir='ltr'>iustificabitur</span> <span class='ocrx_word' id='word_1_531' title='bbox 1442 1497 1478 1528; x_wconf 87' lang='lat' dir='ltr'>in</span> <span class='ocrx_word' id='word_1_532' title='bbox 1504 1502 1691 1538; x_wconf 85' lang='lat' dir='ltr'>conspectu</span> <span class='ocrx_word' id='word_1_533' title='bbox 1717 1504 1776 1528; x_wconf 90' lang='lat' dir='ltr'>tuo</span> <span class='ocrx_word' id='word_1_534' title='bbox 1805 1504 1868 1531; x_wconf 85' lang='lat' dir='ltr'>etc.</span> <span class='ocrx_word' id='word_1_535' title='bbox 1943 1495 2045 1529; x_wconf 85' lang='lat' dir='ltr'>Item:</span> <span class='ocrx_word' id='word_1_536' title='bbox 2083 1496 2156 1539; x_wconf 84' lang='lat' dir='ltr'>Qui</span> 
     </span>
     <span class='ocr_line' id='line_1_81' title="bbox 1167 1545 2157 1589; baseline 0.001 -11"><span class='ocrx_word' id='word_1_537' title='bbox 1167 1547 1357 1589; x_wconf 89' lang='lat' dir='ltr'>gloriatur,</span> <span class='ocrx_word' id='word_1_538' title='bbox 1394 1547 1428 1578; x_wconf 90' lang='lat' dir='ltr'>in</span> <span class='ocrx_word' id='word_1_539' title='bbox 1450 1546 1603 1579; x_wconf 86' lang='lat' dir='ltr'>Domino</span> <span class='ocrx_word' id='word_1_540' title='bbox 1627 1546 1806 1588; x_wconf 86' lang='lat' dir='ltr'>glorietur.</span> <span class='ocrx_word' id='word_1_541' title='bbox 1860 1545 1904 1579; x_wconf 85' lang='lat' dir='ltr'>Et</span> <span class='ocrx_word' id='word_1_542' title='bbox 1934 1554 2049 1579; x_wconf 86' lang='lat' dir='ltr'>tamen</span> <span class='ocrx_word' id='word_1_543' title='bbox 2079 1559 2157 1579; x_wconf 83' lang='lat' dir='ltr'>rna—</span> 
     </span>
     <span class='ocr_line' id='line_1_82' title="bbox 1170 1597 2157 1639; baseline -0.002 -8"><span class='ocrx_word' id='word_1_544' title='bbox 1170 1604 1228 1631; x_wconf 89' lang='lat' dir='ltr'>net</span> <span class='ocrx_word' id='word_1_545' title='bbox 1252 1598 1337 1630; x_wconf 90' lang='lat' dir='ltr'>dicti</span> <span class='ocrx_word' id='word_1_546' title='bbox 1367 1597 1464 1629; x_wconf 88' lang='lat' dir='ltr'>illius</span> <span class='ocrx_word' id='word_1_547' title='bbox 1489 1597 1635 1630; x_wconf 89' lang='lat' dir='ltr'>immota</span> <span class='ocrx_word' id='word_1_548' title='bbox 1664 1597 1812 1629; x_wconf 84' lang='lat' dir='ltr'>veritas:</span> <span class='ocrx_word' id='word_1_549' title='bbox 1860 1597 1952 1639; x_wconf 86' lang='lat' dir='ltr'>Quia</span> <span class='ocrx_word' id='word_1_550' title='bbox 1978 1609 2049 1629; x_wconf 91' lang='lat' dir='ltr'>non</span> <span class='ocrx_word' id='word_1_551' title='bbox 2073 1598 2157 1631; x_wconf 90' lang='lat' dir='ltr'>dili-</span> 
     </span>
    </p>
   </div>
   <div class='ocr_carea' id='block_1_14' title="bbox 1168 1648 2156 1732">
    <p class='ocr_par' dir='ltr' id='par_1_17' title="bbox 1168 1648 2156 1732">
     <span class='ocr_line' id='line_1_83' title="bbox 1168 1648 2156 1692; baseline 0.003 -13"><span class='ocrx_word' id='word_1_552' title='bbox 1168 1648 1234 1689; x_wconf 84' lang='lat' dir='ltr'>git,</span> <span class='ocrx_word' id='word_1_553' title='bbox 1261 1654 1378 1680; x_wconf 87' lang='lat' dir='ltr'>manet</span> <span class='ocrx_word' id='word_1_554' title='bbox 1402 1648 1439 1680; x_wconf 90' lang='lat' dir='ltr'>in</span> <span class='ocrx_word' id='word_1_555' title='bbox 1469 1655 1599 1689; x_wconf 81' lang='lat' dir='ltr'>morte,</span> <span class='ocrx_word' id='word_1_556' title='bbox 1634 1648 1693 1692; x_wconf 88' lang='lat' dir='ltr'>qui</span> <span class='ocrx_word' id='word_1_557' title='bbox 1718 1648 1825 1680; x_wconf 85' lang='lat' dir='ltr'>simul</span> <span class='ocrx_word' id='word_1_558' title='bbox 1853 1660 1924 1681; x_wconf 86' lang='lat' dir='ltr'>esse</span> <span class='ocrx_word' id='word_1_559' title='bbox 1949 1660 2085 1681; x_wconf 80' lang='lat' dir='ltr'>necesse</span> <span class='ocrx_word' id='word_1_560' title='bbox 2106 1655 2156 1682; x_wconf 84' lang='lat' dir='ltr'>est</span> 
     </span>
     <span class='ocr_line' id='line_1_84' title="bbox 1169 1698 1478 1732; baseline 0.006 -2"><span class='ocrx_word' id='word_1_561' title='bbox 1169 1698 1296 1731; x_wconf 79' lang='lat' dir='ltr'>inultas</span> <span class='ocrx_word' id='word_1_562' title='bbox 1319 1699 1478 1732; x_wconf 59' lang='lat' dir='ltr'>virtutes.</span> 
     </span>
    </p>
   </div>
   <div class='ocr_carea' id='block_1_15' title="bbox 1323 1781 1892 1886">
    <p class='ocr_par' dir='ltr' id='par_1_18' title="bbox 1323 1781 1892 1886">
     <span class='ocr_line' id='line_1_85' title="bbox 1442 1781 1892 1830; baseline 0.004 -13"><span class='ocrx_word' id='word_1_563' title='bbox 1442 1781 1606 1817; x_wconf 77' lang='lat' dir='ltr'>Tertium</span> <span class='ocrx_word' id='word_1_564' title='bbox 1623 1789 1892 1830; x_wconf 75' lang='lat' dir='ltr'>argumentum.</span> 
     </span>
     <span class='ocr_line' id='line_1_86' title="bbox 1323 1850 1716 1886; baseline 0.008 -3"><span class='ocrx_word' id='word_1_565' title='bbox 1323 1850 1474 1885; x_wconf 80' lang='lat' dir='ltr'>Dilectio</span> <span class='ocrx_word' id='word_1_566' title='bbox 1494 1860 1544 1886; x_wconf 90' lang='lat' dir='ltr'>est</span> <span class='ocrx_word' id='word_1_567' title='bbox 1561 1854 1716 1886; x_wconf 85' lang='lat' dir='ltr'>iusticia:</span> 
     </span>
    </p>
   </div>
   <div class='ocr_carea' id='block_1_16' title="bbox 1274 1901 2157 2000">
    <p class='ocr_par' dir='ltr' id='par_1_19' title="bbox 1274 1901 2157 2000">
     <span class='ocr_line' id='line_1_87' title="bbox 1325 1901 1865 1946; baseline 0.006 -11"><span class='ocrx_word' id='word_1_568' title='bbox 1325 1901 1420 1946; x_wconf 85' lang='lat' dir='ltr'>Ergo</span> <span class='ocrx_word' id='word_1_569' title='bbox 1440 1904 1628 1937; x_wconf 88' lang='lat' dir='ltr'>dilectione</span> <span class='ocrx_word' id='word_1_570' title='bbox 1645 1906 1754 1938; x_wconf 86' lang='lat' dir='ltr'>sumis</span> <span class='ocrx_word' id='word_1_571' title='bbox 1776 1905 1865 1938; x_wconf 86' lang='lat' dir='ltr'>insti.</span> 
     </span>
     <span class='ocr_line' id='line_1_88' title="bbox 1274 1952 2157 2000; baseline 0.003 -16"><span class='ocrx_word' id='word_1_572' title='bbox 1274 1952 1375 1986; x_wconf 75' lang='lat' dir='ltr'>Valet</span> <span class='ocrx_word' id='word_1_573' title='bbox 1407 1956 1654 2000; x_wconf 87' lang='lat' dir='ltr'>consequentia</span> <span class='ocrx_word' id='word_1_574' title='bbox 1690 1964 1723 1989; x_wconf 87' lang='lat' dir='ltr'>et</span> <span class='ocrx_word' id='word_1_575' title='bbox 1760 1956 1836 1988; x_wconf 91' lang='lat' dir='ltr'>loco</span> <span class='ocrx_word' id='word_1_576' title='bbox 1878 1955 2157 1996; x_wconf 84' lang='lat' dir='ltr'>coniugatorum.</span> 
     </span>
    </p>
   </div>
   <div class='ocr_carea' id='block_1_17' title="bbox 1144 2002 2158 2049">
    <p class='ocr_par' dir='ltr' id='par_1_20' title="bbox 1144 2002 2158 2049">
     <span class='ocr_line' id='line_1_89' title="bbox 1144 2002 2158 2049; baseline 0 -13"><span class='ocrx_word' id='word_1_577' title='bbox 1144 2016 1147 2030; x_wconf 74' lang='lat'><em>÷</em></span> <span class='ocrx_word' id='word_1_578' title='bbox 1173 2002 1218 2037; x_wconf 68' lang='lat' dir='ltr'>[t</span> <span class='ocrx_word' id='word_1_579' title='bbox 1240 2016 1318 2037; x_wconf 83' lang='lat' dir='ltr'>curn</span> <span class='ocrx_word' id='word_1_580' title='bbox 1342 2005 1510 2038; x_wconf 87' lang='lat' dir='ltr'>dicimus:</span> <span class='ocrx_word' id='word_1_581' title='bbox 1539 2005 1677 2039; x_wconf 75' lang='lat' dir='ltr'>Albedo</span> <span class='ocrx_word' id='word_1_582' title='bbox 1703 2014 1752 2040; x_wconf 89' lang='lat' dir='ltr'>est</span> <span class='ocrx_word' id='word_1_583' title='bbox 1775 2007 1893 2046; x_wconf 84' lang='lat' dir='ltr'>color,</span> <span class='ocrx_word' id='word_1_584' title='bbox 1928 2005 2022 2049; x_wconf 81' lang='lat' dir='ltr'>Ergo</span> <span class='ocrx_word' id='word_1_585' title='bbox 2045 2004 2158 2048; x_wconf 88' lang='lat' dir='ltr'>paries</span> 
     </span>
    </p>
   </div>
   <div class='ocr_carea' id='block_1_18' title="bbox 1173 2055 2161 2201">
    <p class='ocr_par' dir='ltr' id='par_1_21' title="bbox 1173 2055 2161 2201">
     <span class='ocr_line' id='line_1_90' title="bbox 1173 2055 1722 2093; baseline 0.007 -6"><span class='ocrx_word' id='word_1_586' title='bbox 1173 2056 1273 2088; x_wconf 87' lang='lat' dir='ltr'>albus</span> <span class='ocrx_word' id='word_1_587' title='bbox 1289 2055 1451 2089; x_wconf 81' lang='lat' dir='ltr'>albedine</span> <span class='ocrx_word' id='word_1_588' title='bbox 1471 2064 1517 2089; x_wconf 88' lang='lat' dir='ltr'>est</span> <span class='ocrx_word' id='word_1_589' title='bbox 1536 2058 1722 2093; x_wconf 82' lang='lat' dir='ltr'>coloratus.</span> 
     </span>
     <span class='ocr_line' id='line_1_91' title="bbox 1280 2105 2160 2152; baseline 0.003 -15"><span class='ocrx_word' id='word_1_590' title='bbox 1280 2105 1378 2139; x_wconf 71' lang='lat' dir='ltr'>Valet</span> <span class='ocrx_word' id='word_1_591' title='bbox 1403 2109 1617 2141; x_wconf 84' lang='lat' dir='ltr'>conscientia</span> <span class='ocrx_word' id='word_1_592' title='bbox 1638 2110 1675 2141; x_wconf 86' lang='lat' dir='ltr'>in</span> <span class='ocrx_word' id='word_1_593' title='bbox 1701 2109 1913 2152; x_wconf 82' lang='lat' dir='ltr'>coniugatiS,</span> <span class='ocrx_word' id='word_1_594' title='bbox 1941 2108 1968 2140; x_wconf 92' lang='lat' dir='ltr'>si</span> <span class='ocrx_word' id='word_1_595' title='bbox 1996 2107 2093 2139; x_wconf 84' lang='lat' dir='ltr'>nulla</span> <span class='ocrx_word' id='word_1_596' title='bbox 2116 2106 2160 2140; x_wconf 80' lang='lat' dir='ltr'>sit</span> 
     </span>
     <span class='ocr_line' id='line_1_92' title="bbox 1174 2157 2161 2201; baseline 0 -11"><span class='ocrx_word' id='word_1_597' title='bbox 1174 2158 1404 2200; x_wconf 76' lang='lat' dir='ltr'>ambiguitas,</span> <span class='ocrx_word' id='word_1_598' title='bbox 1437 2166 1473 2192; x_wconf 89' lang='lat' dir='ltr'>ut</span> <span class='ocrx_word' id='word_1_599' title='bbox 1498 2160 1525 2191; x_wconf 91' lang='lat' dir='ltr'>si</span> <span class='ocrx_word' id='word_1_600' title='bbox 1550 2157 1607 2192; x_wconf 85' lang='lat' dir='ltr'>liic</span> <span class='ocrx_word' id='word_1_601' title='bbox 1634 2160 1768 2192; x_wconf 84' lang='lat' dir='ltr'>iusticia</span> <span class='ocrx_word' id='word_1_602' title='bbox 1796 2159 2012 2201; x_wconf 82' lang='lat' dir='ltr'>intelligatur</span> <span class='ocrx_word' id='word_1_603' title='bbox 2037 2158 2161 2197; x_wconf 67' lang='lat' dir='ltr'>virtus,</span> 
     </span>
    </p>
   </div>
   <div class='ocr_carea' id='block_1_19' title="bbox 1148 2209 2157 2302">
    <p class='ocr_par' dir='ltr' id='par_1_22' title="bbox 1148 2209 2157 2302">
     <span class='ocr_line' id='line_1_93' title="bbox 1148 2209 2157 2252; baseline 0 -12"><span class='ocrx_word' id='word_1_604' title='bbox 1148 2230 1149 2240; x_wconf 37' lang='lat' dir='ltr'>l</span> <span class='ocrx_word' id='word_1_605' title='bbox 1174 2220 1254 2241; x_wconf 81' lang='lat' dir='ltr'>vera</span> <span class='ocrx_word' id='word_1_606' title='bbox 1281 2216 1331 2241; x_wconf 88' lang='lat' dir='ltr'>est</span> <span class='ocrx_word' id='word_1_607' title='bbox 1360 2210 1553 2252; x_wconf 84' lang='lat' dir='ltr'>propositio</span> <span class='ocrx_word' id='word_1_608' title='bbox 1580 2209 1661 2243; x_wconf 87' lang='lat' dir='ltr'>haec</span> <span class='ocrx_word' id='word_1_609' title='bbox 1684 2211 1825 2244; x_wconf 85' lang='lat' dir='ltr'>dilectio</span> <span class='ocrx_word' id='word_1_610' title='bbox 1853 2217 1901 2242; x_wconf 83' lang='lat' dir='ltr'>est</span> <span class='ocrx_word' id='word_1_611' title='bbox 1928 2209 2085 2249; x_wconf 86' lang='lat' dir='ltr'>iusticia,</span> <span class='ocrx_word' id='word_1_612' title='bbox 2120 2209 2157 2241; x_wconf 91' lang='lat' dir='ltr'>id</span> 
     </span>
     <span class='ocr_line' id='line_1_94' title="bbox 1149 2260 1790 2302; baseline 0.002 -11"><span class='ocrx_word' id='word_1_613' title='bbox 1149 2295 1150 2298; x_wconf 14' lang='grc' dir='ltr'><strong>Ἰ</strong></span> <span class='ocrx_word' id='word_1_614' title='bbox 1176 2267 1242 2300; x_wconf 90' lang='lat' dir='ltr'>est,</span> <span class='ocrx_word' id='word_1_615' title='bbox 1267 2260 1387 2302; x_wconf 77' lang='lat' dir='ltr'>pulcra</span> <span class='ocrx_word' id='word_1_616' title='bbox 1415 2267 1446 2293; x_wconf 89' lang='lat' dir='ltr'>et</span> <span class='ocrx_word' id='word_1_617' title='bbox 1471 2261 1642 2294; x_wconf 85' lang='lat' dir='ltr'>excellens</span> <span class='ocrx_word' id='word_1_618' title='bbox 1668 2263 1790 2294; x_wconf 72' lang='lat' dir='ltr'>virtus.</span> 
     </span>
    </p>
   </div>
   <div class='ocr_carea' id='block_1_20' title="bbox 1175 2259 2163 2662">
    <p class='ocr_par' dir='ltr' id='par_1_23' title="bbox 1175 2259 2163 2662">
     <span class='ocr_line' id='line_1_95' title="bbox 1847 2259 2160 2303; baseline -0.006 -10"><span class='ocrx_word' id='word_1_619' title='bbox 1847 2259 1941 2303; x_wconf 83' lang='lat' dir='ltr'>Ergo</span> <span class='ocrx_word' id='word_1_620' title='bbox 1970 2259 2160 2292; x_wconf 89' lang='lat' dir='ltr'>dilectione</span> 
     </span>
     <span class='ocr_line' id='line_1_96' title="bbox 1175 2309 2160 2352; baseline 0 -9"><span class='ocrx_word' id='word_1_621' title='bbox 1175 2322 1294 2343; x_wconf 87' lang='lat' dir='ltr'>sumus</span> <span class='ocrx_word' id='word_1_622' title='bbox 1312 2311 1411 2351; x_wconf 88' lang='lat' dir='ltr'>iusti,</span> <span class='ocrx_word' id='word_1_623' title='bbox 1439 2312 1473 2344; x_wconf 90' lang='lat' dir='ltr'>id</span> <span class='ocrx_word' id='word_1_624' title='bbox 1491 2320 1557 2352; x_wconf 81' lang='lat' dir='ltr'>est,</span> <span class='ocrx_word' id='word_1_625' title='bbox 1584 2310 1752 2345; x_wconf 76' lang='lat' dir='ltr'>habentes</span> <span class='ocrx_word' id='word_1_626' title='bbox 1772 2311 1860 2345; x_wconf 74' lang='lat' dir='ltr'>banc</span> <span class='ocrx_word' id='word_1_627' title='bbox 1879 2312 2054 2346; x_wconf 78' lang='lat' dir='ltr'>virtutem.</span> <span class='ocrx_word' id='word_1_628' title='bbox 2090 2309 2160 2344; x_wconf 84' lang='lat' dir='ltr'>Sed</span> 
     </span>
     <span class='ocr_line' id='line_1_97' title="bbox 1176 2360 2161 2407; baseline 0 -14"><span class='ocrx_word' id='word_1_629' title='bbox 1176 2361 1271 2394; x_wconf 89' lang='lat' dir='ltr'>aliud</span> <span class='ocrx_word' id='word_1_630' title='bbox 1300 2368 1349 2394; x_wconf 90' lang='lat' dir='ltr'>est</span> <span class='ocrx_word' id='word_1_631' title='bbox 1366 2362 1464 2407; x_wconf 83' lang='lat' dir='ltr'>loqui</span> <span class='ocrx_word' id='word_1_632' title='bbox 1489 2364 1531 2395; x_wconf 84' lang='lat' dir='ltr'>de</span> <span class='ocrx_word' id='word_1_633' title='bbox 1549 2363 1682 2396; x_wconf 79' lang='lat' dir='ltr'>iusticia</span> <span class='ocrx_word' id='word_1_634' title='bbox 1706 2363 1895 2402; x_wconf 78' lang='lat' dir='ltr'>Personae,</span> <span class='ocrx_word' id='word_1_635' title='bbox 1923 2362 2018 2394; x_wconf 79' lang='lat' dir='ltr'>aliud</span> <span class='ocrx_word' id='word_1_636' title='bbox 2044 2362 2086 2393; x_wconf 90' lang='lat' dir='ltr'>de</span> <span class='ocrx_word' id='word_1_637' title='bbox 2105 2360 2161 2393; x_wconf 87' lang='lat' dir='ltr'>iu-</span> 
     </span>
     <span class='ocr_line' id='line_1_98' title="bbox 1176 2413 2159 2456; baseline -0.003 -10"><span class='ocrx_word' id='word_1_638' title='bbox 1176 2413 1273 2446; x_wconf 88' lang='lat' dir='ltr'>sticia</span> <span class='ocrx_word' id='word_1_639' title='bbox 1298 2425 1443 2456; x_wconf 78' lang='lat' dir='ltr'>operum</span> <span class='ocrx_word' id='word_1_640' title='bbox 1470 2426 1529 2446; x_wconf 88' lang='lat' dir='ltr'>seu</span> <span class='ocrx_word' id='word_1_641' title='bbox 1563 2415 1745 2448; x_wconf 77' lang='lat' dir='ltr'>virtutum.</span> <span class='ocrx_word' id='word_1_642' title='bbox 1818 2413 1954 2446; x_wconf 86' lang='lat' dir='ltr'>lusticia</span> <span class='ocrx_word' id='word_1_643' title='bbox 1990 2424 2159 2456; x_wconf 78' lang='lat' dir='ltr'>personae</span> 
     </span>
     <span class='ocr_line' id='line_1_99' title="bbox 1178 2463 2161 2508; baseline 0 -13"><span class='ocrx_word' id='word_1_644' title='bbox 1178 2469 1227 2496; x_wconf 93' lang='lat' dir='ltr'>est</span> <span class='ocrx_word' id='word_1_645' title='bbox 1250 2463 1436 2507; x_wconf 85' lang='lat' dir='ltr'>imputatio</span> <span class='ocrx_word' id='word_1_646' title='bbox 1470 2465 1625 2498; x_wconf 85' lang='lat' dir='ltr'>iusticiae</span> <span class='ocrx_word' id='word_1_647' title='bbox 1656 2477 1715 2497; x_wconf 85' lang='lat' dir='ltr'>sen</span> <span class='ocrx_word' id='word_1_648' title='bbox 1749 2464 1939 2508; x_wconf 85' lang='lat' dir='ltr'>acceptatio</span> <span class='ocrx_word' id='word_1_649' title='bbox 1965 2465 2002 2495; x_wconf 89' lang='lat' dir='ltr'>in</span> <span class='ocrx_word' id='word_1_650' title='bbox 2028 2463 2161 2496; x_wconf 86' lang='lat' dir='ltr'>iudicio</span> 
     </span>
     <span class='ocr_line' id='line_1_100' title="bbox 1178 2512 2162 2559; baseline -0.002 -12"><span class='ocrx_word' id='word_1_651' title='bbox 1178 2512 1262 2554; x_wconf 81' lang='lat' dir='ltr'>Dei,</span> <span class='ocrx_word' id='word_1_652' title='bbox 1291 2527 1379 2559; x_wconf 82' lang='lat' dir='ltr'>quae</span> <span class='ocrx_word' id='word_1_653' title='bbox 1406 2515 1444 2548; x_wconf 82' lang='lat' dir='ltr'>fit</span> <span class='ocrx_word' id='word_1_654' title='bbox 1468 2523 1612 2559; x_wconf 86' lang='lat' dir='ltr'>propter</span> <span class='ocrx_word' id='word_1_655' title='bbox 1636 2516 1865 2549; x_wconf 84' lang='lat' dir='ltr'>mediatorem</span> <span class='ocrx_word' id='word_1_656' title='bbox 1889 2514 1961 2549; x_wconf 91' lang='lat' dir='ltr'>sola</span> <span class='ocrx_word' id='word_1_657' title='bbox 1981 2515 2059 2549; x_wconf 82' lang='lat' dir='ltr'>fide.</span> <span class='ocrx_word' id='word_1_658' title='bbox 2115 2513 2162 2546; x_wconf 81' lang='lat' dir='ltr'>At</span> 
     </span>
     <span class='ocr_line' id='line_1_101' title="bbox 1178 2565 2162 2608; baseline -0.002 -11"><span class='ocrx_word' id='word_1_659' title='bbox 1178 2565 1314 2598; x_wconf 87' lang='lat' dir='ltr'>iusticia</span> <span class='ocrx_word' id='word_1_660' title='bbox 1345 2578 1490 2608; x_wconf 86' lang='lat' dir='ltr'>operum</span> <span class='ocrx_word' id='word_1_661' title='bbox 1517 2566 1660 2599; x_wconf 80' lang='lat' dir='ltr'>virtutes</span> <span class='ocrx_word' id='word_1_662' title='bbox 1682 2574 1764 2600; x_wconf 86' lang='lat' dir='ltr'>sunt</span> <span class='ocrx_word' id='word_1_663' title='bbox 1791 2566 1827 2599; x_wconf 90' lang='lat' dir='ltr'>in</span> <span class='ocrx_word' id='word_1_664' title='bbox 1852 2566 1973 2605; x_wconf 86' lang='lat' dir='ltr'>nobis,</span> <span class='ocrx_word' id='word_1_665' title='bbox 2013 2573 2046 2598; x_wconf 86' lang='lat' dir='ltr'>et</span> <span class='ocrx_word' id='word_1_666' title='bbox 2071 2565 2162 2597; x_wconf 87' lang='lat' dir='ltr'>bona</span> 
     </span>
     <span class='ocr_line' id='line_1_102' title="bbox 1179 2615 2163 2662; baseline -0.003 -14"><span class='ocrx_word' id='word_1_667' title='bbox 1179 2628 1302 2659; x_wconf 78' lang='lat' dir='ltr'>opera,</span> <span class='ocrx_word' id='word_1_668' title='bbox 1337 2628 1426 2661; x_wconf 86' lang='lat' dir='ltr'>quae</span> <span class='ocrx_word' id='word_1_669' title='bbox 1451 2624 1534 2650; x_wconf 86' lang='lat' dir='ltr'>sunt</span> <span class='ocrx_word' id='word_1_670' title='bbox 1563 2617 1705 2662; x_wconf 87' lang='lat' dir='ltr'>quidem</span> <span class='ocrx_word' id='word_1_671' title='bbox 1730 2630 1783 2650; x_wconf 85' lang='lat' dir='ltr'>res</span> <span class='ocrx_word' id='word_1_672' title='bbox 1810 2618 1911 2650; x_wconf 84' lang='lat' dir='ltr'>valde</span> <span class='ocrx_word' id='word_1_673' title='bbox 1935 2617 2066 2656; x_wconf 88' lang='lat' dir='ltr'>bonae,</span> <span class='ocrx_word' id='word_1_674' title='bbox 2103 2615 2163 2647; x_wconf 86' lang='lat' dir='ltr'>sed</span> 
     </span>
    </p>
   </div>
   <div class='ocr_carea' id='block_1_21' title="bbox 1151 2652 2166 2714">
    <p class='ocr_par' dir='ltr' id='par_1_24' title="bbox 1151 2652 2166 2714">
     <span class='ocr_line' id='line_1_103' title="bbox 1151 2652 2166 2714; baseline -0.003 -14"><span class='ocrx_word' id='word_1_675' title='bbox 1151 2652 1277 2705; x_wconf 62' lang='lat' dir='ltr'>⁴:aliud</span> <span class='ocrx_word' id='word_1_676' title='bbox 1307 2674 1375 2708; x_wconf 86' lang='lat' dir='ltr'>est,</span> <span class='ocrx_word' id='word_1_677' title='bbox 1417 2674 1562 2712; x_wconf 86' lang='lat' dir='ltr'>propter</span> <span class='ocrx_word' id='word_1_678' title='bbox 1591 2669 1686 2713; x_wconf 88' lang='lat' dir='ltr'>quod</span> <span class='ocrx_word' id='word_1_679' title='bbox 1718 2680 1867 2714; x_wconf 85' lang='lat' dir='ltr'>persona</span> <span class='ocrx_word' id='word_1_680' title='bbox 1900 2668 2033 2712; x_wconf 86' lang='lat' dir='ltr'>placet,</span> <span class='ocrx_word' id='word_1_681' title='bbox 2077 2677 2166 2710; x_wconf 87' lang='lat' dir='ltr'>quae</span> 
     </span>
    </p>
   </div>
  </div>
 </body>
</html>
