2415 2942
98 121 174 159 255
518 117 596 154 XII.

100 208 169 241 lius
183 205 407 249 compositos,
435 205 694 238 observandum
712 209 773 243 est,
800 214 845 235 ne
860 202 909 246 pii
923 213 1090 235 movean-

100 310 144 343 ab
161 306 356 351 Evangelio
373 307 546 341 deficiant.

476 433 612 486 Caput
657 432 712 473 X.

152 518 283 558 Amen,
332 527 438 550 amen
478 513 558 550 dico
596 513 714 555 vobis,

202 568 352 610 ostium,
380 572 441 603 ele.

201 645 323 688 Longa
349 643 471 677 concio
490 649 540 677 est
557 643 599 675 de
620 640 825 675 Pastoribus
842 639 948 674 bonis
966 646 997 673 et
1014 651 1089 673 ma-

101 697 161 737 lis,
191 695 228 728 in
256 708 324 740 qua
340 694 443 728 initio
460 693 658 727 monendus
677 699 727 724 est
746 692 874 732 lector,
900 698 939 725 ut
956 691 1088 724 discer-

100 754 159 780 nat
179 744 356 781 Christum
375 745 419 778 ab
437 745 603 778 omnibus
621 743 917 786 gubernatoribus
935 742 1089 783 caeteris,

100 810 119 831 a
137 795 342 842 ProphetiS,
365 796 585 835 doctoribus,
613 802 644 828 et
661 794 957 838 gubernatoribus
974 805 1088 838 popu-

99 849 235 888 lorum,
262 859 300 881 ac
318 848 360 880 de
377 859 417 880 eo
436 845 640 880 discrimine
658 852 775 889 postea
793 845 960 878 dicemus.
1015 843 1085 877 lni-

99 899 148 933 tio
174 910 256 932 vero
278 898 423 942 gradus,
451 897 579 943 quibus
605 896 777 930 differunt
795 893 942 929 humani
959 896 1088 938 guber-

99 956 258 987 natores,
293 949 562 982 recensebimus.
626 947 715 981 Nam
741 945 903 981 Christus
928 944 985 980 hic
1008 958 1088 990 gra-

98 1001 164 1035 dus
180 1000 285 1040 facit,
312 1006 350 1032 ut
367 1000 455 1033 facta
473 999 661 1033 collatione
680 1010 777 1032 suam
796 997 1087 1042 gubernationem

97 1051 200 1085 nobis
215 1050 323 1093 magis
340 1050 504 1085 declaret·

200 1109 289 1143 Tres
313 1116 395 1143 sunt
421 1110 548 1153 gradus
573 1109 773 1153 principum
797 1120 856 1141 seu
874 1108 1088 1152 gubernato-

97 1173 188 1195 rum.
242 1160 355 1194 Primi
373 1169 456 1195 sunt
473 1167 645 1204 pastores,
671 1160 732 1205 qui
749 1166 840 1193 recte
858 1160 992 1192 faciunt
1009 1159 1087 1192 offi-

99 1212 192 1246 cium
213 1223 336 1250 suum,
365 1218 397 1245 et
419 1223 473 1244 res
490 1218 616 1254 gerunt
632 1210 842 1244 necessarias
861 1217 894 1244 et
909 1210 1088 1250 salutares,

99 1275 163 1296 nec
191 1263 404 1305 franguntur
425 1269 538 1300 metu,
573 1268 612 1295 ut
635 1262 799 1295 deserant
820 1273 922 1294 suum
947 1271 1088 1301 munus,

99 1315 158 1347 sed
182 1320 383 1347 constanter
407 1313 565 1346 serviunt
588 1312 733 1346 utilitati
758 1312 940 1356 publicae,
971 1311 1087 1355 potius

98 1376 204 1409 quam
235 1375 328 1396 suae.
382 1363 488 1396 Tales
517 1363 661 1396 fuerunt
683 1362 820 1397 Romae
846 1363 992 1395 florente
1013 1360 1086 1395 Re-

98 1415 182 1459 pub.
215 1413 401 1454 Camillus,
444 1412 594 1454 Fabius,
629 1413 768 1457 Scipio,
803 1419 835 1446 et
863 1413 923 1446 alii
956 1412 1087 1446 virtute

97 1471 324 1509 praestantes.
393 1463 499 1497 Tales
534 1462 685 1497 Athenis
720 1464 864 1497 fuerunt
892 1463 1086 1501 Miltiades,

98 1516 289 1554 Aristides,
316 1514 463 1556 Cimon,
487 1513 614 1549 Conon
632 1522 663 1549 et
682 1514 784 1559 pauci
799 1514 871 1548 alii.
1046 1518 1052 1520 “

201 1573 364 1608 Secundo
391 1575 502 1618 gradu
523 1581 748 1608 recensentur
770 1573 998 1614 mercenarii,
1025 1573 1087 1618 qui
1113 1583 1115 1596 ²

99 1625 323 1658 mediocriter
354 1625 489 1658 faciunt
520 1625 675 1658 officium
706 1637 828 1666 suum,
862 1625 921 1657 sed
944 1624 1012 1664 ita,
1048 1630 1087 1658 ut

102 1686 183 1708 suae
212 1675 358 1708 utilitati
388 1676 498 1718 magis
529 1676 732 1716 consulant,
777 1688 882 1721 quam
915 1675 1085 1719 publicae.

102 1723 220 1768 Quare
239 1725 277 1757 in
294 1725 458 1769 periculis
474 1726 662 1769 languent,
690 1733 822 1767 tacent,
846 1726 1008 1769 fugiunt,
1035 1733 1087 1760 ta-

101 1775 151 1809 les
173 1775 317 1809 fuerunt
342 1774 478 1810 Romae
502 1775 688 1817 Scaevola,
714 1776 903 1817 Lucullus,
929 1775 1088 1810 Horten—

101 1826 194 1865 sius,
222 1825 366 1860 Servius
391 1825 576 1870 Sulpitius.
626 1824 778 1860 Athenis
793 1826 935 1873 Lysias,
958 1826 1087 1861 Dema-

99 1877 179 1917 des,
213 1874 426 1918 Aeschines,
460 1884 493 1911 et
524 1877 561 1910 in
587 1878 752 1911 omnibus
775 1878 864 1911 aulis
887 1890 925 1911 ac
948 1878 1088 1922 oppidis

98 1927 222 1962 talium
245 1939 393 1971 magnus
412 1940 580 1962 numerus
599 1935 668 1969 est,
696 1929 756 1974 qui
776 1929 1000 1962 mediocriter
1016 1941 1087 1962 ser-
1114 1950 1116 1957 ι

97 1978 219 2019 viunt,
251 1980 311 2012 sed
342 1979 380 2011 in
404 1979 570 2023 periculis
594 1980 793 2013 anteferunt
816 1991 913 2013 suam
940 1980 1087 2014 salutem
1114 1958 1116 1983 !
1142 1960 1195 1993 1⁰⁵
1218 1959 1446 1992 c⁰ll⁰⁰³¹¹d¹¹⁵
1469 1965 1529 1992 ⁰⁵¹·

1114 2010 1117 2020 '
1142 2023 1182 2043 eo
1209 2011 1305 2055 quod
1331 2011 1472 2050 doceat,
1500 2016 1538 2043 nt
1555 2008 1700 2047 caeteri,
1725 2014 1757 2040 et
1775 2013 1917 2039 externo
1937 2000 2133 2036 ministerio

98 2030 279 2063 communi
302 2030 519 2070 necessitati,
547 2030 683 2064 abdunt
706 2042 761 2068 se,
789 2037 925 2070 tacent,
952 2038 1012 2065 aut
1031 2031 1088 2063 in-

96 2080 243 2114 flectunt
259 2080 449 2114 sententias
466 2081 509 2114 ad
529 2087 712 2125 potentum
729 2082 945 2120 voluntates,
971 2089 1011 2116 ut
1026 2080 1088 2115 Ci-

98 2142 178 2164 cero
195 2143 290 2164 nunc
306 2131 467 2165 florentis
482 2130 643 2176 Pompeii
655 2160 664 2173 ,
690 2145 786 2167 nunc
804 2133 983 2177 regnantis
999 2131 1086 2167 Cae·
1111 2148 1115 2158 ⁴

97 2181 184 2215 saris
201 2182 485 2216 benevolentiam
505 2190 712 2227 aucupatur.

203 2239 325 2275 Tertio
351 2241 463 2287 gradu
485 2248 568 2275 sunt
589 2242 684 2276 fures
707 2249 741 2277 et
764 2242 937 2284 latrones,
963 2242 999 2276 id
1025 2250 1086 2285 est,

98 2289 335 2338 sycophantae
366 2299 398 2326 et
422 2292 585 2338 tyranni,
621 2293 682 2338 qui
708 2306 752 2327 ne
776 2295 919 2328 student
943 2294 1085 2339 quidem

99 2350 192 2378 recte
227 2343 359 2385 facere,
408 2344 467 2376 sed
507 2355 590 2377 suae
620 2344 782 2379 utilitatis
812 2357 914 2379 causa
945 2345 1086 2379 fraudes

98 2400 258 2435 struunt,
284 2401 344 2428 aut
360 2394 395 2427 vi
411 2401 633 2438 grassantur,
654 2402 695 2429 ut
708 2394 845 2430 Romae
862 2395 1087 2438 Saturninus,

100 2442 266 2486 Glaucia,
300 2445 451 2486 Rullus,
484 2452 516 2480 et
540 2446 673 2480 similes
698 2447 834 2481 tribuni
856 2447 987 2491 plebis,
1023 2448 1085 2493 qui

100 2495 250 2538 agrarias
266 2496 358 2539 leges
373 2497 533 2531 tulerunt
544 2524 553 2538 ,
581 2504 613 2532 et
629 2498 734 2532 motis
750 2498 984 2533 seditionibus
1000 2511 1086 2532 con-

649 113 947 152 ENARRATIO
974 114 1025 150 lN
1052 113 1233 150 EVANG.
1262 112 1471 149 lOANNIS.
1530 112 1634 149 CAP.
1662 113 1705 147 Χ.

1115 236 1117 249 Ι,
1142 203 1227 246 fuit,
1255 209 1287 236 et
1309 201 1475 235 omnibus
1499 199 1670 233 aetatibus
1695 204 1777 232 sunt
1795 197 1833 230 in
1853 196 2027 240 imperiis,
2055 203 2129 229 tum

101 266 159 293 tur
182 257 294 301 specie
318 263 351 289 et
376 256 563 290 autoritate
584 255 708 289 talium
734 251 1016 299 hypocritarum,
1050 258 1089 286 ut
1114 288 1116 302 ὲ
1142 253 1245 287 astuti
1281 250 1461 291 homines,
1499 251 1560 296 qui
1581 248 1760 284 Simonias
1789 249 1930 281 fraudes
1959 253 2130 285 exercent,

767 512 832 561 qui
869 511 986 546 intrat
1025 509 1116 559 per!

2055 111 2129 145 234

1141 312 1216 338 tum
1233 304 1399 343 violenti,
1427 303 1488 348 qui
1505 301 1723 334 manifestius
1743 305 1955 343 grassantur.

1244 371 1298 405 Ad
1317 371 1408 405 hanc
1421 371 1609 414 imaginem
1629 369 1854 414 politicorum
1870 368 2029 400 virorum
2045 377 2131 399 con-

1141 424 1293 456 feramus
1310 423 1483 456 doctores.
1536 420 1628 454 Boni
1649 427 1801 464 pastores
1818 421 1961 452 fuerunt
1973 414 2131 460 Prophe-

1142 481 1195 508 tae
1222 481 1255 508 et
1277 473 1462 517 Apostoli,
1497 478 1529 505 et
1555 472 1658 504 multi
1683 471 1743 503 alii
1768 471 1936 504 salutares
1960 470 2132 508 doctores,

1142 523 1374 565 Athanasius,
1415 523 1586 560 Basilius,
1627 522 1857 559 Ambrosius,
1899 519 2130 562 Augustinus.

1141 576 1230 610 Nam
1254 583 1285 609 et
1310 582 1401 608 recte
1423 575 1584 607 fecerunt
1606 572 1761 605 officium
1789 583 1912 611 suum,
1945 582 2009 602 nec
2031 570 2131 602 dese-

1142 634 1290 660 ruerunt
1313 638 1411 659 suam
1432 625 1613 662 militiam,
1641 623 1741 657 fracti
1761 628 1866 656 metu.
1917 619 2055 653 Deinde
2070 620 2130 652 alii

1142 678 1351 711 mercenarii
1384 688 1519 719 semper
1548 673 1826 708 innumerabiles
1859 673 2020 709 fuerunt,
2070 670 2132 715 qui

1142 729 1368 763 mediocriter
1380 728 1578 761 servierunt
1591 724 1792 770 tranquillis
1806 722 2035 766 temporibus,
2062 720 2132 754 Sed

1142 792 1223 814 suae
1251 780 1395 813 utilitati
1419 778 1529 821 magis
1553 788 1657 822 quam
1680 775 1842 819 publicae
1867 773 2133 811 consuluerunt,

1142 844 1206 865 nec
1230 839 1367 865 tantum
1396 829 1535 862 roboris
1557 826 1780 865 habuerunt,
1808 832 1845 858 ut
1869 823 1986 867 impiis
2008 824 2131 861 docto,—

1142 883 1240 916 ribus
1257 893 1291 915 se
1308 887 1548 926 opponerent,
1575 886 1614 913 ut
1632 876 1741 911 Osius
1757 875 1937 921 Hispanus
1949 902 1958 915 ,
1986 874 2047 919 qui
2065 873 2132 905 im-

1142 934 1201 978 pio
1234 934 1372 966 decreto
1399 930 1612 977 Syrmiensis
1635 928 1793 975 Synodi,
1827 927 1920 972 qnod
1946 937 2020 958 non
2049 935 2132 968 pro-

1142 986 1268 1024 babat,
1297 984 1447 1029 quadam
1473 989 1591 1015 tamen
1614 979 1723 1013 animi
1747 977 1988 1012 imbecillitate
2013 986 2132 1008 assen-

1266 1034 1311 1068 Et
1341 1034 1456 1067 simile
1481 1032 1649 1077 quiddam
1677 1031 1719 1063 de
1742 1042 1805 1062 suo
1832 1036 1927 1072 patre
1953 1026 2132 1071 Episcopo

1585 1082 1729 1115 Talium
1749 1078 1817 1113 hoc
1835 1088 1991 1122 tempore
2008 1078 2132 1120 ingens

1142 1043 1197 1069 s1t.

1142 1093 1259 1120 narrat
1280 1086 1531 1119 Nazianzenus.

1113 1123 1116 1175 l
1141 1144 1190 1170 est
1210 1137 1422 1174 multitudo,
1450 1135 1509 1180 qui
1528 1132 1752 1168 mediocriter
1767 1132 1909 1163 docent:
1938 1129 1996 1162 sed
2014 1135 2131 1162 tamen

1141 1196 1237 1222 metu
1253 1195 1484 1234 tyrannorum
1503 1185 1674 1230 quaedam
1693 1182 1938 1220 dissimulant,
1966 1191 2029 1212 nec
2046 1189 2133 1223 pure

1141 1238 1366 1273 confitentur.
1421 1235 1544 1269 Tertio
1570 1235 1678 1277 gradu
1703 1239 1785 1266 sunt
1809 1232 1903 1265 fures
1919 1237 1952 1264 et
1969 1231 2134 1269 latrones,

1142 1291 1177 1323 id
1217 1296 1283 1327 est,
1324 1286 1510 1327 haeretici,
1552 1285 1612 1330 qui
1643 1290 1762 1318 serunt
1792 1283 1878 1316 falsa
1910 1283 2073 1324 dogmata
2100 1286 2133 1313 et

1141 1340 1356 1384 corruptelas
1387 1350 1487 1371 verae
1512 1336 1710 1377 doctrinae,
1749 1341 1781 1368 et
1807 1332 1983 1379 tyrannici
2007 1331 2133 1364 Ponti-

1140 1392 1219 1424 fices
1243 1398 1274 1424 et
1293 1389 1492 1433 Principes,
1522 1388 1582 1433 qui
1605 1387 1639 1419 vi
1663 1386 1860 1419 defendunt
1884 1391 1916 1417 et
1936 1382 2134 1420 stabiliunt,

1140 1449 1178 1476 ut
1202 1440 1328 1479 Arius,
1364 1438 1550 1474 Mahomet
1589 1445 1622 1471 et
1658 1437 1718 1470 alii
1745 1436 1868 1474 multi,
1897 1441 1929 1468 et
1954 1432 2021 1467 hoc
2046 1440 2134 1467 tem-

1140 1505 1224 1537 pore
1242 1494 1421 1530 doctores,
1449 1490 1638 1524 Pontifices
1657 1496 1689 1522 et
1704 1487 1904 1530 Principes,
1933 1486 1995 1530 qui
2012 1485 2134 1518 defen-

1141 1545 1230 1577 dunt
1259 1543 1376 1576 varios
1409 1542 1588 1576 idolorum
1613 1540 1728 1573 cultus
1757 1539 1794 1571 in
1820 1537 1990 1571 Ecclesia.
2045 1533 2133 1569 Item

1141 1594 1416 1642 Anabaptistae,
1436 1600 1499 1628 etc.

1243 1652 1308 1686 His
1326 1653 1494 1700 gradibus
1512 1649 1762 1690 consideratis,
1789 1647 1912 1681 concio
1931 1648 1968 1680 in
1985 1653 2080 1680 textu
2097 1646 2134 1679 fit

1141 1705 1344 1740 dilucidior.
1407 1702 1480 1737 lam
1505 1704 1547 1736 de
1571 1702 1675 1735 bonis
1700 1700 1898 1744 pastoribus
1920 1696 1988 1731 hoc
2010 1697 2133 1730 dicen-

1141 1757 1241 1790 dum.
1294 1754 1387 1788 Boni
1412 1761 1567 1799 pastores
1591 1759 1673 1786 sunt
1699 1748 1897 1795 Prophetae
1920 1756 1952 1782 et
1969 1747 2134 1793 Apostoli

1142 1819 1160 1840 a
1179 1806 1255 1840 Deo
1274 1806 1391 1846 missi,
1419 1812 1453 1840 et
1470 1816 1592 1838 omnes
1607 1804 1672 1837 rite
1687 1802 1819 1843 vocati,
1845 1808 1878 1834 et
1892 1807 1984 1834 recte
2000 1807 2033 1833 et
2049 1810 2134 1832 con-

1142 1864 1275 1892 stanter
1299 1858 1467 1890 facientes
1488 1856 1643 1889 officium
1667 1866 1787 1887 suum:
1822 1852 1885 1885 etsi
1912 1858 2027 1884 autem
2055 1849 2134 1883 talis

1142 1916 1192 1942 est
1211 1915 1243 1942 et
1261 1906 1443 1946 Christus,
1468 1914 1587 1941 tamen
1604 1917 1707 1951 supra
1727 1901 1921 1948 Prophetas
1938 1909 1969 1935 et
1979 1903 2133 1945 Aposto-

1583 1957 1673 1991 Nam
1698 1967 1772 1988 non
1797 1955 1910 1988 solum
1935 1960 1985 1987 est
2004 1958 2134 1996 pastor,

1141 2061 1331 2104 fungatur,
1357 2061 1415 2094 sed
1442 2060 1547 2095 etiam
1570 2067 1621 2093 est
1637 2065 1774 2103 pastor,
1803 2057 1884 2102 quia
1904 2055 2054 2088 vivificat
2071 2064 2133 2087 sua

1141 2112 1317 2157 potentia,
1342 2119 1374 2145 et
1397 2112 1455 2145 dat
1473 2110 1646 2156 Spiritum
1670 2115 1845 2147 sanctum,
1873 2119 1935 2151 per
1959 2105 2073 2150 ipsum
2090 2116 2132 2137 ex

1140 2164 1219 2197 sinu
1247 2163 1355 2207 patris
1380 2162 1514 2206 prolata
1538 2169 1589 2195 est
1610 2159 1796 2206 promissio
1821 2158 1969 2202 gratiae,
2006 2162 2039 2190 et
2061 2162 2132 2189 tra-

1140 2215 1212 2248 dita
1230 2211 1419 2258 Prophetis
1443 2220 1476 2246 et
1494 2213 1685 2258 Apostolis.
1740 2209 1816 2254 Ipse
1841 2216 1891 2242 est
1908 2207 2048 2242 victima
2067 2218 2132 2251 pro

1139 2265 1244 2299 nobis
1275 2264 1417 2309 placans
1449 2264 1537 2298 iram
1555 2264 1640 2303 Dei,
1674 2263 1748 2306 ipse
1772 2267 1824 2294 est
1842 2260 1949 2294 flator
1970 2258 2132 2292 iusticiae

1139 2323 1172 2351 et
1191 2316 1283 2350 vitae
1300 2324 1471 2351 aeternae.

1299 2416 1379 2466 Qui
1400 2429 1473 2452 non
1499 2417 1616 2450 intrat
1639 2426 1702 2462 per
1724 2413 1879 2454 ostium,
1906 2417 1968 2448 etc.

1242 2495 1351 2530 Initio
1369 2495 1492 2538 capitis
1508 2493 1675 2526 recitatur
1689 2492 1815 2535 imago,
1840 2491 1883 2525 ad
1896 2501 2000 2535 quam
2013 2496 2130 2534 postea

101 2554 282 2604 eusserunt
298 2547 477 2592 Rempub.
529 2547 604 2582 Alii
625 2549 733 2582 armis
754 2556 949 2594 rapuerunt
967 2550 1085 2584 domi·
1139 2549 1177 2580 in
1201 2546 1492 2592 interpretatione
1515 2544 1653 2578 confert
1675 2555 1731 2587 se,
1759 2549 1792 2577 et
1816 2554 1834 2576 a
1860 2553 1896 2575 se
1919 2541 2044 2574 missos
2067 2540 2131 2573 do-

99 2603 297 2637 nationem,
330 2606 370 2633 ut
392 2599 548 2640 Marius,
581 2598 762 2634 Antonius
794 2607 825 2633 et
848 2601 921 2636 alii.
989 2599 1084 2635 Aui-
1108 2612 1111 2635 ι
1138 2605 1273 2640 ctores,
1308 2605 1343 2632 et
1371 2595 1520 2641 opponit
1541 2594 1777 2628 mercenarios
1800 2600 1834 2628 et
1857 2594 1965 2626 sures.
2018 2590 2130 2624 Porro

96 2658 171 2680 cam
190 2646 364 2706 Rempub.
385 2651 528 2684 fraudes
552 2657 586 2685 et
600 2652 767 2696 perfidiae
782 2650 978 2685 Alcibiadis
994 2664 1084 2697 pene
1107 2652 1110 2688 ,ἐ
1136 2650 1211 2693 ipse
1244 2656 1356 2683 textus
1384 2648 1482 2682 addit
1506 2646 1653 2690 imagini
1677 2644 2026 2690 interpretationem,
2061 2653 2129 2687 qua

95 2699 256 2734 fundltus
273 2707 492 2744 everterunt,
519 2708 621 2737 antea
637 2702 672 2737 vi
689 2702 901 2738 aPisistrato
918 2715 1082 2749 oppressa
1107 2693 1110 2733 l
1137 2700 1293 2735 contenti
1315 2700 1442 2741 simus,
1469 2705 1502 2733 et
1524 2709 1698 2732 summam
1722 2696 1867 2731 recitavi
1892 2705 1996 2740 supra
2014 2693 2051 2727 in
2067 2692 2129 2726 illa
