2415 2942
275 162 348 197 387

874 159 996 194 PlllL.
1027 157 1141 192 MEL.
1167 157 1374 192 SCRIPTA
1404 156 1702 192 EXEGETICA.

2229 162 2304 197 388

278 249 442 281 tiatorem
470 259 530 290 per
555 246 657 278 fidem
683 246 719 277 in
745 245 916 287 sanguine
933 256 1007 280 suo.
1061 243 1119 278 Sic
1136 243 1268 288 inquit:
1293 244 1296 297 l
1320 256 1439 278 amore
1467 244 1615 278 dilectus
1646 252 1695 278 est
1721 251 1802 278 ante
1825 247 2018 284 mundum,
2055 258 2135 289 crgo
2160 258 2231 278 non
2256 253 2307 281 est

279 298 363 331 Tibi
390 305 439 330 est
466 297 701 340 propiciator,
735 308 813 328 cum
840 296 973 335 credis,
1007 296 1100 340 quod
1127 301 1270 338 propter
1294 299 1296 308 ¹

280 349 388 392 ipsius
406 355 554 381 mortem
572 348 636 380 tibi
656 345 751 380 Deus
769 347 924 390 placatus
940 346 994 379 sit.

382 414 483 448 llanc
519 415 715 447 doctrinam
754 415 1001 458 applicationis
1036 420 1204 458 perpetuo
1238 420 1270 446 ct

279 478 413 500 summa
431 478 512 499 cura
531 466 806 503 meminerimus,
827 477 865 498 ac
883 472 1032 512 utraque
1048 476 1127 509 pars
1143 477 1160 497 a
1178 464 1269 496 mul-

1320 302 1489 330 creatura.
1542 295 1614 328 Iam
1631 307 1708 328 cum
1728 296 1787 328 ille
1803 308 1902 329 amor
1920 297 1956 330 in
1976 298 2155 331 voluntate
2172 297 2306 330 aeterni

1321 347 1429 390 patris
1454 357 1556 379 verus
1580 353 1611 379 et
1637 358 1710 378 non
1734 346 1919 381 simulatus
1942 348 2006 387 sit,
2032 355 2065 382 et
2081 355 2196 382 tamen
2214 348 2306 381 filius

1321 405 1463 441 propter
1480 409 1542 429 nos
1559 397 1684 429 missus
1701 397 1755 438 sit,
1782 404 1820 430 ut
1833 398 1927 432 fieret
1946 398 2098 439 victima,
2125 406 2158 433 et
2172 410 2306 432 assum-

1321 449 1404 481 serit
1421 445 1611 481 humanam
1629 454 1790 481 naturam
1802 473 1810 487 ‚
1839 457 1871 482 et
1888 460 1952 482 nos
1969 456 2112 492 propter
2126 462 2205 483 eum
2223 449 2308 482 dili-

280 519 324 551 tis·
357 517 585 560 scriptoribus
615 516 768 559 neglecta
799 524 866 553 est,
901 528 972 548 non
1006 522 1172 558 monent,
1208 515 1269 547 ubi
1320 510 1464 541 gamur’
1497 510 1635 531 ¹¹e⁰⁰⁵⁵e
1664 505 1715 532 est
1746 511 1867 532 vesum
1893 506 1926 533 et
1951 506 2127 543 mgemem
2152 511 2309 533 amorem

279 566 440 602 Christus
463 580 527 611 pro
552 568 654 599 nobis
677 567 904 611 applicaverit
927 579 1029 600 suurn
1049 567 1270 603 sacrificium,

280 627 312 652 et
342 620 402 652 ubi
436 619 621 662 praecipuo
655 630 800 651 munere
832 618 1019 651 sacerdotis
1049 619 1189 650 functus
1216 618 1270 654 sit,

281 682 362 703 narn
388 670 571 713 proprium
592 669 718 702 summi
738 669 925 701 sacerdotis
942 669 1095 701 officium
1114 675 1181 707 est,
1209 679 1269 710 ap-

281 721 411 765 plicare
443 732 544 753 suum
575 720 794 752 sacrificium.
860 718 983 753 Postea
1016 719 1128 751 multo
1153 718 1271 750 minus

282 772 522 807 tradiderunt,
560 772 737 815 quomodo
773 770 900 811 singuli
934 769 1092 802 sacrificii
1117 769 1270 801 fructum

282 823 350 855 sibi
370 822 544 865 applicare
562 823 729 859 debeant,
757 818 813 852 hic
830 821 1004 852 finxerunt
1021 819 1272 863 applicationes

282 885 345 917 per
370 872 498 906 Missas
524 879 557 905 et
583 872 649 904 alia
674 883 798 914 opera,
833 872 998 904 adversus
1024 881 1112 914 quos
1137 881 1272 902 errores

283 923 549 966 diligentissime
566 923 777 954 muniendae
793 927 874 954 sunt
890 928 1032 961 mentes,
1060 928 1091 953 et
1108 921 1272 953 discenda

283 982 330 1007 est
355 974 514 1006 doctrina
531 973 573 1004 de
593 973 676 1012 fide,
704 984 771 1017 qua
791 972 858 1005 sibi
875 983 1163 1016 unumquemque
1180 971 1274 1004 Deus

282 1025 358 1058 vult
383 1021 448 1057 hoc
471 1023 677 1056 sacrificium
702 1023 897 1067 applicare,
928 1029 965 1055 ut
988 1029 1088 1055 antea
1106 1034 1145 1054 ex
1162 1021 1273 1055 Paulo

283 1075 406 1112 citavi,
435 1075 495 1108 ubi
522 1074 585 1107 ait:
614 1072 794 1107 Christum
823 1074 973 1116 positum
1000 1073 1272 1117 propiciatorem

283 1139 346 1171 per
363 1127 465 1158 fidem
485 1126 522 1158 in
539 1125 709 1167 sanguine
727 1125 856 1168 ipsius,
886 1125 921 1157 id
940 1132 1007 1164 est,
1035 1124 1102 1156 fide
1119 1130 1273 1157 statuen-

284 1179 368 1211 dum
402 1188 465 1220 pro
491 1177 594 1209 nobis
616 1174 796 1209 Christum
822 1182 1001 1209 mortuum
1026 1186 1117 1215 esse,
1152 1181 1185 1208 et
1209 1186 1274 1207 nos

284 1228 454 1271 sanguine
471 1228 544 1260 eius
561 1227 700 1260 ablutos
718 1238 803 1260 esse.

387 1294 578 1339 Postquam
604 1295 646 1327 de
666 1294 902 1342 applicatione
919 1293 1022 1333 dixit,
1051 1293 1179 1337 repetit
1196 1305 1274 1337 pre-

286 1346 458 1380 cationem
493 1347 535 1379 de
567 1345 762 1378 effectibus:
797 1344 843 1378 Ut
867 1357 977 1377 unum
1005 1344 1075 1378 sint
1100 1345 1137 1376 in
1162 1344 1276 1384 nobis,

287 1405 320 1430 et
351 1404 390 1430 ut
422 1395 472 1430 ibi
501 1397 571 1430 sint
598 1396 659 1429 ubi
685 1408 746 1439 ego
771 1407 868 1439 sum,
904 1402 936 1428 et
960 1395 1103 1428 videant
1126 1395 1274 1437 gloriam

285 1460 411 1481 meam.
466 1446 604 1481 Rursus
629 1447 735 1489 igitur
757 1447 821 1480 tria
840 1446 944 1490 petit,
972 1452 1144 1489 utsupra.
1197 1444 1276 1478 Pri—

287 1511 384 1532 mum
400 1526 408 1538 ‚
436 1506 473 1531 ut
498 1498 677 1531 doctrinae
703 1498 829 1530 veritas
846 1504 879 1530 et
897 1498 954 1530 lux
973 1496 1010 1529 in
1029 1495 1184 1530 Ecclesia
1202 1509 1275 1528 ina-

290 1556 383 1584 neat.
419 1547 570 1589 Deinde,
592 1555 629 1582 ut
653 1549 696 1581 sit
715 1560 870 1582 concors,
908 1547 1042 1589 Tertio,
1069 1554 1107 1580 ut
1125 1548 1277 1580 donetur

287 1607 427 1634 aeterna
458 1600 591 1643 gloria,
628 1607 660 1632 et
692 1600 764 1632 sint
788 1597 997 1631 cohaeredes
1022 1598 1096 1632 filii.
1159 1597 1275 1630 Prima

286 1651 409 1695 petitio
428 1651 465 1683 in
485 1648 547 1683 hac
564 1650 734 1694 particula
752 1650 942 1692 repetitur,
969 1655 1009 1682 ut
1024 1649 1093 1681 sint
1112 1648 1276 1681 nnumin

287 1702 409 1742 nobis,
453 1702 487 1734 id
526 1709 594 1741 est,
635 1701 789 1745 primum
822 1699 1044 1733 consentiant
1079 1699 1278 1737 nobiscum,

288 1753 360 1786 sint
384 1753 548 1785 illustrati
576 1759 694 1785 nostra
721 1751 797 1784 luce
822 1758 854 1784 et
878 1751 1034 1785 veritate.
1095 1749 1175 1783 Non
1202 1749 1278 1783 vult

288 1803 513 1837 concordiam
539 1810 656 1836 coetus
681 1800 845 1843 humani,
873 1809 912 1835 ut
929 1808 978 1834 est
996 1812 1140 1835 concors
1157 1801 1279 1834 civitas

289 1853 461 1897 Spartana
489 1860 608 1887 contra
636 1850 888 1891 Athenienses,
914 1853 973 1886 sed
998 1853 1074 1885 vult
1100 1852 1197 1896 prius
1220 1864 1278 1884 co-

290 1905 426 1949 pulatas
449 1916 520 1937 esse
545 1904 706 1937 omnium
732 1910 866 1937 mentes
886 1916 964 1937 curn
983 1903 1062 1936 Deo
1080 1915 1142 1947 per
1159 1900 1278 1936 Evan-

289 1956 432 1999 getium.
487 1954 676 1999 Postquam
700 1961 814 1987 autem
835 1967 912 1988 cum
931 1953 1006 1987 Deo
1026 1954 1180 1998 copulati
1198 1960 1279 1987 sunt

289 2004 471 2044 homines,
501 2012 583 2038 tunc
599 2006 671 2038 vult
686 2005 831 2038 retineri
848 2005 1070 2038 concordiam
1089 2004 1280 2044 doctrinae,

290 2065 324 2091 et
348 2064 440 2091 vetat
464 2056 599 2090 turbari
617 2055 821 2091 Ecclesiam.
874 2055 1056 2089 Postremo
1075 2055 1161 2099 petit
1177 2055 1280 2087 nobis

290 2115 469 2142 aeternam
492 2107 652 2151 gloriam.
707 2105 758 2139 De
782 2104 836 2139 his
859 2107 1005 2139 summis
1030 2106 1134 2139 bonis
1157 2105 1194 2137 in
1213 2103 1279 2137 hoc

290 2159 418 2192 ultimo
449 2169 560 2200 agone
585 2155 747 2191 Christus
781 2157 1027 2190 ardentissimo
1058 2163 1215 2200 pectore,
1249 2162 1280 2188 et

291 2209 546 2243 ardentissimis
572 2208 688 2241 verbis
711 2214 889 2251 precatur,
923 2214 956 2241 et
977 2208 1116 2240 eaedem
1139 2213 1280 2239 senten-

291 2261 360 2294 tiae
392 2260 543 2293 subinde
572 2265 799 2304 repetuntur,
834 2265 872 2292 ut
902 2258 940 2292 fit
972 2258 1009 2290 in
1039 2257 1175 2301 magnis
1198 2257 1281 2290 asfe-

292 2311 417 2344 ctibus.

396 2376 488 2410 Sunt
505 2382 621 2409 autem
639 2375 675 2408 in
691 2375 759 2408 fine
777 2374 1039 2418 flagrantissimi
1058 2373 1186 2407 amoris
1204 2386 1281 2408 ver-

291 2427 339 2461 ba
356 2438 435 2470 erga
453 2433 633 2460 aeternum
652 2433 798 2470 patrem,
825 2433 859 2460 et
874 2437 953 2469 erga
969 2437 1046 2466 nos,
1072 2437 1160 2470 quae
1177 2425 1280 2458 etiam

292 2477 535 2512 testimonium
560 2477 742 2510 continent
766 2478 808 2510 de
832 2484 959 2510 natura
986 2476 1106 2509 divina
1124 2476 1161 2508 in
1177 2473 1280 2509 Chri-

294 2535 371 2571 sto,
406 2539 485 2561 cum
519 2527 612 2560 enim
645 2528 776 2572 inquit:
812 2527 904 2570 Quia
936 2527 1090 2560 dilexisti
1121 2538 1177 2559 me
1202 2534 1282 2561 ante

294 2578 537 2613 conditionem
565 2578 708 2618 mundi,
741 2578 891 2612 affirmat
913 2578 1026 2619 idem,
1058 2578 1153 2623 quod
1177 2589 1282 2622 supra

294 2629 402 2664 dixit:
431 2627 599 2662 Glorifica
625 2640 680 2661 me
704 2635 803 2672 pater
825 2631 918 2674 apud
943 2636 976 2663 te
1000 2635 1139 2662 aeterna
1160 2629 1283 2672 gloria,

295 2692 402 2726 quam
419 2677 528 2713 habui
541 2679 635 2723 apud
651 2685 704 2719 te,
730 2687 915 2725 antequam
934 2678 992 2713 hic
1015 2681 1168 2714 mundus
1186 2686 1285 2713 esset.

294 2730 380 2767 Fuit
409 2730 501 2764 filius
525 2728 589 2764 Dei
622 2736 703 2764 ante
735 2728 829 2764 hunc
860 2732 1052 2770 mundum,
1085 2738 1117 2765 et
1143 2738 1284 2766 aeterno

1294 537 1297 597 1
1321 561 1393 582 esse
1417 562 1495 592 erga
1513 561 1595 589 1105,
1622 549 1721 582 cuius
1740 550 2017 592 magnitudinem
2036 550 2134 583 nulla
2150 558 2310 584 creatura

1294 600 1297 643 Ι
1322 601 1439 645 eloqui
1463 601 1544 633 satis
1571 607 1696 644 potest.

1749 600 1895 634 Necesse
1919 608 1968 634 est
1987 608 2103 634 tamen
2120 598 2215 634 hunc
2229 608 2309 634 tan-

1322 658 1396 684 turn
1414 663 1567 684 amorem
1585 662 1686 694 saepe
1705 663 1722 684 a
1740 652 1842 684 nobis
1859 652 1974 697 aliqua
1993 664 2033 684 ex
2049 659 2146 696 parte
2164 651 2310 695 cogitari

1323 702 1359 734 in
1379 702 1452 745 ipsa
1471 702 1710 742 invocatione,
1738 709 1769 735 et
1789 703 1930 736 accendi
1949 709 2081 736 mentes
2097 703 2164 736 fide
2182 710 2214 736 et
2229 714 2310 745 gra-

1322 753 1484 786 titudine.
1548 752 1693 785 Frustra
1719 753 1812 785 enim
1837 754 2030 796 cogitamus
2053 754 2096 786 de
2121 753 2311 787 dilectione

1322 803 1409 843 Dei,
1438 804 1504 836 nisi
1528 801 1612 836 haec
1631 805 1715 836 fides
1731 805 1889 843 accedat,
1918 804 2100 844 videlicet,
2127 811 2166 838 ut
2183 804 2311 838 fiducia

1323 853 1523 887 dilectionis
1546 862 1689 897 propter
1713 855 1825 887 silium
1850 862 2041 889 statuamus
2058 867 2122 888 nos
2140 855 2232 898 ipsos
2250 867 2311 888 re-

1324 904 1394 948 cipi
1405 918 1421 944 ,ν
1457 905 1635 943 exaudiri,
1678 912 1709 938 et
1741 905 1881 940 salvari.
1948 904 2044 939 Haec
2074 906 2234 939 doctrina
2268 906 2311 938 de

1324 955 1559 998 applicatione
1583 967 1718 999 semper
1744 957 1789 989 sit
1815 957 1851 989 in
1870 963 2077 1000 conspectu,
2102 963 2134 990 et
2153 957 2312 1002 quotidie

1325 1012 1524 1038 exerceatur
1554 1006 1590 1038 in
1615 1006 1859 1048 invocatione,
1896 1008 1931 1039 in
1960 1007 2126 1040 omnibus
2149 1007 2312 1050 negotii5‚

1325 1062 1357 1089 et
1373 1056 1548 1099 periculis.

1649 1163 1788 1217 Caput
1830 1165 1991 1207 xvln.

1409 1237 1508 1271 Haec
1532 1249 1611 1271 cum
1635 1235 1792 1272 dixisset
1819 1236 1944 1277 Iesus,
1980 1250 2144 1284 egressus
2169 1245 2230 1273 est.

1429 1307 1580 1350 Quoties
1611 1309 1654 1341 de
1684 1308 1845 1352 passione
1868 1307 1931 1340 filii
1955 1307 2020 1340 Dei
2044 1307 2188 1341 dicitur:
2228 1309 2316 1343 utile

1327 1366 1376 1392 est
1399 1359 1560 1392 rudiores
1583 1359 1845 1392 commonefieri
1868 1359 1912 1391 de
1937 1356 2000 1391 hac
2019 1358 2150 1403 triplici
2166 1360 2316 1393 medita-

1327 1411 1423 1443 tione
1443 1410 1622 1452 passionis.
1676 1409 1794 1442 Prima
1813 1416 1863 1442 est
1880 1409 2128 1452 paedagogica,
2157 1410 2316 1452 recitare,

1327 1461 1467 1500 audire,
1495 1460 1647 1502 cogitare
1663 1460 1832 1492 mediocri
1846 1460 2039 1493 attentione
2056 1458 2256 1502 historiam,
2283 1469 2317 1496 et

1328 1512 1480 1556 quodam
1505 1511 1622 1544 studio
1647 1509 1822 1550 discendi,
1851 1517 1883 1544 et
1906 1510 2109 1544 excitandae
2129 1511 2317 1554 poeniten-

1329 1563 1397 1595 tiae
1423 1561 1461 1594 in
1486 1562 1609 1601 nobis,
1637 1568 1668 1594 et
1693 1561 1786 1594 fidei.
1838 1560 1934 1594 Haec
1959 1561 2140 1595 meditatio
2169 1574 2241 1595 non
2267 1569 2318 1597 est

1328 1613 1566 1655 aspernanda,
1592 1612 1619 1644 si
1641 1612 1683 1644 sit
1701 1612 1775 1644 sine
1794 1612 2062 1654 superstitione,
2088 1612 2160 1644 imo
2179 1624 2318 1646 necesse

1328 1669 1376 1695 est
1395 1660 1579 1696 historiam
1596 1662 1700 1702 disci,
1727 1674 1765 1694 ac
1779 1662 1929 1695 subinde
1946 1663 2074 1704 repeti,
2102 1669 2135 1695 et
2151 1660 2319 1697 historiae

1329 1713 1494 1756 cogitatio
1518 1713 1659 1745 initium
1684 1719 1734 1745 est
1752 1712 1952 1745 ardentium
1971 1720 2132 1746 motuum
2152 1713 2319 1756 spiritua-

1329 1765 1437 1802 lium,
1473 1764 1534 1808 qui
1562 1762 1636 1796 Deo
1664 1764 1810 1807 placent.
1857 1760 1903 1796 Et
1927 1762 2017 1796 sicut
2040 1760 2195 1796 Ecclesia
2218 1775 2319 1809 saepe

1329 1815 1498 1859 proponit
1522 1812 1725 1852 historiam,
1753 1815 1801 1847 ita
1828 1814 1959 1856 singuli
1986 1811 2150 1847 homines
2167 1816 2320 1849 assuefa-

1330 1866 1446 1899 ciendi
1471 1871 1574 1905 sunt,
1607 1871 1646 1898 ut
1670 1876 1771 1908 saepe
1795 1876 1869 1897 eam
1894 1865 2011 1907 legant
2035 1871 2067 1897 et
2091 1865 2254 1907 audiant,
2286 1874 2320 1902 et

1330 1928 1452 1949 omnes
1477 1923 1592 1960 partes
1619 1913 1785 1948 historiae
1808 1915 1996 1958 diligenter
2018 1914 2251 1956 distribuant,
2286 1924 2320 1952 et

1331 1967 1565 2006 considerent,
1592 1973 1630 2000 ut
1646 1966 1705 1999 fiat
1721 1965 1992 1998 familiarissime
2009 1971 2102 1998 nota.
2151 1965 2239 1999 Nam
2257 1964 2322 2001 hac

1330 2018 1404 2062 ipsa
1429 2017 1640 2060 cogitatione
1662 2017 1904 2049 accenduntur
1926 2023 2042 2049 motus
2065 2016 2264 2060 spirituales
2282 2019 2321 2052 in

1332 2069 1456 2106 corde,
1491 2068 1584 2100 iuxta
1611 2067 1717 2100 illud:
1744 2065 1851 2099 Fides
1873 2079 1913 2099 ex
1935 2066 2059 2099 auditu
2084 2074 2150 2104 est,
2178 2068 2320 2102 auditus

1333 2131 1395 2163 per
1424 2119 1569 2151 verbum
1593 2116 1679 2158 Dei,
1712 2129 1775 2150 nec
1805 2118 1848 2150 sit
1874 2117 2020 2160 frigida,
2055 2129 2118 2150 nec
2143 2117 2321 2154 inerudita

1332 2169 1456 2209 lectio,
1483 2170 1541 2202 sed
1561 2169 1758 2212 cogitentur
1774 2179 1896 2201 causae
1914 2168 2028 2201 divini
2046 2168 2203 2210 consilii,
2231 2182 2321 2214 qua—

1333 2228 1436 2254 tenus
1459 2221 1496 2253 in
1518 2220 1624 2253 verbo
1642 2219 1707 2253 Dei
1729 2220 1919 2263 patefactae
1937 2226 2033 2259 sunt,
2060 2219 2134 2261 ipsa
2153 2216 2321 2254 historiae

1333 2272 1458 2312 series,
1487 2270 1650 2312 effectus,
1676 2270 1887 2318 applicatio,
1917 2277 1951 2304 et
1974 2276 2043 2303 tota
2060 2268 2235 2302 Ecclesiae
2255 2281 2320 2313 gu-

1335 2322 1495 2357 bernatio
1516 2322 1597 2354 inde
1615 2333 1725 2366 usque
1741 2333 1759 2353 a
1777 2321 1964 2365 principio,

1437 2372 1529 2407 Sunt
1545 2373 1638 2405 enim
1655 2383 1776 2405 causae
1793 2370 1964 2416 passionis
1976 2367 2116 2411 Christi,
2143 2369 2322 2405 obiectum

1334 2425 1430 2469 quod
1455 2424 1564 2457 movit
1582 2423 1799 2456 voluntatem
1816 2421 1879 2454 filii
1897 2420 1983 2460 Dei,
2011 2426 2188 2463 peccatum
2206 2427 2239 2455 et
2256 2423 2322 2456 tri-

1335 2475 1486 2509 stissima
1512 2474 1690 2507 damnatio
1715 2472 1852 2516 generis
1876 2470 2041 2512 humani,
2085 2472 2179 2516 quod
2204 2473 2322 2508 noluit

1334 2537 1479 2575 prorsus
1496 2525 1611 2570 perire
1627 2524 1719 2557 filius
1735 2523 1815 2557 Dei.

1437 2575 1629 2621 impulsiva
1644 2586 1757 2615 causa,
1785 2572 1899 2607 Patris
1916 2584 2034 2614 amor,
2060 2579 2093 2606 et
2110 2572 2196 2607 Filii
2211 2573 2321 2606 inter-

1335 2628 1443 2661 cessio
1468 2626 1687 2671 deprecantis
1711 2637 1774 2669 pro
1790 2624 1913 2667 nobis,
1941 2625 1984 2657 de
2001 2621 2066 2657 hac
2085 2635 2186 2657 causa
2203 2624 2321 2668 inquit

1334 2679 1442 2712 filius:
1471 2677 1529 2712 Sic
1546 2676 1641 2711 Deus
1663 2676 1785 2710 dilexit
1808 2677 2000 2717 mundum,
2027 2681 2065 2709 ut
2087 2675 2199 2709 filium
2216 2685 2320 2708 suum

1334 2729 1556 2774 unigenitum
1573 2727 1710 2762 dederit
1726 2739 1789 2772 pro
1808 2727 1953 2760 mundo.
