<?xml version="1.0" encoding="UTF-8"?>
<!DOCTYPE html PUBLIC "-//W3C//DTD XHTML 1.0 Transitional//EN"
    "http://www.w3.org/TR/xhtml1/DTD/xhtml1-transitional.dtd">
<html xmlns="http://www.w3.org/1999/xhtml" xml:lang="en" lang="en">
 <head>
  <title>
</title>
<meta http-equiv="Content-Type" content="text/html;charset=utf-8" />
  <meta name='ocr-system' content='tesseract 3.04.00' />
  <meta name='ocr-capabilities' content='ocr_page ocr_carea ocr_par ocr_line ocrx_word'/>
</head>
<body>
  <div class='ocr_page' id='page_1' title='image "./operaquaesupersu15melauoft/operaquaesupersu15melauoft_0553.png"; bbox 0 0 2415 2942; ppageno 0'>
   <div class='ocr_carea' id='block_1_1' title="bbox 66 91 339 132">
    <p class='ocr_par' dir='ltr' id='par_1_1' title="bbox 66 91 339 132">
     <span class='ocr_line' id='line_1_1' title="bbox 66 91 339 132; baseline 0 -2"><span class='ocrx_word' id='word_1_1' title='bbox 66 93 164 132; x_wconf 84' lang='grc'>1089</span> <span class='ocrx_word' id='word_1_2' title='bbox 239 91 339 130; x_wconf 83' lang='lat' dir='ltr'><strong>XIII.</strong></span> 
     </span>
    </p>
   </div>
   <div class='ocr_carea' id='block_1_2' title="bbox 69 180 1077 1855">
    <p class='ocr_par' dir='ltr' id='par_1_2' title="bbox 69 180 1064 632">
     <span class='ocr_line' id='line_1_2' title="bbox 166 180 1062 226; baseline -0.001 -11"><span class='ocrx_word' id='word_1_3' title='bbox 166 180 266 215; x_wconf 91' lang='lat' dir='ltr'>Bona</span> <span class='ocrx_word' id='word_1_4' title='bbox 297 191 404 226; x_wconf 87' lang='lat' dir='ltr'>opera</span> <span class='ocrx_word' id='word_1_5' title='bbox 437 180 585 215; x_wconf 91' lang='lat' dir='ltr'>moralia</span> <span class='ocrx_word' id='word_1_6' title='bbox 619 181 742 214; x_wconf 89' lang='lat' dir='ltr'>eodem</span> <span class='ocrx_word' id='word_1_7' title='bbox 769 180 877 214; x_wconf 89' lang='lat' dir='ltr'>modo</span> <span class='ocrx_word' id='word_1_8' title='bbox 903 192 1062 215; x_wconf 87' lang='lat' dir='ltr'>necessa-</span> 
     </span>
     <span class='ocr_line' id='line_1_3' title="bbox 69 228 1060 268; baseline -0.002 0"><span class='ocrx_word' id='word_1_9' title='bbox 69 234 123 268; x_wconf 89' lang='lat' dir='ltr'>ria</span> <span class='ocrx_word' id='word_1_10' title='bbox 152 238 236 266; x_wconf 87' lang='lat' dir='ltr'>sunt</span> <span class='ocrx_word' id='word_1_11' title='bbox 260 232 299 266; x_wconf 91' lang='lat' dir='ltr'>in</span> <span class='ocrx_word' id='word_1_12' title='bbox 322 231 500 266; x_wconf 88' lang='lat' dir='ltr'>omnibus.</span> <span class='ocrx_word' id='word_1_13' title='bbox 567 230 662 266; x_wconf 86' lang='lat' dir='ltr'>Haec</span> <span class='ocrx_word' id='word_1_14' title='bbox 685 238 786 266; x_wconf 84' lang='lat' dir='ltr'>vocat</span> <span class='ocrx_word' id='word_1_15' title='bbox 815 231 854 264; x_wconf 85' lang='lat' dir='ltr'>in</span> <span class='ocrx_word' id='word_1_16' title='bbox 886 228 954 265; x_wconf 92' lang='lat' dir='ltr'>hoc</span> <span class='ocrx_word' id='word_1_17' title='bbox 982 232 1060 266; x_wconf 92' lang='lat' dir='ltr'>loco</span> 
     </span>
     <span class='ocr_line' id='line_1_4' title="bbox 69 280 1060 318; baseline -0.001 0"><span class='ocrx_word' id='word_1_18' title='bbox 69 283 248 318; x_wconf 86' lang='lat' dir='ltr'>mandata.</span> <span class='ocrx_word' id='word_1_19' title='bbox 318 282 368 317; x_wconf 82' lang='lat' dir='ltr'>Et</span> <span class='ocrx_word' id='word_1_20' title='bbox 402 283 604 317; x_wconf 88' lang='lat' dir='ltr'>meminerit</span> <span class='ocrx_word' id='word_1_21' title='bbox 625 283 734 318; x_wconf 86' lang='lat' dir='ltr'>lector</span> <span class='ocrx_word' id='word_1_22' title='bbox 763 280 832 317; x_wconf 89' lang='lat' dir='ltr'>hoc</span> <span class='ocrx_word' id='word_1_23' title='bbox 860 282 994 317; x_wconf 89' lang='lat' dir='ltr'>dictum</span> <span class='ocrx_word' id='word_1_24' title='bbox 1018 283 1060 317; x_wconf 86' lang='lat' dir='ltr'>ad</span> 
     </span>
     <span class='ocr_line' id='line_1_5' title="bbox 71 332 1061 379; baseline -0.001 -10"><span class='ocrx_word' id='word_1_25' title='bbox 71 334 277 369; x_wconf 88' lang='lat' dir='ltr'>refutandos</span> <span class='ocrx_word' id='word_1_26' title='bbox 303 334 538 374; x_wconf 87' lang='lat' dir='ltr'>Antinomos,</span> <span class='ocrx_word' id='word_1_27' title='bbox 570 333 632 379; x_wconf 92' lang='lat' dir='ltr'>qui</span> <span class='ocrx_word' id='word_1_28' title='bbox 654 334 811 378; x_wconf 86' lang='lat' dir='ltr'>fingunt,</span> <span class='ocrx_word' id='word_1_29' title='bbox 845 334 883 367; x_wconf 92' lang='lat' dir='ltr'>in</span> <span class='ocrx_word' id='word_1_30' title='bbox 904 332 1061 369; x_wconf 79' lang='lat' dir='ltr'>Ecclesia</span> 
     </span>
     <span class='ocr_line' id='line_1_6' title="bbox 69 383 1061 429; baseline 0 -9"><span class='ocrx_word' id='word_1_31' title='bbox 69 385 168 420; x_wconf 89' lang='lat' dir='ltr'>nulla</span> <span class='ocrx_word' id='word_1_32' title='bbox 194 395 267 418; x_wconf 89' lang='lat' dir='ltr'>esse</span> <span class='ocrx_word' id='word_1_33' title='bbox 289 386 476 426; x_wconf 85' lang='lat' dir='ltr'>mandata,</span> <span class='ocrx_word' id='word_1_34' title='bbox 503 385 638 418; x_wconf 87' lang='lat' dir='ltr'>nullam</span> <span class='ocrx_word' id='word_1_35' title='bbox 662 385 786 429; x_wconf 86' lang='lat' dir='ltr'>legem.</span> <span class='ocrx_word' id='word_1_36' title='bbox 838 383 922 419; x_wconf 87' lang='lat' dir='ltr'>Ideo</span> <span class='ocrx_word' id='word_1_37' title='bbox 945 393 1061 420; x_wconf 87' lang='lat' dir='ltr'>autem</span> 
     </span>
     <span class='ocr_line' id='line_1_7' title="bbox 70 435 1063 480; baseline 0 -10"><span class='ocrx_word' id='word_1_38' title='bbox 70 436 221 470; x_wconf 84' lang='lat' dir='ltr'>moralia</span> <span class='ocrx_word' id='word_1_39' title='bbox 245 437 440 471; x_wconf 83' lang='lat' dir='ltr'>necessaria</span> <span class='ocrx_word' id='word_1_40' title='bbox 456 443 555 475; x_wconf 89' lang='lat' dir='ltr'>sunt,</span> <span class='ocrx_word' id='word_1_41' title='bbox 584 435 666 480; x_wconf 89' lang='lat' dir='ltr'>quia</span> <span class='ocrx_word' id='word_1_42' title='bbox 681 443 763 470; x_wconf 88' lang='lat' dir='ltr'>sunt</span> <span class='ocrx_word' id='word_1_43' title='bbox 780 435 918 470; x_wconf 89' lang='lat' dir='ltr'>iusticia</span> <span class='ocrx_word' id='word_1_44' title='bbox 935 437 1063 477; x_wconf 90' lang='lat' dir='ltr'>cordis,</span> 
     </span>
     <span class='ocr_line' id='line_1_8' title="bbox 70 486 1064 531; baseline -0.002 -9"><span class='ocrx_word' id='word_1_45' title='bbox 70 497 269 531; x_wconf 83' lang='lat' dir='ltr'>congruens</span> <span class='ocrx_word' id='word_1_46' title='bbox 290 499 368 522; x_wconf 85' lang='lat' dir='ltr'>cum</span> <span class='ocrx_word' id='word_1_47' title='bbox 395 493 511 520; x_wconf 88' lang='lat' dir='ltr'>mente</span> <span class='ocrx_word' id='word_1_48' title='bbox 537 486 676 527; x_wconf 87' lang='lat' dir='ltr'>divina,</span> <span class='ocrx_word' id='word_1_49' title='bbox 718 487 818 521; x_wconf 87' lang='lat' dir='ltr'>cuius</span> <span class='ocrx_word' id='word_1_50' title='bbox 842 487 959 531; x_wconf 85' lang='lat' dir='ltr'>imago</span> <span class='ocrx_word' id='word_1_51' title='bbox 991 500 1064 521; x_wconf 89' lang='lat' dir='ltr'>esse</span> 
     </span>
     <span class='ocr_line' id='line_1_9' title="bbox 73 536 1064 577; baseline -0.001 -5"><span class='ocrx_word' id='word_1_52' title='bbox 73 545 194 572; x_wconf 87' lang='lat' dir='ltr'>nostra</span> <span class='ocrx_word' id='word_1_53' title='bbox 211 536 317 572; x_wconf 87' lang='lat' dir='ltr'>Mens</span> <span class='ocrx_word' id='word_1_54' title='bbox 334 537 550 573; x_wconf 79' lang='lat' dir='ltr'>etVoluntas</span> <span class='ocrx_word' id='word_1_55' title='bbox 566 544 687 572; x_wconf 87' lang='lat' dir='ltr'>renata</span> <span class='ocrx_word' id='word_1_56' title='bbox 705 538 821 577; x_wconf 88' lang='lat' dir='ltr'>debet,</span> <span class='ocrx_word' id='word_1_57' title='bbox 844 538 941 573; x_wconf 86' lang='lat' dir='ltr'>iuxta</span> <span class='ocrx_word' id='word_1_58' title='bbox 957 539 1064 573; x_wconf 90' lang='lat' dir='ltr'>illud:</span> 
     </span>
     <span class='ocr_line' id='line_1_10' title="bbox 70 589 767 632; baseline -0.004 -8"><span class='ocrx_word' id='word_1_59' title='bbox 70 589 178 624; x_wconf 87' lang='lat' dir='ltr'>Dabo</span> <span class='ocrx_word' id='word_1_60' title='bbox 193 589 304 632; x_wconf 81' lang='lat' dir='ltr'>legem</span> <span class='ocrx_word' id='word_1_61' title='bbox 320 601 434 623; x_wconf 89' lang='lat' dir='ltr'>meam</span> <span class='ocrx_word' id='word_1_62' title='bbox 452 589 489 621; x_wconf 90' lang='lat' dir='ltr'>in</span> <span class='ocrx_word' id='word_1_63' title='bbox 510 589 615 621; x_wconf 90' lang='lat' dir='ltr'>corda</span> <span class='ocrx_word' id='word_1_64' title='bbox 632 599 767 625; x_wconf 87' lang='lat' dir='ltr'>eorum.</span> 
     </span>
    </p>

    <p class='ocr_par' dir='ltr' id='par_1_3' title="bbox 70 637 1065 777">
     <span class='ocr_line' id='line_1_11' title="bbox 173 637 1064 684; baseline 0 -11"><span class='ocrx_word' id='word_1_65' title='bbox 173 637 221 673; x_wconf 90' lang='lat' dir='ltr'>At</span> <span class='ocrx_word' id='word_1_66' title='bbox 244 640 466 674; x_wconf 77' lang='lat' dir='ltr'>ceremoniae</span> <span class='ocrx_word' id='word_1_67' title='bbox 488 638 649 672; x_wconf 73' lang='lat' dir='ltr'>leviticae</span> <span class='ocrx_word' id='word_1_68' title='bbox 680 637 773 673; x_wconf 78' lang='lat' dir='ltr'>nihil</span> <span class='ocrx_word' id='word_1_69' title='bbox 797 640 841 673; x_wconf 89' lang='lat' dir='ltr'>ad</span> <span class='ocrx_word' id='word_1_70' title='bbox 865 652 931 674; x_wconf 85' lang='lat' dir='ltr'>nos</span> <span class='ocrx_word' id='word_1_71' title='bbox 956 640 1064 684; x_wconf 89' lang='lat' dir='ltr'>perti-</span> 
     </span>
     <span class='ocr_line' id='line_1_12' title="bbox 72 689 1065 736; baseline 0.001 -12"><span class='ocrx_word' id='word_1_72' title='bbox 72 697 178 729; x_wconf 89' lang='lat' dir='ltr'>nent,</span> <span class='ocrx_word' id='word_1_73' title='bbox 205 702 294 735; x_wconf 89' lang='lat' dir='ltr'>quae</span> <span class='ocrx_word' id='word_1_74' title='bbox 319 691 363 725; x_wconf 92' lang='lat' dir='ltr'>ad</span> <span class='ocrx_word' id='word_1_75' title='bbox 382 698 518 736; x_wconf 88' lang='lat' dir='ltr'>tempus</span> <span class='ocrx_word' id='word_1_76' title='bbox 542 689 579 722; x_wconf 89' lang='lat' dir='ltr'>in</span> <span class='ocrx_word' id='word_1_77' title='bbox 604 690 728 735; x_wconf 87' lang='lat' dir='ltr'>politia</span> <span class='ocrx_word' id='word_1_78' title='bbox 744 689 901 726; x_wconf 16' lang='lat' dir='ltr'>Itrfeosaica</span> <span class='ocrx_word' id='word_1_79' title='bbox 923 691 1065 726; x_wconf 87' lang='lat' dir='ltr'>institu-</span> 
     </span>
     <span class='ocr_line' id='line_1_13' title="bbox 70 741 297 777; baseline 0 0"><span class='ocrx_word' id='word_1_80' title='bbox 70 749 126 777; x_wconf 88' lang='lat' dir='ltr'>tae</span> <span class='ocrx_word' id='word_1_81' title='bbox 141 741 297 777; x_wconf 85' lang='lat' dir='ltr'>fuerunt.</span> 
     </span>
    </p>

    <p class='ocr_par' dir='ltr' id='par_1_4' title="bbox 71 790 1070 1245">
     <span class='ocr_line' id='line_1_14' title="bbox 177 790 1067 838; baseline 0 -12"><span class='ocrx_word' id='word_1_82' title='bbox 177 790 318 826; x_wconf 83' lang='lat' dir='ltr'>Deinde</span> <span class='ocrx_word' id='word_1_83' title='bbox 351 793 479 836; x_wconf 87' lang='lat' dir='ltr'>gradus</span> <span class='ocrx_word' id='word_1_84' title='bbox 513 792 604 827; x_wconf 89' lang='lat' dir='ltr'>vitae</span> <span class='ocrx_word' id='word_1_85' title='bbox 639 793 829 838; x_wconf 86' lang='lat' dir='ltr'>politicae,</span> <span class='ocrx_word' id='word_1_86' title='bbox 878 792 1067 836; x_wconf 83' lang='lat' dir='ltr'>Dominus,</span> 
     </span>
     <span class='ocr_line' id='line_1_15' title="bbox 74 841 1068 888; baseline -0.001 -9"><span class='ocrx_word' id='word_1_87' title='bbox 74 844 223 883; x_wconf 79' lang='lat' dir='ltr'>Servus,</span> <span class='ocrx_word' id='word_1_88' title='bbox 260 844 386 884; x_wconf 91' lang='lat' dir='ltr'>Dives,</span> <span class='ocrx_word' id='word_1_89' title='bbox 421 843 577 888; x_wconf 86' lang='lat' dir='ltr'>Pauper,</span> <span class='ocrx_word' id='word_1_90' title='bbox 613 851 648 879; x_wconf 89' lang='lat' dir='ltr'>et</span> <span class='ocrx_word' id='word_1_91' title='bbox 671 845 823 887; x_wconf 85' lang='lat' dir='ltr'>similes,</span> <span class='ocrx_word' id='word_1_92' title='bbox 858 852 940 879; x_wconf 86' lang='lat' dir='ltr'>sunt</span> <span class='ocrx_word' id='word_1_93' title='bbox 961 841 1068 879; x_wconf 74' lang='grc' dir='ltr'><strong><em>ἀδιά-</em></strong></span> 
     </span>
     <span class='ocr_line' id='line_1_16' title="bbox 72 895 1068 941; baseline -0.001 -12"><span class='ocrx_word' id='word_1_94' title='bbox 72 906 194 941; x_wconf 73' lang='grc' dir='ltr'><em>φορα,</em></span> <span class='ocrx_word' id='word_1_95' title='bbox 222 901 255 928; x_wconf 84' lang='lat' dir='ltr'>et</span> <span class='ocrx_word' id='word_1_96' title='bbox 273 901 418 938; x_wconf 82' lang='lat' dir='ltr'>possunt</span> <span class='ocrx_word' id='word_1_97' title='bbox 439 895 475 927; x_wconf 90' lang='lat' dir='ltr'>in</span> <span class='ocrx_word' id='word_1_98' title='bbox 495 896 598 928; x_wconf 85' lang='lat' dir='ltr'>bonis</span> <span class='ocrx_word' id='word_1_99' title='bbox 620 902 655 930; x_wconf 92' lang='lat' dir='ltr'>et</span> <span class='ocrx_word' id='word_1_100' title='bbox 672 896 775 929; x_wconf 89' lang='lat' dir='ltr'>malis</span> <span class='ocrx_word' id='word_1_101' title='bbox 792 908 876 931; x_wconf 90' lang='lat' dir='ltr'>esse.</span> <span class='ocrx_word' id='word_1_102' title='bbox 932 895 1068 929; x_wconf 83' lang='lat' dir='ltr'>Verum</span> 
     </span>
     <span class='ocr_line' id='line_1_17' title="bbox 71 944 1068 991; baseline -0.001 -11"><span class='ocrx_word' id='word_1_103' title='bbox 71 944 141 980; x_wconf 90' lang='lat' dir='ltr'>hoc</span> <span class='ocrx_word' id='word_1_104' title='bbox 165 952 342 987; x_wconf 85' lang='lat' dir='ltr'>servetur,</span> <span class='ocrx_word' id='word_1_105' title='bbox 377 952 415 979; x_wconf 90' lang='lat' dir='ltr'>ut</span> <span class='ocrx_word' id='word_1_106' title='bbox 443 958 525 979; x_wconf 86' lang='lat' dir='ltr'>suae</span> <span class='ocrx_word' id='word_1_107' title='bbox 550 946 700 991; x_wconf 91' lang='lat' dir='ltr'>quisque</span> <span class='ocrx_word' id='word_1_108' title='bbox 725 947 906 981; x_wconf 87' lang='lat' dir='ltr'>vocationi</span> <span class='ocrx_word' id='word_1_109' title='bbox 929 947 1068 981; x_wconf 83' lang='lat' dir='ltr'>obtem-</span> 
     </span>
     <span class='ocr_line' id='line_1_18' title="bbox 72 995 1068 1042; baseline 0 -13"><span class='ocrx_word' id='word_1_110' title='bbox 72 1002 180 1042; x_wconf 77' lang='lat' dir='ltr'>peret.</span> <span class='ocrx_word' id='word_1_111' title='bbox 241 996 348 1038; x_wconf 88' lang='lat' dir='ltr'>Item,</span> <span class='ocrx_word' id='word_1_112' title='bbox 383 1008 427 1029; x_wconf 88' lang='lat' dir='ltr'>ne</span> <span class='ocrx_word' id='word_1_113' title='bbox 453 997 642 1030; x_wconf 78' lang='lat' dir='ltr'>abutamur</span> <span class='ocrx_word' id='word_1_114' title='bbox 665 995 720 1031; x_wconf 86' lang='lat' dir='ltr'>his</span> <span class='ocrx_word' id='word_1_115' title='bbox 745 998 924 1040; x_wconf 85' lang='lat' dir='ltr'>gradibus.</span> <span class='ocrx_word' id='word_1_116' title='bbox 984 997 1068 1030; x_wconf 88' lang='lat' dir='ltr'>Plo-</span> 
     </span>
     <span class='ocr_line' id='line_1_19' title="bbox 74 1047 1070 1088; baseline 0 -7"><span class='ocrx_word' id='word_1_117' title='bbox 74 1058 177 1087; x_wconf 76' lang='lat' dir='ltr'>ran5‚</span> <span class='ocrx_word' id='word_1_118' title='bbox 216 1059 290 1081; x_wconf 90' lang='lat' dir='ltr'>non</span> <span class='ocrx_word' id='word_1_119' title='bbox 323 1048 532 1081; x_wconf 72' lang='lat' dir='ltr'>succumbat</span> <span class='ocrx_word' id='word_1_120' title='bbox 560 1047 698 1088; x_wconf 87' lang='lat' dir='ltr'>dolori,</span> <span class='ocrx_word' id='word_1_121' title='bbox 742 1049 908 1082; x_wconf 85' lang='lat' dir='ltr'>deficiens</span> <span class='ocrx_word' id='word_1_122' title='bbox 935 1060 953 1082; x_wconf 91' lang='lat' dir='ltr'>a</span> <span class='ocrx_word' id='word_1_123' title='bbox 982 1047 1070 1081; x_wconf 87' lang='lat' dir='ltr'>Deo.</span> 
     </span>
     <span class='ocr_line' id='line_1_20' title="bbox 73 1098 1070 1142; baseline 0 -9"><span class='ocrx_word' id='word_1_124' title='bbox 73 1098 203 1133; x_wconf 86' lang='lat' dir='ltr'>Laetus</span> <span class='ocrx_word' id='word_1_125' title='bbox 230 1110 304 1131; x_wconf 89' lang='lat' dir='ltr'>non</span> <span class='ocrx_word' id='word_1_126' title='bbox 336 1098 523 1142; x_wconf 80' lang='lat' dir='ltr'>efferatur,</span> <span class='ocrx_word' id='word_1_127' title='bbox 559 1105 599 1132; x_wconf 91' lang='lat' dir='ltr'>ut</span> <span class='ocrx_word' id='word_1_128' title='bbox 630 1099 762 1132; x_wconf 90' lang='lat' dir='ltr'>oblitus</span> <span class='ocrx_word' id='word_1_129' title='bbox 788 1099 857 1134; x_wconf 89' lang='lat' dir='ltr'>Dei</span> <span class='ocrx_word' id='word_1_130' title='bbox 888 1099 1070 1141; x_wconf 85' lang='lat' dir='ltr'>indulgeat</span> 
     </span>
     <span class='ocr_line' id='line_1_21' title="bbox 76 1149 1068 1192; baseline 0.001 -9"><span class='ocrx_word' id='word_1_131' title='bbox 76 1149 330 1192; x_wconf 78' lang='lat' dir='ltr'>cupiditatibus</span> <span class='ocrx_word' id='word_1_132' title='bbox 344 1176 353 1188; x_wconf 89' lang='lat'><em>‚</em></span> <span class='ocrx_word' id='word_1_133' title='bbox 377 1157 417 1183; x_wconf 91' lang='lat' dir='ltr'>ut</span> <span class='ocrx_word' id='word_1_134' title='bbox 434 1150 471 1183; x_wconf 90' lang='lat' dir='ltr'>fit</span> <span class='ocrx_word' id='word_1_135' title='bbox 487 1150 525 1182; x_wconf 91' lang='lat' dir='ltr'>in</span> <span class='ocrx_word' id='word_1_136' title='bbox 541 1150 645 1183; x_wconf 88' lang='lat' dir='ltr'>rebus</span> <span class='ocrx_word' id='word_1_137' title='bbox 661 1150 838 1192; x_wconf 89' lang='lat' dir='ltr'>sesundis,</span> <span class='ocrx_word' id='word_1_138' title='bbox 866 1158 905 1185; x_wconf 91' lang='lat' dir='ltr'>ut</span> <span class='ocrx_word' id='word_1_139' title='bbox 921 1150 1068 1184; x_wconf 88' lang='lat' dir='ltr'>dicitur:</span> 
     </span>
     <span class='ocr_line' id='line_1_22' title="bbox 75 1199 931 1245; baseline 0 -11"><span class='ocrx_word' id='word_1_140' title='bbox 75 1199 276 1234; x_wconf 81' lang='lat' dir='ltr'>Luxuriant</span> <span class='ocrx_word' id='word_1_141' title='bbox 292 1200 403 1233; x_wconf 86' lang='lat' dir='ltr'>animi</span> <span class='ocrx_word' id='word_1_142' title='bbox 422 1201 527 1233; x_wconf 88' lang='lat' dir='ltr'>rebus</span> <span class='ocrx_word' id='word_1_143' title='bbox 543 1200 739 1245; x_wconf 83' lang='lat' dir='ltr'>plerunque</span> <span class='ocrx_word' id='word_1_144' title='bbox 756 1202 931 1238; x_wconf 66' lang='lat' dir='ltr'>secundis,</span> 
     </span>
    </p>

    <p class='ocr_par' dir='ltr' id='par_1_5' title="bbox 75 1249 1071 1393">
     <span class='ocr_line' id='line_1_23' title="bbox 178 1249 1069 1295; baseline 0 -11"><span class='ocrx_word' id='word_1_145' title='bbox 178 1250 341 1284; x_wconf 85' lang='lat' dir='ltr'>Tandem</span> <span class='ocrx_word' id='word_1_146' title='bbox 362 1251 469 1294; x_wconf 88' lang='lat' dir='ltr'>igitur</span> <span class='ocrx_word' id='word_1_147' title='bbox 485 1252 600 1284; x_wconf 84' lang='lat' dir='ltr'>addit:</span> <span class='ocrx_word' id='word_1_148' title='bbox 628 1250 799 1285; x_wconf 78' lang='lat' dir='ltr'>Praeterit</span> <span class='ocrx_word' id='word_1_149' title='bbox 822 1252 932 1295; x_wconf 84' lang='lat' dir='ltr'>figura</span> <span class='ocrx_word' id='word_1_150' title='bbox 959 1249 1069 1284; x_wconf 88' lang='lat' dir='ltr'>huius</span> 
     </span>
     <span class='ocr_line' id='line_1_24' title="bbox 75 1302 1071 1347; baseline -0.001 -12"><span class='ocrx_word' id='word_1_151' title='bbox 75 1302 221 1341; x_wconf 85' lang='lat' dir='ltr'>mundi,</span> <span class='ocrx_word' id='word_1_152' title='bbox 250 1302 286 1335; x_wconf 91' lang='lat' dir='ltr'>id</span> <span class='ocrx_word' id='word_1_153' title='bbox 308 1308 374 1343; x_wconf 84' lang='lat' dir='ltr'>est,</span> <span class='ocrx_word' id='word_1_154' title='bbox 402 1308 517 1345; x_wconf 78' lang='lat' dir='ltr'>gestus</span> <span class='ocrx_word' id='word_1_155' title='bbox 536 1302 730 1343; x_wconf 88' lang='lat' dir='ltr'>mundani,</span> <span class='ocrx_word' id='word_1_156' title='bbox 758 1302 847 1335; x_wconf 90' lang='lat' dir='ltr'>varii</span> <span class='ocrx_word' id='word_1_157' title='bbox 870 1304 998 1347; x_wconf 87' lang='lat' dir='ltr'>gradus</span> <span class='ocrx_word' id='word_1_158' title='bbox 1016 1302 1071 1335; x_wconf 92' lang='lat' dir='ltr'>vi-</span> 
     </span>
     <span class='ocr_line' id='line_1_25' title="bbox 76 1353 831 1393; baseline 0.001 -7"><span class='ocrx_word' id='word_1_159' title='bbox 76 1359 152 1392; x_wconf 90' lang='lat' dir='ltr'>tae,</span> <span class='ocrx_word' id='word_1_160' title='bbox 180 1353 359 1393; x_wconf 78' lang='lat' dir='ltr'>dominia,</span> <span class='ocrx_word' id='word_1_161' title='bbox 389 1354 591 1393; x_wconf 78' lang='lat' dir='ltr'>servitutes,</span> <span class='ocrx_word' id='word_1_162' title='bbox 619 1359 831 1388; x_wconf 81' lang='lat' dir='ltr'>contractus.</span> 
     </span>
    </p>

    <p class='ocr_par' dir='ltr' id='par_1_6' title="bbox 76 1401 1077 1855">
     <span class='ocr_line' id='line_1_26' title="bbox 179 1401 1069 1446; baseline 0 -9"><span class='ocrx_word' id='word_1_163' title='bbox 179 1401 340 1437; x_wconf 82' lang='lat' dir='ltr'>Observa</span> <span class='ocrx_word' id='word_1_164' title='bbox 366 1403 470 1436; x_wconf 88' lang='lat' dir='ltr'>etiam</span> <span class='ocrx_word' id='word_1_165' title='bbox 504 1401 562 1436; x_wconf 92' lang='lat' dir='ltr'>hic</span> <span class='ocrx_word' id='word_1_166' title='bbox 587 1403 774 1446; x_wconf 89' lang='lat' dir='ltr'>approbari</span> <span class='ocrx_word' id='word_1_167' title='bbox 805 1409 1008 1438; x_wconf 88' lang='lat' dir='ltr'>contractus</span> <span class='ocrx_word' id='word_1_168' title='bbox 1036 1410 1069 1437; x_wconf 87' lang='lat' dir='ltr'>et</span> 
     </span>
     <span class='ocr_line' id='line_1_27' title="bbox 76 1453 1073 1499; baseline 0.001 -11"><span class='ocrx_word' id='word_1_169' title='bbox 76 1466 196 1488; x_wconf 85' lang='lat' dir='ltr'>rerum</span> <span class='ocrx_word' id='word_1_170' title='bbox 225 1453 406 1498; x_wconf 82' lang='lat' dir='ltr'>dominia,</span> <span class='ocrx_word' id='word_1_171' title='bbox 434 1466 513 1487; x_wconf 89' lang='lat' dir='ltr'>cum</span> <span class='ocrx_word' id='word_1_172' title='bbox 539 1455 712 1497; x_wconf 81' lang='lat' dir='ltr'>approbat</span> <span class='ocrx_word' id='word_1_173' title='bbox 737 1455 966 1499; x_wconf 85' lang='lat' dir='ltr'>emptionem.</span> <span class='ocrx_word' id='word_1_174' title='bbox 1020 1453 1073 1489; x_wconf 83' lang='lat' dir='ltr'>De</span> 
     </span>
     <span class='ocr_line' id='line_1_28' title="bbox 76 1504 1074 1550; baseline 0.001 -11"><span class='ocrx_word' id='word_1_175' title='bbox 76 1504 134 1539; x_wconf 87' lang='lat' dir='ltr'>his</span> <span class='ocrx_word' id='word_1_176' title='bbox 161 1505 327 1538; x_wconf 90' lang='lat' dir='ltr'>omnibus</span> <span class='ocrx_word' id='word_1_177' title='bbox 353 1505 456 1538; x_wconf 85' lang='lat' dir='ltr'>facile</span> <span class='ocrx_word' id='word_1_178' title='bbox 481 1511 532 1538; x_wconf 90' lang='lat' dir='ltr'>est</span> <span class='ocrx_word' id='word_1_179' title='bbox 558 1505 729 1538; x_wconf 87' lang='lat' dir='ltr'>iudicium</span> <span class='ocrx_word' id='word_1_180' title='bbox 757 1505 822 1548; x_wconf 88' lang='lat' dir='ltr'>iis,</span> <span class='ocrx_word' id='word_1_181' title='bbox 853 1506 915 1550; x_wconf 89' lang='lat' dir='ltr'>qui</span> <span class='ocrx_word' id='word_1_182' title='bbox 939 1513 1074 1540; x_wconf 83' lang='lat' dir='ltr'>norunt</span> 
     </span>
     <span class='ocr_line' id='line_1_29' title="bbox 76 1554 1074 1600; baseline 0 -10"><span class='ocrx_word' id='word_1_183' title='bbox 76 1556 272 1596; x_wconf 87' lang='lat' dir='ltr'>iusticiam,</span> <span class='ocrx_word' id='word_1_184' title='bbox 299 1557 342 1588; x_wconf 90' lang='lat' dir='ltr'>de</span> <span class='ocrx_word' id='word_1_185' title='bbox 369 1567 437 1600; x_wconf 84' lang='lat' dir='ltr'>qua</span> <span class='ocrx_word' id='word_1_186' title='bbox 461 1556 695 1589; x_wconf 91' lang='lat' dir='ltr'>concionatur</span> <span class='ocrx_word' id='word_1_187' title='bbox 713 1554 970 1600; x_wconf 86' lang='lat' dir='ltr'>Evangelium,</span> <span class='ocrx_word' id='word_1_188' title='bbox 1002 1569 1074 1590; x_wconf 90' lang='lat' dir='ltr'>esse</span> 
     </span>
     <span class='ocr_line' id='line_1_30' title="bbox 76 1607 1074 1650; baseline -0.001 -10"><span class='ocrx_word' id='word_1_189' title='bbox 76 1618 206 1641; x_wconf 88' lang='lat' dir='ltr'>novam</span> <span class='ocrx_word' id='word_1_190' title='bbox 237 1613 271 1639; x_wconf 89' lang='lat' dir='ltr'>et</span> <span class='ocrx_word' id='word_1_191' title='bbox 295 1613 500 1650; x_wconf 86' lang='lat' dir='ltr'>perpetuam</span> <span class='ocrx_word' id='word_1_192' title='bbox 526 1607 658 1644; x_wconf 91' lang='lat' dir='ltr'>lucem,</span> <span class='ocrx_word' id='word_1_193' title='bbox 686 1607 883 1648; x_wconf 88' lang='lat' dir='ltr'>iusticiam,</span> <span class='ocrx_word' id='word_1_194' title='bbox 910 1614 943 1641; x_wconf 90' lang='lat' dir='ltr'>et</span> <span class='ocrx_word' id='word_1_195' title='bbox 964 1609 1074 1641; x_wconf 89' lang='lat' dir='ltr'>vitam</span> 
     </span>
     <span class='ocr_line' id='line_1_31' title="bbox 79 1655 1076 1692; baseline -0.001 -1"><span class='ocrx_word' id='word_1_196' title='bbox 79 1659 118 1691; x_wconf 84' lang='lat' dir='ltr'>in</span> <span class='ocrx_word' id='word_1_197' title='bbox 137 1657 315 1691; x_wconf 86' lang='lat' dir='ltr'>cordibus.</span> <span class='ocrx_word' id='word_1_198' title='bbox 370 1656 507 1690; x_wconf 84' lang='lat' dir='ltr'>Interea</span> <span class='ocrx_word' id='word_1_199' title='bbox 526 1663 642 1689; x_wconf 88' lang='lat' dir='ltr'>tamen</span> <span class='ocrx_word' id='word_1_200' title='bbox 666 1656 703 1689; x_wconf 91' lang='lat' dir='ltr'>in</span> <span class='ocrx_word' id='word_1_201' title='bbox 728 1655 794 1690; x_wconf 91' lang='lat' dir='ltr'>hac</span> <span class='ocrx_word' id='word_1_202' title='bbox 819 1659 1076 1692; x_wconf 90' lang='lat' dir='ltr'>consuetudine</span> 
     </span>
     <span class='ocr_line' id='line_1_32' title="bbox 80 1707 1076 1751; baseline -0.002 -8"><span class='ocrx_word' id='word_1_203' title='bbox 80 1708 179 1743; x_wconf 88' lang='lat' dir='ltr'>civili</span> <span class='ocrx_word' id='word_1_204' title='bbox 197 1708 368 1742; x_wconf 88' lang='lat' dir='ltr'>utendum</span> <span class='ocrx_word' id='word_1_205' title='bbox 385 1719 457 1740; x_wconf 90' lang='lat' dir='ltr'>esse</span> <span class='ocrx_word' id='word_1_206' title='bbox 476 1708 628 1751; x_wconf 87' lang='lat' dir='ltr'>politicis</span> <span class='ocrx_word' id='word_1_207' title='bbox 646 1707 937 1742; x_wconf 81' lang='lat' dir='ltr'>ordinationibus</span> <span class='ocrx_word' id='word_1_208' title='bbox 955 1721 1076 1742; x_wconf 90' lang='lat' dir='ltr'>eorum</span> 
     </span>
     <span class='ocr_line' id='line_1_33' title="bbox 81 1759 1077 1804; baseline 0 -11"><span class='ocrx_word' id='word_1_209' title='bbox 81 1760 263 1797; x_wconf 90' lang='lat' dir='ltr'>locorum,</span> <span class='ocrx_word' id='word_1_210' title='bbox 292 1759 355 1792; x_wconf 91' lang='lat' dir='ltr'>ubi</span> <span class='ocrx_word' id='word_1_211' title='bbox 380 1759 552 1800; x_wconf 75' lang='lat' dir='ltr'>vivimus,</span> <span class='ocrx_word' id='word_1_212' title='bbox 579 1759 608 1792; x_wconf 89' lang='lat' dir='ltr'>si</span> <span class='ocrx_word' id='word_1_213' title='bbox 632 1765 749 1793; x_wconf 88' lang='lat' dir='ltr'>tamen</span> <span class='ocrx_word' id='word_1_214' title='bbox 774 1767 972 1804; x_wconf 86' lang='lat' dir='ltr'>congruant</span> <span class='ocrx_word' id='word_1_215' title='bbox 997 1772 1077 1794; x_wconf 89' lang='lat' dir='ltr'>cum</span> 
     </span>
     <span class='ocr_line' id='line_1_34' title="bbox 81 1811 342 1855; baseline 0.008 -12"><span class='ocrx_word' id='word_1_216' title='bbox 81 1811 156 1855; x_wconf 84' lang='lat' dir='ltr'>lege</span> <span class='ocrx_word' id='word_1_217' title='bbox 186 1817 342 1845; x_wconf 88' lang='lat' dir='ltr'>naturae.</span> 
     </span>
    </p>
   </div>
   <div class='ocr_carea' id='block_1_3' title="bbox 432 1941 723 1995">
    <p class='ocr_par' dir='ltr' id='par_1_7' title="bbox 432 1941 723 1995">
     <span class='ocr_line' id='line_1_35' title="bbox 432 1941 723 1995; baseline -0.01 -10"><span class='ocrx_word' id='word_1_218' title='bbox 432 1941 569 1995; x_wconf 84' lang='lat' dir='ltr'>Caput</span> <span class='ocrx_word' id='word_1_219' title='bbox 604 1942 723 1983; x_wconf 85' lang='lat' dir='ltr'>VIII.</span> 
     </span>
    </p>
   </div>
   <div class='ocr_carea' id='block_1_4' title="bbox 211 2029 954 2080">
    <p class='ocr_par' dir='ltr' id='par_1_8' title="bbox 211 2029 954 2080">
     <span class='ocr_line' id='line_1_36' title="bbox 211 2029 954 2080; baseline 0.004 -12"><span class='ocrx_word' id='word_1_220' title='bbox 211 2031 307 2080; x_wconf 80' lang='grc' dir='ltr'><em>Περὶ</em></span> <span class='ocrx_word' id='word_1_221' title='bbox 331 2030 370 2068; x_wconf 71' lang='grc' dir='ltr'>δὲ</span> <span class='ocrx_word' id='word_1_222' title='bbox 398 2034 475 2068; x_wconf 77' lang='grc' dir='ltr'>τῶν</span> <span class='ocrx_word' id='word_1_223' title='bbox 497 2029 764 2070; x_wconf 73' lang='grc' dir='ltr'>εἰδωλοθύτων</span> <span class='ocrx_word' id='word_1_224' title='bbox 788 2032 954 2080; x_wconf 72' lang='grc' dir='ltr'>οἴδαμεν.</span> 
     </span>
    </p>
   </div>
   <div class='ocr_carea' id='block_1_5' title="bbox 85 2109 1086 2761">
    <p class='ocr_par' dir='ltr' id='par_1_9' title="bbox 85 2109 1082 2247">
     <span class='ocr_line' id='line_1_37' title="bbox 190 2109 1081 2156; baseline 0.004 -14"><span class='ocrx_word' id='word_1_225' title='bbox 190 2109 298 2143; x_wconf 86' lang='lat' dir='ltr'>Initio</span> <span class='ocrx_word' id='word_1_226' title='bbox 325 2121 401 2143; x_wconf 90' lang='lat' dir='ltr'>mos</span> <span class='ocrx_word' id='word_1_227' title='bbox 424 2110 689 2150; x_wconf 85' lang='lat' dir='ltr'>consideretur,</span> <span class='ocrx_word' id='word_1_228' title='bbox 725 2124 830 2156; x_wconf 90' lang='lat' dir='ltr'>quam</span> <span class='ocrx_word' id='word_1_229' title='bbox 857 2119 1037 2156; x_wconf 87' lang='lat' dir='ltr'>acceptum</span> <span class='ocrx_word' id='word_1_230' title='bbox 1063 2124 1081 2146; x_wconf 88' lang='lat' dir='ltr'>a</span> 
     </span>
     <span class='ocr_line' id='line_1_38' title="bbox 85 2159 1082 2207; baseline 0.002 -12"><span class='ocrx_word' id='word_1_231' title='bbox 85 2160 248 2207; x_wconf 86' lang='lat' dir='ltr'>patribus</span> <span class='ocrx_word' id='word_1_232' title='bbox 270 2159 437 2202; x_wconf 88' lang='lat' dir='ltr'>Ethnici‚</span> <span class='ocrx_word' id='word_1_233' title='bbox 472 2167 590 2205; x_wconf 86' lang='lat' dir='ltr'>postea</span> <span class='ocrx_word' id='word_1_234' title='bbox 621 2162 726 2196; x_wconf 88' lang='lat' dir='ltr'>etiam</span> <span class='ocrx_word' id='word_1_235' title='bbox 752 2163 878 2197; x_wconf 87' lang='lat' dir='ltr'>amissa</span> <span class='ocrx_word' id='word_1_236' title='bbox 904 2175 985 2197; x_wconf 89' lang='lat' dir='ltr'>vera</span> <span class='ocrx_word' id='word_1_237' title='bbox 1018 2165 1082 2197; x_wconf 86' lang='lat' dir='ltr'>do-</span> 
     </span>
     <span class='ocr_line' id='line_1_39' title="bbox 86 2212 464 2247; baseline -0.005 0"><span class='ocrx_word' id='word_1_238' title='bbox 86 2213 209 2247; x_wconf 80' lang='lat' dir='ltr'>ctrina</span> <span class='ocrx_word' id='word_1_239' title='bbox 228 2212 464 2247; x_wconf 86' lang='lat' dir='ltr'>retinuerunt.</span> 
     </span>
    </p>

    <p class='ocr_par' dir='ltr' id='par_1_10' title="bbox 86 2262 1086 2715">
     <span class='ocr_line' id='line_1_40' title="bbox 187 2262 1084 2309; baseline 0.002 -12"><span class='ocrx_word' id='word_1_240' title='bbox 187 2262 278 2297; x_wconf 84' lang='lat' dir='ltr'>Cum</span> <span class='ocrx_word' id='word_1_241' title='bbox 298 2263 335 2295; x_wconf 87' lang='lat' dir='ltr'>in</span> <span class='ocrx_word' id='word_1_242' title='bbox 361 2263 486 2296; x_wconf 84' lang='lat' dir='ltr'>diebus</span> <span class='ocrx_word' id='word_1_243' title='bbox 509 2262 605 2296; x_wconf 81' lang='lat' dir='ltr'>festis</span> <span class='ocrx_word' id='word_1_244' title='bbox 631 2263 838 2298; x_wconf 87' lang='lat' dir='ltr'>sacrificium</span> <span class='ocrx_word' id='word_1_245' title='bbox 856 2266 979 2307; x_wconf 87' lang='lat' dir='ltr'>fiebat,</span> <span class='ocrx_word' id='word_1_246' title='bbox 1005 2277 1084 2309; x_wconf 89' lang='lat' dir='ltr'>pars</span> 
     </span>
     <span class='ocr_line' id='line_1_41' title="bbox 88 2314 1084 2360; baseline 0.003 -13"><span class='ocrx_word' id='word_1_247' title='bbox 88 2315 253 2349; x_wconf 81' lang='lat' dir='ltr'>victimae</span> <span class='ocrx_word' id='word_1_248' title='bbox 271 2314 538 2352; x_wconf 85' lang='lat' dir='ltr'>incendebatur,</span> <span class='ocrx_word' id='word_1_249' title='bbox 566 2326 646 2357; x_wconf 87' lang='lat' dir='ltr'>pars</span> <span class='ocrx_word' id='word_1_250' title='bbox 664 2322 737 2349; x_wconf 90' lang='lat' dir='ltr'>erat</span> <span class='ocrx_word' id='word_1_251' title='bbox 752 2317 895 2360; x_wconf 88' lang='lat' dir='ltr'>propria</span> <span class='ocrx_word' id='word_1_252' title='bbox 911 2316 1084 2351; x_wconf 87' lang='lat' dir='ltr'>Sacerdo-</span> 
     </span>
     <span class='ocr_line' id='line_1_42' title="bbox 89 2366 1085 2413; baseline 0.002 -14"><span class='ocrx_word' id='word_1_253' title='bbox 89 2372 163 2399; x_wconf 90' lang='lat' dir='ltr'>tum</span> <span class='ocrx_word' id='word_1_254' title='bbox 178 2392 186 2406; x_wconf 84' lang='lat'>,</span> <span class='ocrx_word' id='word_1_255' title='bbox 212 2377 292 2409; x_wconf 89' lang='lat' dir='ltr'>pars</span> <span class='ocrx_word' id='word_1_256' title='bbox 311 2366 510 2398; x_wconf 89' lang='lat' dir='ltr'>communis</span> <span class='ocrx_word' id='word_1_257' title='bbox 530 2366 777 2408; x_wconf 70' lang='lat' dir='ltr'>patrifamilias</span> <span class='ocrx_word' id='word_1_258' title='bbox 792 2374 824 2401; x_wconf 89' lang='lat' dir='ltr'>et</span> <span class='ocrx_word' id='word_1_259' title='bbox 841 2369 996 2409; x_wconf 87' lang='lat' dir='ltr'>caeteris,</span> <span class='ocrx_word' id='word_1_260' title='bbox 1025 2369 1085 2413; x_wconf 90' lang='lat' dir='ltr'>qui</span> 
     </span>
     <span class='ocr_line' id='line_1_43' title="bbox 88 2414 1085 2461; baseline 0.003 -11"><span class='ocrx_word' id='word_1_261' title='bbox 88 2417 249 2450; x_wconf 87' lang='lat' dir='ltr'>victimas</span> <span class='ocrx_word' id='word_1_262' title='bbox 267 2417 447 2451; x_wconf 81' lang='lat' dir='ltr'>dederant.</span> <span class='ocrx_word' id='word_1_263' title='bbox 492 2414 540 2450; x_wconf 87' lang='lat' dir='ltr'>Et</span> <span class='ocrx_word' id='word_1_264' title='bbox 555 2423 655 2451; x_wconf 86' lang='lat' dir='ltr'>erant</span> <span class='ocrx_word' id='word_1_265' title='bbox 674 2417 785 2451; x_wconf 87' lang='lat' dir='ltr'>multa</span> <span class='ocrx_word' id='word_1_266' title='bbox 802 2419 993 2461; x_wconf 76' lang='lat' dir='ltr'>peculiaria</span> <span class='ocrx_word' id='word_1_267' title='bbox 1011 2431 1085 2453; x_wconf 89' lang='lat' dir='ltr'>cer-</span> 
     </span>
     <span class='ocr_line' id='line_1_44' title="bbox 86 2467 1084 2514; baseline 0.002 -12"><span class='ocrx_word' id='word_1_268' title='bbox 86 2476 204 2502; x_wconf 86' lang='lat' dir='ltr'>tarum</span> <span class='ocrx_word' id='word_1_269' title='bbox 229 2467 446 2501; x_wconf 85' lang='lat' dir='ltr'>familiarum</span> <span class='ocrx_word' id='word_1_270' title='bbox 476 2467 670 2507; x_wconf 83' lang='lat' dir='ltr'>sacrificia,</span> <span class='ocrx_word' id='word_1_271' title='bbox 718 2469 757 2501; x_wconf 92' lang='lat' dir='ltr'>in</span> <span class='ocrx_word' id='word_1_272' title='bbox 782 2469 912 2514; x_wconf 89' lang='lat' dir='ltr'>quibus</span> <span class='ocrx_word' id='word_1_273' title='bbox 946 2472 1084 2513; x_wconf 85' lang='lat' dir='ltr'>cognati</span> 
     </span>
     <span class='ocr_line' id='line_1_45' title="bbox 89 2519 1086 2563; baseline 0.004 -11"><span class='ocrx_word' id='word_1_274' title='bbox 89 2519 291 2563; x_wconf 85' lang='lat' dir='ltr'>frequentes</span> <span class='ocrx_word' id='word_1_275' title='bbox 329 2519 617 2559; x_wconf 84' lang='lat' dir='ltr'>conveniebant,</span> <span class='ocrx_word' id='word_1_276' title='bbox 661 2525 695 2553; x_wconf 89' lang='lat' dir='ltr'>et</span> <span class='ocrx_word' id='word_1_277' title='bbox 719 2530 738 2553; x_wconf 89' lang='lat' dir='ltr'>a</span> <span class='ocrx_word' id='word_1_278' title='bbox 762 2520 889 2554; x_wconf 92' lang='lat' dir='ltr'>sacello</span> <span class='ocrx_word' id='word_1_279' title='bbox 923 2521 1086 2556; x_wconf 88' lang='lat' dir='ltr'>victimae</span> 
     </span>
     <span class='ocr_line' id='line_1_46' title="bbox 91 2568 1084 2618; baseline 0.004 -16"><span class='ocrx_word' id='word_1_280' title='bbox 91 2568 268 2614; x_wconf 70' lang='lat' dir='ltr'>partesin</span> <span class='ocrx_word' id='word_1_281' title='bbox 297 2579 376 2603; x_wconf 88' lang='lat' dir='ltr'>suas</span> <span class='ocrx_word' id='word_1_282' title='bbox 401 2570 526 2603; x_wconf 91' lang='lat' dir='ltr'>domos</span> <span class='ocrx_word' id='word_1_283' title='bbox 550 2569 763 2612; x_wconf 86' lang='lat' dir='ltr'>afferebant,</span> <span class='ocrx_word' id='word_1_284' title='bbox 797 2578 836 2605; x_wconf 91' lang='lat' dir='ltr'>ut</span> <span class='ocrx_word' id='word_1_285' title='bbox 863 2582 967 2605; x_wconf 85' lang='lat' dir='ltr'>senex</span> <span class='ocrx_word' id='word_1_286' title='bbox 990 2574 1084 2618; x_wconf 89' lang='lat' dir='ltr'>apud</span> 
     </span>
     <span class='ocr_line' id='line_1_47' title="bbox 94 2616 1085 2666; baseline 0.005 -14"><span class='ocrx_word' id='word_1_287' title='bbox 94 2616 372 2664; x_wconf 87' lang='lat' dir='ltr'>Aristophanem</span> <span class='ocrx_word' id='word_1_288' title='bbox 402 2621 440 2653; x_wconf 89' lang='lat' dir='ltr'>in</span> <span class='ocrx_word' id='word_1_289' title='bbox 456 2619 561 2654; x_wconf 91' lang='lat' dir='ltr'>Pluto</span> <span class='ocrx_word' id='word_1_290' title='bbox 589 2620 752 2655; x_wconf 86' lang='lat' dir='ltr'>victimae</span> <span class='ocrx_word' id='word_1_291' title='bbox 780 2630 915 2666; x_wconf 89' lang='lat' dir='ltr'>partem</span> <span class='ocrx_word' id='word_1_292' title='bbox 940 2625 1085 2658; x_wconf 88' lang='lat' dir='ltr'>domum</span> 
     </span>
     <span class='ocr_line' id='line_1_48' title="bbox 93 2668 1085 2715; baseline 0.006 -12"><span class='ocrx_word' id='word_1_293' title='bbox 93 2670 207 2707; x_wconf 82' lang='lat' dir='ltr'>affert.</span> <span class='ocrx_word' id='word_1_294' title='bbox 267 2668 392 2715; x_wconf 89' lang='lat' dir='ltr'>Aliqui</span> <span class='ocrx_word' id='word_1_295' title='bbox 414 2671 517 2705; x_wconf 89' lang='lat' dir='ltr'>etiam</span> <span class='ocrx_word' id='word_1_296' title='bbox 544 2672 588 2705; x_wconf 91' lang='lat' dir='ltr'>ad</span> <span class='ocrx_word' id='word_1_297' title='bbox 613 2673 738 2706; x_wconf 87' lang='lat' dir='ltr'>sacella</span> <span class='ocrx_word' id='word_1_298' title='bbox 764 2685 834 2707; x_wconf 90' lang='lat' dir='ltr'>una</span> <span class='ocrx_word' id='word_1_299' title='bbox 858 2686 937 2708; x_wconf 88' lang='lat' dir='ltr'>cum</span> <span class='ocrx_word' id='word_1_300' title='bbox 963 2674 1085 2710; x_wconf 88' lang='lat' dir='ltr'>Sacer-</span> 
     </span>
    </p>

    <p class='ocr_par' dir='ltr' id='par_1_11' title="bbox 145 2721 671 2761">
     <span class='ocr_line' id='line_1_49' title="bbox 145 2721 671 2761; baseline 0.004 -5"><span class='ocrx_word' id='word_1_301' title='bbox 145 2721 335 2756; x_wconf 64' lang='lat' dir='ltr'>Maura.</span> <span class='ocrx_word' id='word_1_302' title='bbox 356 2724 458 2756; x_wconf 61' lang='lat' dir='ltr'>Ormi.</span> <span class='ocrx_word' id='word_1_303' title='bbox 488 2721 574 2760; x_wconf 71' lang='lat' dir='ltr'>Vei..</span> <span class='ocrx_word' id='word_1_304' title='bbox 591 2724 671 2761; x_wconf 82' lang='lat' dir='ltr'>XV.</span> 
     </span>
    </p>
   </div>
   <div class='ocr_carea' id='block_1_6' title="bbox 390 89 1943 133">
    <p class='ocr_par' dir='ltr' id='par_1_12' title="bbox 390 89 1943 133">
     <span class='ocr_line' id='line_1_50' title="bbox 390 89 1943 133; baseline 0.001 -5"><span class='ocrx_word' id='word_1_305' title='bbox 390 91 425 129; x_wconf 87' lang='lat'>4.</span> <span class='ocrx_word' id='word_1_306' title='bbox 452 90 789 130; x_wconf 85' lang='lat' dir='ltr'>COMMENTAR.</span> <span class='ocrx_word' id='word_1_307' title='bbox 817 92 869 129; x_wconf 91' lang='lat' dir='ltr'>IN</span> <span class='ocrx_word' id='word_1_308' title='bbox 895 91 1051 130; x_wconf 84' lang='lat' dir='ltr'>EPIST.</span> <span class='ocrx_word' id='word_1_309' title='bbox 1079 90 1227 133; x_wconf 66' lang='lat' dir='ltr'>PAULI</span> <span class='ocrx_word' id='word_1_310' title='bbox 1253 89 1320 128; x_wconf 91' lang='lat' dir='ltr'>AD</span> <span class='ocrx_word' id='word_1_311' title='bbox 1349 89 1669 129; x_wconf 80' lang='lat' dir='ltr'>CORINTHIOS.</span> <span class='ocrx_word' id='word_1_312' title='bbox 1715 89 1818 126; x_wconf 89' lang='lat' dir='ltr'>CAP.</span> <span class='ocrx_word' id='word_1_313' title='bbox 1842 90 1943 130; x_wconf 88' lang='lat' dir='ltr'>VIII.</span> 
     </span>
    </p>
   </div>
   <div class='ocr_carea' id='block_1_7' title="bbox 2006 91 2102 127">
    <p class='ocr_par' dir='ltr' id='par_1_13' title="bbox 2006 91 2102 127">
     <span class='ocr_line' id='line_1_51' title="bbox 2006 91 2102 127; baseline -0.01 0"><span class='ocrx_word' id='word_1_314' title='bbox 2006 91 2102 127; x_wconf 86' lang='lat'>1090</span> 
     </span>
    </p>
   </div>
   <div class='ocr_carea' id='block_1_8' title="bbox 1114 176 2165 2720">
    <p class='ocr_par' dir='ltr' id='par_1_14' title="bbox 1114 176 2102 430">
     <span class='ocr_line' id='line_1_52' title="bbox 1114 176 2102 220; baseline -0.003 -5"><span class='ocrx_word' id='word_1_315' title='bbox 1114 182 1258 216; x_wconf 87' lang='lat' dir='ltr'>dotibus</span> <span class='ocrx_word' id='word_1_316' title='bbox 1274 180 1567 214; x_wconf 87' lang='lat' dir='ltr'>convivabantur.</span> <span class='ocrx_word' id='word_1_317' title='bbox 1612 176 1794 212; x_wconf 88' lang='lat' dir='ltr'>Credibile</span> <span class='ocrx_word' id='word_1_318' title='bbox 1810 186 1860 213; x_wconf 82' lang='lat' dir='ltr'>est</span> <span class='ocrx_word' id='word_1_319' title='bbox 1877 185 2011 220; x_wconf 87' lang='lat' dir='ltr'>autem,</span> <span class='ocrx_word' id='word_1_320' title='bbox 2036 178 2102 212; x_wconf 90' lang='lat' dir='ltr'>ali-</span> 
     </span>
     <span class='ocr_line' id='line_1_53' title="bbox 1115 230 2102 278; baseline -0.004 -12"><span class='ocrx_word' id='word_1_321' title='bbox 1115 244 1222 278; x_wconf 91' lang='lat' dir='ltr'>quos,</span> <span class='ocrx_word' id='word_1_322' title='bbox 1240 232 1300 277; x_wconf 91' lang='lat' dir='ltr'>qui</span> <span class='ocrx_word' id='word_1_323' title='bbox 1317 232 1386 264; x_wconf 90' lang='lat' dir='ltr'>iam</span> <span class='ocrx_word' id='word_1_324' title='bbox 1401 231 1600 265; x_wconf 88' lang='lat' dir='ltr'>abiecerant</span> <span class='ocrx_word' id='word_1_325' title='bbox 1615 230 1750 264; x_wconf 89' lang='lat' dir='ltr'>cultum</span> <span class='ocrx_word' id='word_1_326' title='bbox 1769 230 1965 270; x_wconf 90' lang='lat' dir='ltr'>idolorum,</span> <span class='ocrx_word' id='word_1_327' title='bbox 1984 237 2102 263; x_wconf 87' lang='lat' dir='ltr'>tamen</span> 
     </span>
     <span class='ocr_line' id='line_1_54' title="bbox 1115 279 2100 328; baseline -0.004 -10"><span class='ocrx_word' id='word_1_328' title='bbox 1115 296 1133 318; x_wconf 88' lang='lat' dir='ltr'>a</span> <span class='ocrx_word' id='word_1_329' title='bbox 1151 282 1308 328; x_wconf 83' lang='lat' dir='ltr'>cognatis</span> <span class='ocrx_word' id='word_1_330' title='bbox 1324 283 1368 317; x_wconf 84' lang='lat' dir='ltr'>ad</span> <span class='ocrx_word' id='word_1_331' title='bbox 1389 282 1551 317; x_wconf 90' lang='lat' dir='ltr'>convivia</span> <span class='ocrx_word' id='word_1_332' title='bbox 1570 287 1710 314; x_wconf 86' lang='lat' dir='ltr'>vocatos</span> <span class='ocrx_word' id='word_1_333' title='bbox 1733 293 1819 316; x_wconf 82' lang='lat' dir='ltr'>esse.</span> <span class='ocrx_word' id='word_1_334' title='bbox 1872 279 1918 314; x_wconf 92' lang='lat' dir='ltr'>Et</span> <span class='ocrx_word' id='word_1_335' title='bbox 1942 281 1998 314; x_wconf 85' lang='lat' dir='ltr'>vix</span> <span class='ocrx_word' id='word_1_336' title='bbox 2025 281 2100 314; x_wconf 85' lang='lat' dir='ltr'>fieri</span> 
     </span>
     <span class='ocr_line' id='line_1_55' title="bbox 1115 329 2102 381; baseline -0.004 -12"><span class='ocrx_word' id='word_1_337' title='bbox 1115 336 1250 381; x_wconf 85' lang='lat' dir='ltr'>potuit,</span> <span class='ocrx_word' id='word_1_338' title='bbox 1293 334 1381 380; x_wconf 88' lang='lat' dir='ltr'>quin</span> <span class='ocrx_word' id='word_1_339' title='bbox 1410 333 1528 368; x_wconf 89' lang='lat' dir='ltr'>mariti</span> <span class='ocrx_word' id='word_1_340' title='bbox 1565 329 1697 367; x_wconf 88' lang='lat' dir='ltr'>ethnici</span> <span class='ocrx_word' id='word_1_341' title='bbox 1724 331 1888 366; x_wconf 89' lang='lat' dir='ltr'>convivio</span> <span class='ocrx_word' id='word_1_342' title='bbox 1919 331 2102 365; x_wconf 86' lang='lat' dir='ltr'>interesset</span> 
     </span>
     <span class='ocr_line' id='line_1_56' title="bbox 1115 386 1296 430; baseline 0 -9"><span class='ocrx_word' id='word_1_343' title='bbox 1115 398 1204 421; x_wconf 86' lang='lat' dir='ltr'>uxor</span> <span class='ocrx_word' id='word_1_344' title='bbox 1228 386 1296 430; x_wconf 85' lang='lat' dir='ltr'>pia.</span> 
     </span>
    </p>

    <p class='ocr_par' dir='ltr' id='par_1_15' title="bbox 1117 433 2112 1042">
     <span class='ocr_line' id='line_1_57' title="bbox 1216 433 2104 480; baseline -0.003 -9"><span class='ocrx_word' id='word_1_345' title='bbox 1216 436 1259 471; x_wconf 91' lang='lat' dir='ltr'>In</span> <span class='ocrx_word' id='word_1_346' title='bbox 1289 435 1420 471; x_wconf 87' lang='lat' dir='ltr'>talibus</span> <span class='ocrx_word' id='word_1_347' title='bbox 1449 435 1586 469; x_wconf 89' lang='lat' dir='ltr'>casibus</span> <span class='ocrx_word' id='word_1_348' title='bbox 1617 434 1780 467; x_wconf 87' lang='lat' dir='ltr'>videmus</span> <span class='ocrx_word' id='word_1_349' title='bbox 1803 433 1954 468; x_wconf 86' lang='lat' dir='ltr'>Paulum</span> <span class='ocrx_word' id='word_1_350' title='bbox 1985 434 2104 480; x_wconf 88' lang='lat' dir='ltr'>aliqua</span> 
     </span>
     <span class='ocr_line' id='line_1_58' title="bbox 1117 485 2106 534; baseline -0.006 -10"><span class='ocrx_word' id='word_1_351' title='bbox 1117 485 1286 534; x_wconf 76' lang='grc' dir='ltr'><strong><em>ἐπιεικείᾳ</em></strong></span> <span class='ocrx_word' id='word_1_352' title='bbox 1301 497 1404 521; x_wconf 87' lang='lat' dir='ltr'>usum</span> <span class='ocrx_word' id='word_1_353' title='bbox 1426 497 1498 518; x_wconf 88' lang='lat' dir='ltr'>esse</span> <span class='ocrx_word' id='word_1_354' title='bbox 1520 498 1559 519; x_wconf 87' lang='lat' dir='ltr'>ac</span> <span class='ocrx_word' id='word_1_355' title='bbox 1576 485 1791 530; x_wconf 84' lang='lat' dir='ltr'>permisisse,</span> <span class='ocrx_word' id='word_1_356' title='bbox 1818 491 1858 519; x_wconf 88' lang='lat' dir='ltr'>nt</span> <span class='ocrx_word' id='word_1_357' title='bbox 1875 485 2028 529; x_wconf 86' lang='lat' dir='ltr'>proximi</span> <span class='ocrx_word' id='word_1_358' title='bbox 2050 486 2106 518; x_wconf 90' lang='lat' dir='ltr'>in-</span> 
     </span>
     <span class='ocr_line' id='line_1_59' title="bbox 1117 534 2107 581; baseline -0.006 -7"><span class='ocrx_word' id='word_1_359' title='bbox 1117 546 1285 574; x_wconf 86' lang='lat' dir='ltr'>teressent</span> <span class='ocrx_word' id='word_1_360' title='bbox 1309 550 1382 571; x_wconf 91' lang='lat' dir='ltr'>non</span> <span class='ocrx_word' id='word_1_361' title='bbox 1408 536 1602 577; x_wconf 81' lang='lat' dir='ltr'>sacrificiis,</span> <span class='ocrx_word' id='word_1_362' title='bbox 1639 537 1696 568; x_wconf 92' lang='lat' dir='ltr'>sed</span> <span class='ocrx_word' id='word_1_363' title='bbox 1725 535 1910 571; x_wconf 89' lang='lat' dir='ltr'>conviviis.</span> <span class='ocrx_word' id='word_1_364' title='bbox 1980 534 2107 581; x_wconf 86' lang='lat' dir='ltr'>Aliqui</span> 
     </span>
     <span class='ocr_line' id='line_1_60' title="bbox 1118 586 2105 631; baseline -0.004 -7"><span class='ocrx_word' id='word_1_365' title='bbox 1118 597 1252 631; x_wconf 88' lang='lat' dir='ltr'>autem,</span> <span class='ocrx_word' id='word_1_366' title='bbox 1280 597 1320 624; x_wconf 92' lang='lat' dir='ltr'>ut</span> <span class='ocrx_word' id='word_1_367' title='bbox 1340 589 1394 629; x_wconf 83' lang='lat' dir='ltr'>fit,</span> <span class='ocrx_word' id='word_1_368' title='bbox 1422 587 1519 620; x_wconf 89' lang='lat' dir='ltr'>illam</span> <span class='ocrx_word' id='word_1_369' title='bbox 1545 587 1813 631; x_wconf 88' lang='lat' dir='ltr'>permissionem</span> <span class='ocrx_word' id='word_1_370' title='bbox 1835 586 1987 619; x_wconf 90' lang='lat' dir='ltr'>nimium</span> <span class='ocrx_word' id='word_1_371' title='bbox 2009 587 2105 620; x_wconf 87' lang='lat' dir='ltr'>laxa-</span> 
     </span>
     <span class='ocr_line' id='line_1_61' title="bbox 1118 637 2106 683; baseline -0.005 -8"><span class='ocrx_word' id='word_1_372' title='bbox 1118 643 1215 683; x_wconf 84' lang='lat' dir='ltr'>bant,</span> <span class='ocrx_word' id='word_1_373' title='bbox 1232 647 1264 674; x_wconf 90' lang='lat' dir='ltr'>et</span> <span class='ocrx_word' id='word_1_374' title='bbox 1280 639 1502 674; x_wconf 84' lang='lat' dir='ltr'>victimarum</span> <span class='ocrx_word' id='word_1_375' title='bbox 1520 650 1624 671; x_wconf 90' lang='lat' dir='ltr'>carne</span> <span class='ocrx_word' id='word_1_376' title='bbox 1635 637 1866 670; x_wconf 86' lang='lat' dir='ltr'>vescebantur</span> <span class='ocrx_word' id='word_1_377' title='bbox 1881 637 1974 670; x_wconf 89' lang='lat' dir='ltr'>malo</span> <span class='ocrx_word' id='word_1_378' title='bbox 1990 649 2106 670; x_wconf 82' lang='lat' dir='ltr'>exem-</span> 
     </span>
     <span class='ocr_line' id='line_1_62' title="bbox 1119 687 2108 737; baseline -0.004 -11"><span class='ocrx_word' id='word_1_379' title='bbox 1119 693 1199 737; x_wconf 91' lang='lat' dir='ltr'>plo,</span> <span class='ocrx_word' id='word_1_380' title='bbox 1244 688 1279 724; x_wconf 88' lang='lat' dir='ltr'>id</span> <span class='ocrx_word' id='word_1_381' title='bbox 1304 696 1373 734; x_wconf 82' lang='lat' dir='ltr'>est,</span> <span class='ocrx_word' id='word_1_382' title='bbox 1416 689 1615 723; x_wconf 87' lang='lat' dir='ltr'>invitabant</span> <span class='ocrx_word' id='word_1_383' title='bbox 1639 688 1728 722; x_wconf 88' lang='lat' dir='ltr'>alios</span> <span class='ocrx_word' id='word_1_384' title='bbox 1759 687 2028 729; x_wconf 88' lang='lat' dir='ltr'>imbecilliores,</span> <span class='ocrx_word' id='word_1_385' title='bbox 2070 694 2108 722; x_wconf 88' lang='lat' dir='ltr'>ut</span> 
     </span>
     <span class='ocr_line' id='line_1_63' title="bbox 1119 738 2109 788; baseline -0.006 -12"><span class='ocrx_word' id='word_1_386' title='bbox 1119 744 1188 788; x_wconf 90' lang='lat' dir='ltr'>ipsi</span> <span class='ocrx_word' id='word_1_387' title='bbox 1223 753 1365 788; x_wconf 88' lang='lat' dir='ltr'>quoque</span> <span class='ocrx_word' id='word_1_388' title='bbox 1399 747 1642 778; x_wconf 85' lang='lat' dir='ltr'>vescerentur,</span> <span class='ocrx_word' id='word_1_389' title='bbox 1685 749 1838 783; x_wconf 91' lang='lat' dir='ltr'>quorum</span> <span class='ocrx_word' id='word_1_390' title='bbox 1874 738 2109 771; x_wconf 81' lang='lat' dir='ltr'>conscientiae</span> 
     </span>
     <span class='ocr_line' id='line_1_64' title="bbox 1120 787 2109 839; baseline -0.007 -11"><span class='ocrx_word' id='word_1_391' title='bbox 1120 800 1240 839; x_wconf 88' lang='lat' dir='ltr'>postea</span> <span class='ocrx_word' id='word_1_392' title='bbox 1259 792 1507 827; x_wconf 80' lang='lat' dir='ltr'>turbabantur.</span> <span class='ocrx_word' id='word_1_393' title='bbox 1550 789 1779 824; x_wconf 88' lang='lat' dir='ltr'>Damnabant</span> <span class='ocrx_word' id='word_1_394' title='bbox 1797 787 1890 821; x_wconf 83' lang='lat' dir='ltr'>enim</span> <span class='ocrx_word' id='word_1_395' title='bbox 1907 800 1990 829; x_wconf 86' lang='lat' dir='ltr'>sese,</span> <span class='ocrx_word' id='word_1_396' title='bbox 2010 789 2109 834; x_wconf 83' lang='lat' dir='ltr'>quasi</span> 
     </span>
     <span class='ocr_line' id='line_1_65' title="bbox 1121 838 2111 886; baseline -0.006 -7"><span class='ocrx_word' id='word_1_397' title='bbox 1121 844 1413 879; x_wconf 85' lang='lat' dir='ltr'>consuetudinem</span> <span class='ocrx_word' id='word_1_398' title='bbox 1435 841 1579 886; x_wconf 87' lang='lat' dir='ltr'>impiam</span> <span class='ocrx_word' id='word_1_399' title='bbox 1601 841 1861 875; x_wconf 86' lang='lat' dir='ltr'>confirmarent.</span> <span class='ocrx_word' id='word_1_400' title='bbox 1934 838 2111 882; x_wconf 83' lang='lat' dir='ltr'>Quando—</span> 
     </span>
     <span class='ocr_line' id='line_1_66' title="bbox 1122 890 2111 941; baseline -0.007 -11"><span class='ocrx_word' id='word_1_401' title='bbox 1122 908 1261 941; x_wconf 90' lang='lat' dir='ltr'>cunque</span> <span class='ocrx_word' id='word_1_402' title='bbox 1276 901 1392 929; x_wconf 88' lang='lat' dir='ltr'>autem</span> <span class='ocrx_word' id='word_1_403' title='bbox 1412 892 1626 927; x_wconf 89' lang='lat' dir='ltr'>conscientia</span> <span class='ocrx_word' id='word_1_404' title='bbox 1644 903 1716 925; x_wconf 91' lang='lat' dir='ltr'>sese</span> <span class='ocrx_word' id='word_1_405' title='bbox 1738 892 1903 931; x_wconf 82' lang='lat' dir='ltr'>damnat,</span> <span class='ocrx_word' id='word_1_406' title='bbox 1927 890 2061 924; x_wconf 88' lang='lat' dir='ltr'>iudicat</span> <span class='ocrx_word' id='word_1_407' title='bbox 2077 902 2111 923; x_wconf 92' lang='lat' dir='ltr'>se</span> 
     </span>
     <span class='ocr_line' id='line_1_67' title="bbox 1122 941 2112 987; baseline -0.005 -7"><span class='ocrx_word' id='word_1_408' title='bbox 1122 953 1244 980; x_wconf 88' lang='lat' dir='ltr'>contra</span> <span class='ocrx_word' id='word_1_409' title='bbox 1270 945 1384 979; x_wconf 86' lang='lat' dir='ltr'>Deum</span> <span class='ocrx_word' id='word_1_410' title='bbox 1407 945 1531 978; x_wconf 88' lang='lat' dir='ltr'>facere.</span> <span class='ocrx_word' id='word_1_411' title='bbox 1592 942 1711 987; x_wconf 84' lang='lat' dir='ltr'>Quare</span> <span class='ocrx_word' id='word_1_412' title='bbox 1746 942 1830 976; x_wconf 90' lang='lat' dir='ltr'>fides</span> <span class='ocrx_word' id='word_1_413' title='bbox 1855 941 2049 984; x_wconf 82' lang='lat' dir='ltr'>excutitur,</span> <span class='ocrx_word' id='word_1_414' title='bbox 2079 948 2112 975; x_wconf 89' lang='lat' dir='ltr'>et</span> 
     </span>
     <span class='ocr_line' id='line_1_68' title="bbox 1123 995 1525 1042; baseline -0.002 -11"><span class='ocrx_word' id='word_1_415' title='bbox 1123 997 1317 1042; x_wconf 88' lang='lat' dir='ltr'>impeditur</span> <span class='ocrx_word' id='word_1_416' title='bbox 1334 995 1525 1030; x_wconf 85' lang='lat' dir='ltr'>invocatio.</span> 
     </span>
    </p>

    <p class='ocr_par' dir='ltr' id='par_1_16' title="bbox 1123 1043 2165 1338">
     <span class='ocr_line' id='line_1_69' title="bbox 1226 1043 2165 1091; baseline -0.005 -9"><span class='ocrx_word' id='word_1_417' title='bbox 1226 1048 1331 1082; x_wconf 84' lang='lat' dir='ltr'>Nunc</span> <span class='ocrx_word' id='word_1_418' title='bbox 1371 1047 1480 1091; x_wconf 85' lang='lat' dir='ltr'>igitur</span> <span class='ocrx_word' id='word_1_419' title='bbox 1519 1045 1651 1079; x_wconf 85' lang='lat' dir='ltr'>Paulus</span> <span class='ocrx_word' id='word_1_420' title='bbox 1698 1044 1794 1077; x_wconf 88' lang='lat' dir='ltr'>illam</span> <span class='ocrx_word' id='word_1_421' title='bbox 1844 1043 2111 1089; x_wconf 84' lang='lat' dir='ltr'>permissionem</span> <span class='ocrx_word' id='word_1_422' title='bbox 2163 1073 2165 1075; x_wconf 97' lang='lat'>.</span> 
     </span>
     <span class='ocr_line' id='line_1_70' title="bbox 1123 1095 2115 1143; baseline -0.006 -9"><span class='ocrx_word' id='word_1_423' title='bbox 1123 1100 1303 1143; x_wconf 86' lang='lat' dir='ltr'>astringit,</span> <span class='ocrx_word' id='word_1_424' title='bbox 1330 1105 1363 1132; x_wconf 89' lang='lat' dir='ltr'>et</span> <span class='ocrx_word' id='word_1_425' title='bbox 1379 1096 1436 1131; x_wconf 89' lang='lat' dir='ltr'>hic</span> <span class='ocrx_word' id='word_1_426' title='bbox 1455 1103 1593 1132; x_wconf 88' lang='lat' dir='ltr'>tantum</span> <span class='ocrx_word' id='word_1_427' title='bbox 1613 1097 1656 1130; x_wconf 91' lang='lat' dir='ltr'>de</span> <span class='ocrx_word' id='word_1_428' title='bbox 1674 1095 1849 1130; x_wconf 85' lang='lat' dir='ltr'>Scandalo</span> <span class='ocrx_word' id='word_1_429' title='bbox 1868 1096 2115 1134; x_wconf 82' lang='lat' dir='ltr'>concionatur,</span> 
     </span>
     <span class='ocr_line' id='line_1_71' title="bbox 1125 1147 2114 1195; baseline -0.007 -10"><span class='ocrx_word' id='word_1_430' title='bbox 1125 1158 1245 1195; x_wconf 89' lang='lat' dir='ltr'>postea</span> <span class='ocrx_word' id='word_1_431' title='bbox 1268 1161 1390 1183; x_wconf 89' lang='lat' dir='ltr'>rursus</span> <span class='ocrx_word' id='word_1_432' title='bbox 1415 1149 1452 1181; x_wconf 89' lang='lat' dir='ltr'>in</span> <span class='ocrx_word' id='word_1_433' title='bbox 1482 1159 1609 1191; x_wconf 85' lang='lat' dir='ltr'>genere</span> <span class='ocrx_word' id='word_1_434' title='bbox 1633 1147 1822 1190; x_wconf 85' lang='lat' dir='ltr'>astringit,</span> <span class='ocrx_word' id='word_1_435' title='bbox 1864 1147 1946 1192; x_wconf 88' lang='lat' dir='ltr'>quia</span> <span class='ocrx_word' id='word_1_436' title='bbox 1971 1149 2114 1191; x_wconf 77' lang='lat' dir='ltr'>quoquo</span> 
     </span>
     <span class='ocr_line' id='line_1_72' title="bbox 1124 1197 2116 1243; baseline -0.006 -8"><span class='ocrx_word' id='word_1_437' title='bbox 1124 1202 1230 1236; x_wconf 90' lang='lat' dir='ltr'>modo</span> <span class='ocrx_word' id='word_1_438' title='bbox 1255 1207 1454 1240; x_wconf 82' lang='lat' dir='ltr'>excusetur,</span> <span class='ocrx_word' id='word_1_439' title='bbox 1481 1205 1597 1232; x_wconf 87' lang='lat' dir='ltr'>tamen</span> <span class='ocrx_word' id='word_1_440' title='bbox 1621 1197 1757 1243; x_wconf 87' lang='lat' dir='ltr'>aliquid</span> <span class='ocrx_word' id='word_1_441' title='bbox 1783 1197 1820 1230; x_wconf 92' lang='lat' dir='ltr'>in</span> <span class='ocrx_word' id='word_1_442' title='bbox 1846 1198 2004 1241; x_wconf 87' lang='lat' dir='ltr'>exemplo</span> <span class='ocrx_word' id='word_1_443' title='bbox 2031 1197 2116 1230; x_wconf 86' lang='lat' dir='ltr'>mali</span> 
     </span>
     <span class='ocr_line' id='line_1_73' title="bbox 1126 1248 2114 1294; baseline -0.005 -8"><span class='ocrx_word' id='word_1_444' title='bbox 1126 1259 1187 1286; x_wconf 85' lang='lat' dir='ltr'>est.</span> <span class='ocrx_word' id='word_1_445' title='bbox 1254 1251 1348 1286; x_wconf 87' lang='lat' dir='ltr'>Nam</span> <span class='ocrx_word' id='word_1_446' title='bbox 1378 1250 1597 1285; x_wconf 83' lang='lat' dir='ltr'>consuetudo</span> <span class='ocrx_word' id='word_1_447' title='bbox 1631 1249 1822 1284; x_wconf 86' lang='lat' dir='ltr'>colentium</span> <span class='ocrx_word' id='word_1_448' title='bbox 1847 1249 1952 1294; x_wconf 27' lang='lat' dir='ltr'>*idola</span> <span class='ocrx_word' id='word_1_449' title='bbox 1985 1248 2114 1282; x_wconf 86' lang='lat' dir='ltr'>confir-</span> 
     </span>
     <span class='ocr_line' id='line_1_74' title="bbox 1125 1309 1255 1338; baseline 0.008 -2"><span class='ocrx_word' id='word_1_450' title='bbox 1125 1309 1255 1338; x_wconf 89' lang='lat' dir='ltr'>matur.</span> 
     </span>
    </p>

    <p class='ocr_par' dir='ltr' id='par_1_17' title="bbox 1126 1348 2119 1641">
     <span class='ocr_line' id='line_1_75' title="bbox 1228 1348 2119 1389; baseline -0.007 -1"><span class='ocrx_word' id='word_1_451' title='bbox 1228 1353 1297 1388; x_wconf 87' lang='lat' dir='ltr'>Sed</span> <span class='ocrx_word' id='word_1_452' title='bbox 1316 1349 1374 1386; x_wconf 87' lang='lat' dir='ltr'>hic</span> <span class='ocrx_word' id='word_1_453' title='bbox 1390 1352 1604 1387; x_wconf 88' lang='lat' dir='ltr'>nominatim</span> <span class='ocrx_word' id='word_1_454' title='bbox 1620 1352 1658 1386; x_wconf 88' lang='lat' dir='ltr'>fit</span> <span class='ocrx_word' id='word_1_455' title='bbox 1675 1350 1808 1385; x_wconf 90' lang='lat' dir='ltr'>mentio</span> <span class='ocrx_word' id='word_1_456' title='bbox 1827 1348 1934 1385; x_wconf 90' lang='lat' dir='ltr'>huius</span> <span class='ocrx_word' id='word_1_457' title='bbox 1951 1349 2119 1389; x_wconf 88' lang='lat' dir='ltr'>scandali,</span> 
     </span>
     <span class='ocr_line' id='line_1_76' title="bbox 1126 1402 2118 1450; baseline -0.005 -12"><span class='ocrx_word' id='word_1_458' title='bbox 1126 1405 1222 1450; x_wconf 90' lang='lat' dir='ltr'>quod</span> <span class='ocrx_word' id='word_1_459' title='bbox 1238 1404 1368 1437; x_wconf 89' lang='lat' dir='ltr'>eruditi</span> <span class='ocrx_word' id='word_1_460' title='bbox 1386 1405 1575 1439; x_wconf 87' lang='lat' dir='ltr'>movebant</span> <span class='ocrx_word' id='word_1_461' title='bbox 1594 1402 1854 1443; x_wconf 85' lang='lat' dir='ltr'>imbecilliores,</span> <span class='ocrx_word' id='word_1_462' title='bbox 1877 1409 1916 1436; x_wconf 93' lang='lat' dir='ltr'>ut</span> <span class='ocrx_word' id='word_1_463' title='bbox 1934 1413 2118 1435; x_wconf 87' lang='lat' dir='ltr'>vesceren-</span> 
     </span>
     <span class='ocr_line' id='line_1_77' title="bbox 1127 1452 2119 1499; baseline -0.005 -10"><span class='ocrx_word' id='word_1_464' title='bbox 1127 1463 1206 1497; x_wconf 89' lang='lat' dir='ltr'>tur,</span> <span class='ocrx_word' id='word_1_465' title='bbox 1235 1461 1270 1488; x_wconf 90' lang='lat' dir='ltr'>et</span> <span class='ocrx_word' id='word_1_466' title='bbox 1296 1452 1425 1488; x_wconf 92' lang='lat' dir='ltr'>horum</span> <span class='ocrx_word' id='word_1_467' title='bbox 1452 1462 1571 1499; x_wconf 86' lang='lat' dir='ltr'>postea</span> <span class='ocrx_word' id='word_1_468' title='bbox 1599 1454 1848 1488; x_wconf 87' lang='lat' dir='ltr'>sanciebantur</span> <span class='ocrx_word' id='word_1_469' title='bbox 1873 1452 2119 1490; x_wconf 87' lang='lat' dir='ltr'>conscientiae,</span> 
     </span>
     <span class='ocr_line' id='line_1_78' title="bbox 1127 1503 2119 1549; baseline -0.006 -9"><span class='ocrx_word' id='word_1_470' title='bbox 1127 1514 1166 1540; x_wconf 86' lang='lat' dir='ltr'>ut</span> <span class='ocrx_word' id='word_1_471' title='bbox 1184 1505 1273 1539; x_wconf 89' lang='lat' dir='ltr'>varii</span> <span class='ocrx_word' id='word_1_472' title='bbox 1291 1517 1390 1539; x_wconf 87' lang='lat' dir='ltr'>casus</span> <span class='ocrx_word' id='word_1_473' title='bbox 1406 1513 1527 1540; x_wconf 88' lang='lat' dir='ltr'>nostro</span> <span class='ocrx_word' id='word_1_474' title='bbox 1544 1513 1700 1549; x_wconf 88' lang='lat' dir='ltr'>tempore</span> <span class='ocrx_word' id='word_1_475' title='bbox 1716 1505 1931 1543; x_wconf 85' lang='lat' dir='ltr'>acciderunt,</span> <span class='ocrx_word' id='word_1_476' title='bbox 1959 1503 2020 1536; x_wconf 93' lang='lat' dir='ltr'>ubi</span> <span class='ocrx_word' id='word_1_477' title='bbox 2039 1503 2119 1535; x_wconf 89' lang='lat' dir='ltr'>imi-</span> 
     </span>
     <span class='ocr_line' id='line_1_79' title="bbox 1128 1553 2119 1591; baseline -0.005 0"><span class='ocrx_word' id='word_1_478' title='bbox 1128 1557 1261 1591; x_wconf 89' lang='lat' dir='ltr'>tatione</span> <span class='ocrx_word' id='word_1_479' title='bbox 1286 1556 1459 1590; x_wconf 90' lang='lat' dir='ltr'>libertatis</span> <span class='ocrx_word' id='word_1_480' title='bbox 1485 1557 1589 1589; x_wconf 90' lang='lat' dir='ltr'>etiam</span> <span class='ocrx_word' id='word_1_481' title='bbox 1620 1556 1659 1588; x_wconf 88' lang='lat' dir='ltr'>in</span> <span class='ocrx_word' id='word_1_482' title='bbox 1685 1562 1778 1588; x_wconf 90' lang='lat' dir='ltr'>recte</span> <span class='ocrx_word' id='word_1_483' title='bbox 1799 1555 1898 1589; x_wconf 85' lang='lat' dir='ltr'>factis</span> <span class='ocrx_word' id='word_1_484' title='bbox 1924 1553 2119 1588; x_wconf 86' lang='lat' dir='ltr'>imbecilles</span> 
     </span>
     <span class='ocr_line' id='line_1_80' title="bbox 1129 1607 1764 1641; baseline 0 0"><span class='ocrx_word' id='word_1_485' title='bbox 1129 1607 1366 1641; x_wconf 89' lang='lat' dir='ltr'>conscientiae</span> <span class='ocrx_word' id='word_1_486' title='bbox 1382 1607 1483 1640; x_wconf 87' lang='lat' dir='ltr'>valde</span> <span class='ocrx_word' id='word_1_487' title='bbox 1499 1608 1656 1641; x_wconf 82' lang='lat' dir='ltr'>turbatae</span> <span class='ocrx_word' id='word_1_488' title='bbox 1671 1613 1764 1641; x_wconf 84' lang='lat' dir='ltr'>sunt.</span> 
     </span>
    </p>

    <p class='ocr_par' dir='ltr' id='par_1_18' title="bbox 1130 1656 2127 2358">
     <span class='ocr_line' id='line_1_81' title="bbox 1231 1656 2120 1701; baseline -0.003 -10"><span class='ocrx_word' id='word_1_489' title='bbox 1231 1656 1412 1701; x_wconf 86' lang='lat' dir='ltr'>Obiurgat</span> <span class='ocrx_word' id='word_1_490' title='bbox 1429 1658 1536 1701; x_wconf 84' lang='lat' dir='ltr'>igitur</span> <span class='ocrx_word' id='word_1_491' title='bbox 1552 1657 1684 1691; x_wconf 87' lang='lat' dir='ltr'>Paulus</span> <span class='ocrx_word' id='word_1_492' title='bbox 1702 1658 1823 1690; x_wconf 90' lang='lat' dir='ltr'>doctos</span> <span class='ocrx_word' id='word_1_493' title='bbox 1841 1656 1908 1690; x_wconf 88' lang='lat' dir='ltr'>sibi</span> <span class='ocrx_word' id='word_1_494' title='bbox 1931 1657 2120 1701; x_wconf 80' lang='lat' dir='ltr'>placentes,</span> 
     </span>
     <span class='ocr_line' id='line_1_82' title="bbox 1131 1707 2121 1747; baseline -0.003 -4"><span class='ocrx_word' id='word_1_495' title='bbox 1131 1716 1164 1743; x_wconf 86' lang='lat' dir='ltr'>et</span> <span class='ocrx_word' id='word_1_496' title='bbox 1181 1710 1330 1743; x_wconf 85' lang='lat' dir='ltr'>audaces</span> <span class='ocrx_word' id='word_1_497' title='bbox 1346 1709 1383 1742; x_wconf 91' lang='lat' dir='ltr'>in</span> <span class='ocrx_word' id='word_1_498' title='bbox 1401 1710 1505 1743; x_wconf 89' lang='lat' dir='ltr'>rebus</span> <span class='ocrx_word' id='word_1_499' title='bbox 1521 1721 1594 1742; x_wconf 84' lang='lat' dir='ltr'>nou</span> <span class='ocrx_word' id='word_1_500' title='bbox 1614 1708 1837 1747; x_wconf 85' lang='lat' dir='ltr'>necessariis,</span> <span class='ocrx_word' id='word_1_501' title='bbox 1865 1715 1903 1741; x_wconf 87' lang='lat' dir='ltr'>ut</span> <span class='ocrx_word' id='word_1_502' title='bbox 1920 1714 2001 1741; x_wconf 88' lang='lat' dir='ltr'>sunt</span> <span class='ocrx_word' id='word_1_503' title='bbox 2018 1707 2121 1741; x_wconf 87' lang='lat' dir='ltr'>multi</span> 
     </span>
     <span class='ocr_line' id='line_1_83' title="bbox 1130 1758 2121 1804; baseline -0.002 -11"><span class='ocrx_word' id='word_1_504' title='bbox 1130 1767 1277 1804; x_wconf 89' lang='lat' dir='ltr'>propter</span> <span class='ocrx_word' id='word_1_505' title='bbox 1301 1760 1572 1794; x_wconf 86' lang='lat' dir='ltr'>ostentationem</span> <span class='ocrx_word' id='word_1_506' title='bbox 1596 1771 1678 1793; x_wconf 90' lang='lat' dir='ltr'>suae</span> <span class='ocrx_word' id='word_1_507' title='bbox 1701 1759 1911 1792; x_wconf 90' lang='lat' dir='ltr'>eruditionis</span> <span class='ocrx_word' id='word_1_508' title='bbox 1930 1766 1962 1793; x_wconf 89' lang='lat' dir='ltr'>et</span> <span class='ocrx_word' id='word_1_509' title='bbox 1982 1758 2121 1804; x_wconf 86' lang='lat' dir='ltr'>sapien-</span> 
     </span>
     <span class='ocr_line' id='line_1_84' title="bbox 1131 1807 2122 1854; baseline -0.004 -8"><span class='ocrx_word' id='word_1_510' title='bbox 1131 1812 1210 1847; x_wconf 85' lang='lat' dir='ltr'>tiae.</span> <span class='ocrx_word' id='word_1_511' title='bbox 1273 1808 1322 1844; x_wconf 86' lang='lat' dir='ltr'>Et</span> <span class='ocrx_word' id='word_1_512' title='bbox 1343 1811 1500 1854; x_wconf 85' lang='lat' dir='ltr'>regulam</span> <span class='ocrx_word' id='word_1_513' title='bbox 1517 1809 1671 1845; x_wconf 84' lang='lat' dir='ltr'>Roman.</span> <span class='ocrx_word' id='word_1_514' title='bbox 1690 1809 1747 1843; x_wconf 80' lang='lat'>14.</span> <span class='ocrx_word' id='word_1_515' title='bbox 1771 1810 1956 1850; x_wconf 83' lang='lat' dir='ltr'>traditam,</span> <span class='ocrx_word' id='word_1_516' title='bbox 1984 1807 2042 1843; x_wconf 87' lang='lat' dir='ltr'>hic</span> <span class='ocrx_word' id='word_1_517' title='bbox 2067 1822 2122 1842; x_wconf 85' lang='lat' dir='ltr'>re-</span> 
     </span>
     <span class='ocr_line' id='line_1_85' title="bbox 1134 1860 2123 1906; baseline -0.001 -12"><span class='ocrx_word' id='word_1_518' title='bbox 1134 1862 1237 1906; x_wconf 88' lang='lat' dir='ltr'>petit:</span> <span class='ocrx_word' id='word_1_519' title='bbox 1262 1860 1373 1896; x_wconf 91' lang='lat' dir='ltr'>Docet</span> <span class='ocrx_word' id='word_1_520' title='bbox 1395 1862 1587 1896; x_wconf 87' lang='lat' dir='ltr'>necessaria</span> <span class='ocrx_word' id='word_1_521' title='bbox 1604 1862 1763 1895; x_wconf 88' lang='lat' dir='ltr'>facienda</span> <span class='ocrx_word' id='word_1_522' title='bbox 1781 1872 1868 1894; x_wconf 87' lang='lat' dir='ltr'>esse:</span> <span class='ocrx_word' id='word_1_523' title='bbox 1900 1860 1941 1893; x_wconf 90' lang='lat' dir='ltr'>ln</span> <span class='ocrx_word' id='word_1_524' title='bbox 1964 1872 2037 1894; x_wconf 91' lang='lat' dir='ltr'>non</span> <span class='ocrx_word' id='word_1_525' title='bbox 2060 1872 2123 1893; x_wconf 89' lang='lat' dir='ltr'>ne-</span> 
     </span>
     <span class='ocr_line' id='line_1_86' title="bbox 1135 1912 2124 1958; baseline -0.002 -12"><span class='ocrx_word' id='word_1_526' title='bbox 1135 1912 1293 1946; x_wconf 88' lang='lat' dir='ltr'>cessariis</span> <span class='ocrx_word' id='word_1_527' title='bbox 1314 1924 1417 1954; x_wconf 90' lang='lat' dir='ltr'>vero,</span> <span class='ocrx_word' id='word_1_528' title='bbox 1444 1925 1534 1958; x_wconf 89' lang='lat' dir='ltr'>quae</span> <span class='ocrx_word' id='word_1_529' title='bbox 1550 1919 1686 1946; x_wconf 88' lang='lat' dir='ltr'>tantum</span> <span class='ocrx_word' id='word_1_530' title='bbox 1704 1912 1799 1946; x_wconf 88' lang='lat' dir='ltr'>licita</span> <span class='ocrx_word' id='word_1_531' title='bbox 1817 1919 1917 1953; x_wconf 87' lang='lat' dir='ltr'>sunt,</span> <span class='ocrx_word' id='word_1_532' title='bbox 1946 1924 2022 1945; x_wconf 89' lang='lat' dir='ltr'>eam</span> <span class='ocrx_word' id='word_1_533' title='bbox 2047 1923 2124 1944; x_wconf 89' lang='lat' dir='ltr'>mo-</span> 
     </span>
     <span class='ocr_line' id='line_1_87' title="bbox 1135 1963 2122 2007; baseline -0.002 -10"><span class='ocrx_word' id='word_1_534' title='bbox 1135 1964 1355 1997; x_wconf 89' lang='lat' dir='ltr'>derationem</span> <span class='ocrx_word' id='word_1_535' title='bbox 1379 1965 1587 1998; x_wconf 88' lang='lat' dir='ltr'>servandam</span> <span class='ocrx_word' id='word_1_536' title='bbox 1613 1975 1704 2002; x_wconf 91' lang='lat' dir='ltr'>esse,</span> <span class='ocrx_word' id='word_1_537' title='bbox 1739 1975 1782 1996; x_wconf 91' lang='lat' dir='ltr'>ne</span> <span class='ocrx_word' id='word_1_538' title='bbox 1814 1963 1973 2007; x_wconf 86' lang='lat' dir='ltr'>exempla</span> <span class='ocrx_word' id='word_1_539' title='bbox 2003 1969 2122 1996; x_wconf 88' lang='lat' dir='ltr'>nostra</span> 
     </span>
     <span class='ocr_line' id='line_1_88' title="bbox 1135 2014 2124 2054; baseline -0.002 -6"><span class='ocrx_word' id='word_1_540' title='bbox 1135 2015 1277 2049; x_wconf 88' lang='lat' dir='ltr'>laedant</span> <span class='ocrx_word' id='word_1_541' title='bbox 1293 2014 1444 2050; x_wconf 87' lang='lat' dir='ltr'>aliorum</span> <span class='ocrx_word' id='word_1_542' title='bbox 1460 2015 1704 2054; x_wconf 89' lang='lat' dir='ltr'>conscientias,</span> <span class='ocrx_word' id='word_1_543' title='bbox 1728 2021 1788 2048; x_wconf 88' lang='lat' dir='ltr'>aut</span> <span class='ocrx_word' id='word_1_544' title='bbox 1805 2014 2013 2047; x_wconf 79' lang='lat' dir='ltr'>labefactent</span> <span class='ocrx_word' id='word_1_545' title='bbox 2030 2026 2124 2047; x_wconf 91' lang='lat' dir='ltr'>com—</span> 
     </span>
     <span class='ocr_line' id='line_1_89' title="bbox 1135 2064 2124 2108; baseline -0.001 -10"><span class='ocrx_word' id='word_1_546' title='bbox 1135 2077 1279 2099; x_wconf 90' lang='lat' dir='ltr'>munem</span> <span class='ocrx_word' id='word_1_547' title='bbox 1308 2067 1555 2107; x_wconf 88' lang='lat' dir='ltr'>concordiam,</span> <span class='ocrx_word' id='word_1_548' title='bbox 1594 2066 1683 2099; x_wconf 88' lang='lat' dir='ltr'>sicut</span> <span class='ocrx_word' id='word_1_549' title='bbox 1706 2065 1826 2108; x_wconf 87' lang='lat' dir='ltr'>regula</span> <span class='ocrx_word' id='word_1_550' title='bbox 1851 2064 2124 2098; x_wconf 85' lang='lat' dir='ltr'>Iurisconsulto-</span> 
     </span>
     <span class='ocr_line' id='line_1_90' title="bbox 1135 2115 2125 2160; baseline -0.002 -11"><span class='ocrx_word' id='word_1_551' title='bbox 1135 2129 1213 2150; x_wconf 91' lang='lat' dir='ltr'>rum</span> <span class='ocrx_word' id='word_1_552' title='bbox 1240 2123 1332 2150; x_wconf 84' lang='lat' dir='ltr'>recte</span> <span class='ocrx_word' id='word_1_553' title='bbox 1355 2118 1472 2151; x_wconf 88' lang='lat' dir='ltr'>docet:</span> <span class='ocrx_word' id='word_1_554' title='bbox 1502 2117 1610 2160; x_wconf 87' lang='lat' dir='ltr'>Quod</span> <span class='ocrx_word' id='word_1_555' title='bbox 1637 2117 1703 2151; x_wconf 90' lang='lat' dir='ltr'>tibi</span> <span class='ocrx_word' id='word_1_556' title='bbox 1729 2128 1802 2149; x_wconf 88' lang='lat' dir='ltr'>non</span> <span class='ocrx_word' id='word_1_557' title='bbox 1827 2123 1947 2156; x_wconf 86' lang='lat' dir='ltr'>nocet,</span> <span class='ocrx_word' id='word_1_558' title='bbox 1975 2122 2008 2148; x_wconf 92' lang='lat' dir='ltr'>et</span> <span class='ocrx_word' id='word_1_559' title='bbox 2024 2115 2125 2148; x_wconf 88' lang='lat' dir='ltr'>alteri</span> 
     </span>
     <span class='ocr_line' id='line_1_91' title="bbox 1137 2165 2127 2213; baseline -0.003 -12"><span class='ocrx_word' id='word_1_560' title='bbox 1137 2168 1296 2212; x_wconf 89' lang='lat' dir='ltr'>prodest,</span> <span class='ocrx_word' id='word_1_561' title='bbox 1331 2168 1364 2201; x_wconf 91' lang='lat' dir='ltr'>id</span> <span class='ocrx_word' id='word_1_562' title='bbox 1391 2169 1643 2213; x_wconf 85' lang='lat' dir='ltr'>praestandum</span> <span class='ocrx_word' id='word_1_563' title='bbox 1669 2174 1729 2200; x_wconf 90' lang='lat' dir='ltr'>est.</span> <span class='ocrx_word' id='word_1_564' title='bbox 1785 2165 1920 2200; x_wconf 90' lang='lat' dir='ltr'>lustum</span> <span class='ocrx_word' id='word_1_565' title='bbox 1944 2173 1994 2200; x_wconf 88' lang='lat' dir='ltr'>est</span> <span class='ocrx_word' id='word_1_566' title='bbox 2019 2166 2127 2210; x_wconf 78' lang='lat' dir='ltr'>igitur</span> 
     </span>
     <span class='ocr_line' id='line_1_92' title="bbox 1137 2217 2126 2264; baseline -0.001 -13"><span class='ocrx_word' id='word_1_567' title='bbox 1137 2219 1328 2262; x_wconf 84' lang='lat' dir='ltr'>astringere</span> <span class='ocrx_word' id='word_1_568' title='bbox 1345 2219 1542 2254; x_wconf 87' lang='lat' dir='ltr'>libertatem</span> <span class='ocrx_word' id='word_1_569' title='bbox 1559 2225 1702 2264; x_wconf 90' lang='lat' dir='ltr'>propter</span> <span class='ocrx_word' id='word_1_570' title='bbox 1722 2217 1874 2251; x_wconf 89' lang='lat' dir='ltr'>aliorum</span> <span class='ocrx_word' id='word_1_571' title='bbox 1892 2217 2060 2256; x_wconf 87' lang='lat' dir='ltr'>salutem,</span> <span class='ocrx_word' id='word_1_572' title='bbox 2087 2224 2126 2250; x_wconf 88' lang='lat' dir='ltr'>ut</span> 
     </span>
     <span class='ocr_line' id='line_1_93' title="bbox 1137 2269 2127 2314; baseline -0.001 -12"><span class='ocrx_word' id='word_1_573' title='bbox 1137 2270 1264 2303; x_wconf 84' lang='lat' dir='ltr'>itinere</span> <span class='ocrx_word' id='word_1_574' title='bbox 1281 2270 1442 2304; x_wconf 89' lang='lat' dir='ltr'>faciendo</span> <span class='ocrx_word' id='word_1_575' title='bbox 1459 2271 1626 2305; x_wconf 86' lang='lat' dir='ltr'>robustus</span> <span class='ocrx_word' id='word_1_576' title='bbox 1653 2269 1772 2303; x_wconf 83' lang='lat' dir='ltr'>minus</span> <span class='ocrx_word' id='word_1_577' title='bbox 1795 2275 1961 2314; x_wconf 85' lang='lat' dir='ltr'>properat</span> <span class='ocrx_word' id='word_1_578' title='bbox 1981 2274 2127 2313; x_wconf 88' lang='lat' dir='ltr'>propter</span> 
     </span>
     <span class='ocr_line' id='line_1_94' title="bbox 1137 2321 1510 2358; baseline 0.013 -5"><span class='ocrx_word' id='word_1_579' title='bbox 1137 2321 1330 2354; x_wconf 84' lang='lat' dir='ltr'>imbecilles</span> <span class='ocrx_word' id='word_1_580' title='bbox 1352 2322 1510 2358; x_wconf 86' lang='lat' dir='ltr'>comites.</span> 
     </span>
    </p>

    <p class='ocr_par' dir='ltr' id='par_1_19' title="bbox 1138 2371 2127 2574">
     <span class='ocr_line' id='line_1_95' title="bbox 1241 2371 2127 2418; baseline -0.001 -13"><span class='ocrx_word' id='word_1_581' title='bbox 1241 2371 1336 2406; x_wconf 86' lang='lat' dir='ltr'>Haec</span> <span class='ocrx_word' id='word_1_582' title='bbox 1362 2373 1502 2417; x_wconf 86' lang='lat' dir='ltr'>regula,</span> <span class='ocrx_word' id='word_1_583' title='bbox 1545 2384 1635 2418; x_wconf 88' lang='lat' dir='ltr'>quae</span> <span class='ocrx_word' id='word_1_584' title='bbox 1667 2378 1789 2406; x_wconf 89' lang='lat' dir='ltr'>monet</span> <span class='ocrx_word' id='word_1_585' title='bbox 1813 2372 2026 2405; x_wconf 85' lang='lat' dir='ltr'>servandum</span> <span class='ocrx_word' id='word_1_586' title='bbox 2055 2382 2127 2404; x_wconf 89' lang='lat' dir='ltr'>esse</span> 
     </span>
     <span class='ocr_line' id='line_1_96' title="bbox 1138 2423 2126 2462; baseline 0 -7"><span class='ocrx_word' id='word_1_587' title='bbox 1138 2423 1328 2457; x_wconf 91' lang='lat' dir='ltr'>discrimen</span> <span class='ocrx_word' id='word_1_588' title='bbox 1353 2424 1445 2458; x_wconf 90' lang='lat' dir='ltr'>inter</span> <span class='ocrx_word' id='word_1_589' title='bbox 1461 2424 1655 2457; x_wconf 84' lang='lat' dir='ltr'>necessaria</span> <span class='ocrx_word' id='word_1_590' title='bbox 1673 2430 1706 2457; x_wconf 92' lang='lat' dir='ltr'>et</span> <span class='ocrx_word' id='word_1_591' title='bbox 1723 2434 1797 2456; x_wconf 92' lang='lat' dir='ltr'>non</span> <span class='ocrx_word' id='word_1_592' title='bbox 1814 2423 2026 2462; x_wconf 86' lang='lat' dir='ltr'>necessaria,</span> <span class='ocrx_word' id='word_1_593' title='bbox 2053 2435 2126 2455; x_wconf 84' lang='lat' dir='ltr'>ma·—</span> 
     </span>
     <span class='ocr_line' id='line_1_97' title="bbox 1139 2473 2127 2517; baseline -0.002 -10"><span class='ocrx_word' id='word_1_594' title='bbox 1139 2486 1247 2517; x_wconf 87' lang='lat' dir='ltr'>gnum</span> <span class='ocrx_word' id='word_1_595' title='bbox 1264 2486 1366 2508; x_wconf 87' lang='lat' dir='ltr'>usum</span> <span class='ocrx_word' id='word_1_596' title='bbox 1385 2473 1490 2509; x_wconf 89' lang='lat' dir='ltr'>habet</span> <span class='ocrx_word' id='word_1_597' title='bbox 1500 2475 1536 2508; x_wconf 90' lang='lat' dir='ltr'>in</span> <span class='ocrx_word' id='word_1_598' title='bbox 1546 2475 1710 2508; x_wconf 90' lang='lat' dir='ltr'>universa</span> <span class='ocrx_word' id='word_1_599' title='bbox 1720 2474 1804 2515; x_wconf 87' lang='lat' dir='ltr'>vita,</span> <span class='ocrx_word' id='word_1_600' title='bbox 1822 2481 1854 2507; x_wconf 85' lang='lat' dir='ltr'>et</span> <span class='ocrx_word' id='word_1_601' title='bbox 1866 2477 2001 2508; x_wconf 72' lang='lat' dir='ltr'>coercet</span> <span class='ocrx_word' id='word_1_602' title='bbox 2016 2473 2127 2506; x_wconf 88' lang='lat' dir='ltr'>multa</span> 
     </span>
     <span class='ocr_line' id='line_1_98' title="bbox 1138 2522 2092 2574; baseline 0.001 -17"><span class='ocrx_word' id='word_1_603' title='bbox 1138 2525 1241 2567; x_wconf 88' lang='lat' dir='ltr'>vitia,</span> <span class='ocrx_word' id='word_1_604' title='bbox 1265 2522 1653 2574; x_wconf 69' lang='grc' dir='ltr'><em>πολυπραγμοσύνην,</em></span> <span class='ocrx_word' id='word_1_605' title='bbox 1678 2525 1933 2569; x_wconf 84' lang='lat' dir='ltr'>arrogantiam,</span> <span class='ocrx_word' id='word_1_606' title='bbox 1962 2532 1994 2559; x_wconf 92' lang='lat' dir='ltr'>et</span> <span class='ocrx_word' id='word_1_607' title='bbox 2012 2524 2092 2558; x_wconf 89' lang='lat' dir='ltr'>alia.</span> 
     </span>
    </p>

    <p class='ocr_par' dir='ltr' id='par_1_20' title="bbox 1139 2575 2126 2720">
     <span class='ocr_line' id='line_1_99' title="bbox 1241 2575 2126 2621; baseline -0.003 -11"><span class='ocrx_word' id='word_1_608' title='bbox 1241 2576 1337 2610; x_wconf 91' lang='lat' dir='ltr'>Haec</span> <span class='ocrx_word' id='word_1_609' title='bbox 1372 2584 1421 2611; x_wconf 89' lang='lat' dir='ltr'>est</span> <span class='ocrx_word' id='word_1_610' title='bbox 1453 2588 1589 2611; x_wconf 88' lang='lat' dir='ltr'>summa</span> <span class='ocrx_word' id='word_1_611' title='bbox 1625 2576 1766 2620; x_wconf 87' lang='lat' dir='ltr'>capitis,</span> <span class='ocrx_word' id='word_1_612' title='bbox 1809 2588 1912 2621; x_wconf 90' lang='lat' dir='ltr'>quam</span> <span class='ocrx_word' id='word_1_613' title='bbox 1954 2575 2126 2608; x_wconf 81' lang='lat' dir='ltr'>recensui.</span> 
     </span>
     <span class='ocr_line' id='line_1_100' title="bbox 1139 2624 2126 2668; baseline -0.003 -8"><span class='ocrx_word' id='word_1_614' title='bbox 1139 2624 1433 2665; x_wconf 68' lang='lat' dir='ltr'>Caeterumfdicta</span> <span class='ocrx_word' id='word_1_615' title='bbox 1450 2628 1559 2662; x_wconf 89' lang='lat' dir='ltr'>multa</span> <span class='ocrx_word' id='word_1_616' title='bbox 1576 2628 1705 2661; x_wconf 89' lang='lat' dir='ltr'>inserta</span> <span class='ocrx_word' id='word_1_617' title='bbox 1724 2634 1816 2668; x_wconf 88' lang='lat' dir='ltr'>sunt,</span> <span class='ocrx_word' id='word_1_618' title='bbox 1839 2627 2035 2660; x_wconf 88' lang='lat' dir='ltr'>doctrinam</span> <span class='ocrx_word' id='word_1_619' title='bbox 2055 2626 2126 2658; x_wconf 84' lang='lat' dir='ltr'>exi-</span> 
     </span>
     <span class='ocr_line' id='line_1_101' title="bbox 1141 2676 2126 2720; baseline -0.001 -10"><span class='ocrx_word' id='word_1_620' title='bbox 1141 2677 1247 2713; x_wconf 86' lang='lat' dir='ltr'>miam</span> <span class='ocrx_word' id='word_1_621' title='bbox 1271 2680 1473 2714; x_wconf 86' lang='lat' dir='ltr'>continent:</span> <span class='ocrx_word' id='word_1_622' title='bbox 1507 2678 1662 2714; x_wconf 87' lang='lat' dir='ltr'>Scientia</span> <span class='ocrx_word' id='word_1_623' title='bbox 1686 2679 1802 2720; x_wconf 90' lang='lat' dir='ltr'>inssat,</span> <span class='ocrx_word' id='word_1_624' title='bbox 1829 2676 1983 2712; x_wconf 90' lang='lat' dir='ltr'>Dilectio</span> <span class='ocrx_word' id='word_1_625' title='bbox 2006 2677 2126 2710; x_wconf 85' lang='lat' dir='ltr'>aedifi-</span> 
     </span>
    </p>
   </div>
   <div class='ocr_carea' id='block_1_9' title="bbox 1287 2729 1336 2765">
    <p class='ocr_par' dir='ltr' id='par_1_21' title="bbox 1287 2729 1336 2765">
     <span class='ocr_line' id='line_1_102' title="bbox 1287 2729 1336 2765; baseline 0.041 -2"><span class='ocrx_word' id='word_1_626' title='bbox 1287 2729 1336 2765; x_wconf 89' lang='grc'>69</span> 
     </span>
    </p>
   </div>
  </div>
 </body>
</html>
