2415 2942
266 94 336 130 135

269 179 427 213 monium
445 177 694 214 conscientiae,
722 174 788 208 hoc
809 175 893 207 alias
911 176 1116 208 declaratur.
1154 173 1252 209 Rur-

271 242 327 263 sus
346 230 476 269 glorio,
504 229 537 259 id
561 234 629 264 est,
656 226 826 267 gloriosae
853 226 1070 265 functiones,
1100 225 1175 257 sine
1193 238 1254 259 vo-

271 281 426 313 catione,
451 290 520 309 non
544 283 623 308 sunt
647 276 871 317 appetendae.
925 274 996 308 Nee
1023 275 1256 318 imaginemur

272 341 336 362 nos
355 328 480 360 nosti-is
499 326 631 357 viribus
655 336 708 356 res
732 325 898 357 salutares
923 336 1061 367 gerere,
1090 326 1148 358 sed
1167 326 1256 359 scia-

272 391 349 411 mus
377 389 494 408 verum
520 387 608 414 esse,
635 375 728 419 quod
749 375 795 407 ait
814 373 992 408 Christus:
1019 376 1105 409 Sine
1129 388 1182 409 me
1200 376 1255 408 ni-

272 427 322 461 hil
351 427 492 470 potestis
516 426 636 459 facere.
687 423 750 458 Est
775 425 880 467 igitur
905 426 1068 469 snperbia
1093 433 1254 469 appetere

272 478 470 510 functiones
487 477 560 509 sine
583 476 784 516 vocatione,
814 476 895 509 item
914 476 1088 510 confidere
1104 476 1255 521 propriis

273 528 417 560 xit-ibus.

374 576 466 609 llinc
483 576 630 608 iudicari
655 582 783 619 potest,
813 582 974 618 cognatas
1001 577 1146 611 virtutes
1172 589 1256 618 esse,

273 627 529 666 humilitatem,
571 634 601 659 et
628 627 758 668 gloriae
783 628 1050 672 appetitionem,
1086 629 1172 661 sicut
1198 640 1256 661 co-

275 686 398 720 gnatae
416 684 496 710 sunt
514 677 727 720 parsimonia
747 683 777 710 et
795 677 1005 718 liberalitas,
1034 685 1066 711 et
1083 685 1256 722 utranque

275 731 367 762 iuter
384 726 467 760 llaec
485 734 636 759 extrema
661 728 788 759 versari
802 754 810 766 ‚
847 728 938 759 inter
958 728 1129 769 ignaviam
1150 735 1181 761 et
1199 739 1258 761 su-

275 779 446 823 perbiam.
515 777 652 811 Dicitur
690 784 806 810 autem
842 775 1042 817 humilitas,
1085 785 1257 822 quatenus

277 842 350 862 non
369 828 499 871 appetit
516 828 714 860 fonctiones
732 828 805 859 sine
824 828 1024 870 vocatione,
1053 835 1085 860 et
1103 828 1258 869 agnoscit

279 891 377 912 snam
406 879 664 919 infirmitatem,
700 885 729 909 et
755 889 825 909 non
850 878 991 910 conlidit
1018 877 1089 910 suis
1113 877 1257 912 viribus.

278 929 402 961 Gloria
435 939 516 960 vero
540 928 669 959 dicitur
701 934 872 971 quatenns
904 927 1122 970 obtemperat
1155 940 1258 960 voca-

276 980 378 1013 tioni.
432 975 526 1019 Ergo
548 975 708 1009 Christus
732 984 822 1009 recte
847 984 879 1010 et
902 978 976 1010 siue
1001 978 1200 1020 arrogantia
1216 979 1258 1010 de

278 1042 312 1062 se
332 1027 524 1072 praedicat:
555 1025 629 1069 Ego
650 1039 725 1059 sum
744 1027 802 1059 lux
831 1033 863 1060 et
887 1028 975 1067 vita,
1002 1028 1084 1072 quia
1101 1028 1258 1070 oportuit

275 1092 355 1112 eum
379 1078 555 1111 declarare
581 1088 677 1109 suam
697 1078 935 1115 vocationem,
964 1090 1052 1121 quae
1074 1078 1176 1120 longe
1200 1089 1258 1110 su-

276 1130 420 1174 perabat
452 1128 568 1160 omnia
607 1139 711 1169 regna
741 1128 930 1160 mundana.
998 1127 1117 1171 Longe
1147 1129 1259 1161 maior

279 1180 389 1221 gloria
411 1185 482 1211 erat
501 1177 568 1210 dici
590 1185 744 1210 autorem
770 1178 947 1218 iusticiae,
984 1185 1016 1211 et
1039 1179 1129 1211 vitae
1147 1186 1259 1211 aeter-

278 1242 362 1270 nae,
396 1240 500 1273 quam
535 1227 603 1260 dici
630 1227 826 1269 Augustum
853 1227 1101 1271 Imperatorem
1136 1229 1259 1272 populi

277 1279 444 1314 Romani.
497 1277 634 1312 Rursus
663 1285 770 1315 recte,
804 1284 835 1310 et
864 1279 938 1310 sine
964 1279 1189 1312 simulatione
1216 1281 1258 1312 de

279 1342 313 1362 se
333 1329 526 1373 praedicat,
552 1341 629 1360 cnm
649 1328 711 1360 ait:
740 1327 814 1369 Ego
834 1340 908 1361 sum
924 1327 1067 1361 humilis
1086 1331 1199 1369 corde,
1227 1336 1259 1362 et

280 1392 401 1413 revera
422 1379 581 1411 excelluit
603 1376 763 1411 Christus
789 1377 851 1410 hnc
871 1379 1016 1419 virtute,
1044 1392 1131 1423 qnae
1157 1392 1259 1412 voca-

281 1438 337 1463 tur
354 1428 552 1468 humilitas,
579 1440 699 1460 omnes
716 1429 855 1470 angelos
884 1436 914 1461 et
937 1441 1058 1462 omnes
1088 1427 1259 1470 homines,

281 1481 362 1525 quia
384 1480 455 1523 ipse
473 1480 621 1523 perfecte
645 1478 743 1511 novit
766 1486 944 1512 aeternum
973 1487 1124 1523 patrem,
1153 1492 1259 1524 quare

279 1531 429 1574 perfecte.
453 1541 487 1562 se
514 1530 543 1560 ei
576 1529 734 1567 subiicit,
783 1536 816 1562 et
847 1530 985 1570 longius
1010 1542 1043 1562 se
1066 1530 1156 1562 infra
1179 1543 1257 1563 enm

279 1581 414 1619 abiicit,
460 1580 624 1621 intelligit
657 1579 764 1621 magis
795 1580 914 1612 deberi
947 1580 976 1612 ei
1010 1581 1258 1621 obedientiam,

282 1643 386 1675 qnam
415 1630 616 1671 intelligunt
644 1641 764 1661 omnes
792 1630 905 1672 angeli
935 1637 966 1663 et
990 1642 1109 1663 omnes
1145 1628 1259 1663 homi-

282 1692 360 1721 nes,
392 1692 455 1713 nec
487 1680 633 1722 despicit
663 1679 729 1711 alia
762 1692 889 1722 organa
914 1679 998 1721 Dei,
1033 1682 1092 1713 sed
1125 1681 1259 1724 ingemi

282 1743 399 1764 amore
418 1730 676 1773 complectitur,
706 1730 847 1763 adiuvat
863 1737 893 1763 et
910 1737 1038 1763 tuetur.

385 1780 478 1813 Ilaec
505 1781 586 1812 satis
619 1780 663 1813 sit
698 1780 851 1813 breviter
882 1781 1052 1824 attigisse,
1093 1787 1131 1814 ut
1161 1793 1259 1814 veras

282 1842 401 1863 causas
427 1831 632 1871 cogitemus,
670 1842 731 1862 cur
753 1831 879 1872 fugerit
902 1829 1083 1872 Christus,
1118 1832 1259 1870 scilicet,

281 1883 361 1925 quia
384 1882 515 1914 vocatio
533 1882 605 1913 eius
626 1892 696 1912 non
719 1881 853 1915 sinebat
870 1894 948 1916 euin
967 1882 1060 1924 regio
1082 1894 1178 1914 more
1196 1883 1259 1915 do—

280 1932 427 1964 minari:
458 1933 534 1963 ideo
554 1931 680 1972 singuli
702 1932 854 1970 discant,
884 1933 966 1976 qnid
992 1933 1129 1975 propria
1152 1945 1256 1965 voca-

280 1983 329 2014 tio
349 1983 509 2025 postulet.
550 1980 650 2013 ltine
669 1982 820 2023 regulam
840 1983 906 2014 iam
926 1983 1010 2015 olim
1029 1983 1258 2025 neglexerunt

280 2032 467 2075 Episcopi,
495 2039 524 2064 et
549 2032 678 2073 primae
699 2033 890 2064 vocationis
910 2034 1030 2071 obliti,
1057 2041 1089 2066 et
1104 2034 1259 2076 neglecto

280 2083 475 2115 ministerio
499 2081 700 2124 Evangelii,
728 2083 794 2113 iam
814 2089 948 2115 tantum
974 2090 1097 2126 regunt
1114 2084 1260 2126 imperia

280 2135 480 2173 mundana,
509 2139 538 2165 et
559 2139 740 2176 postquam
757 2133 913 2165 doctrina
941 2140 1085 2177 propter
1109 2146 1259 2178 occupa-

280 2184 386 2215 tionis
406 2183 629 2226 imperiorum
648 2183 800 2224 neglecta
825 2189 891 2222 est,
921 2185 1037 2224 magni
1062 2196 1198 2217 errores
1222 2185 1256 2216 in

279 2231 469 2265 Ecclesiam
487 2234 724 2275 irrepserunt,
751 2239 783 2266 et
800 2233 909 2265 multa
925 2234 1014 2266 mala
1033 2242 1258 2267 accesserunt.

281 2284 443 2324 Quorum
477 2283 754 2325 magnitudinem
778 2289 809 2315 et
836 2295 963 2327 poenas
995 2286 1153 2318 ostendet
1185 2285 1258 2318 (lies

279 2333 510 2374 novissimus,
551 2341 583 2367 et
608 2331 691 2366 haec
718 2340 855 2377 peccata
881 2334 967 2366 alias
993 2345 1093 2378 saepe
1113 2343 1145 2368 et
1168 2337 1258 2369 iuste

278 2390 450 2419 taxantur.

324 2463 527 2513 Postquam
553 2470 671 2499 aulem
697 2477 776 2499 sero
801 2465 949 2514 sactum
975 2471 1043 2506 est,
1071 2464 1257 2500 descende-

376 2521 460 2549 runt
479 2515 670 2563 discipuli,
698 2521 758 2551 ele.

344 2583 522 2619 Historica
565 2585 846 2626 considerentur,
906 2587 1094 2632 reliquerat
1146 2594 1253 2621 totam

270 2635 535 2670 multitudinem
560 2634 741 2677 Christus,
776 2643 807 2670 et
832 2645 1018 2672 secesserat
1043 2639 1182 2685 aquuo,
1209 2651 1253 2672 ne

846 91 970 128 PIIIL.
997 88 1113 128 MEL.
1139 88 1348 127 SCRIPTA
1375 88 1673 127 EXEGETICA.

2217 92 2289 128 156

1306 177 1342 210 in
1368 178 1463 221 vulgi
1485 189 1658 211 concursu
1674 175 1751 212 Rex
1777 176 2029 221 appellaretur,
2054 188 2163 223 eaque
2186 189 2226 210 ex
2251 189 2289 211 re

1306 228 1492 272 perniciosi
1512 228 1682 262 tumultus
1707 227 1895 262 orirentur.
1947 226 2120 272 Discipuli
2143 239 2226 261 vero
2253 239 2288 261 se

1307 280 1348 312 ad
1368 290 1473 312 naves
1490 278 1684 323 recipiunt,
1709 284 1748 312 ut
1774 278 1822 310 ibi
1841 278 2028 319 cubarent,
2054 285 2087 311 et
2104 278 2288 311 dominum

1307 336 1545 373 expectarent,
1572 329 1712 362 tandem
1732 328 1812 373 quia
1830 328 1858 360 is
1874 339 1946 360 non
1970 328 2082 369 adest,
2117 339 2195 361 cum
2220 327 2289 361 iam

1307 380 1470 412 tenebrae
1487 380 1774 420 intenderentur,
1798 377 1961 422 Apostoli
1981 377 2113 411 flumen
2130 378 2289 412 traiicere

1308 429 1499 473 incipiunt,
1535 429 1681 462 redituri
1707 430 1743 461 iu
1769 429 1939 473 oppidum
1963 426 2203 471 Capernaum,
2242 428 2290 460 si·

1307 487 1382 513 tum
1406 479 1442 511 in
1469 480 1543 523 ripa
1566 479 1767 515 meridiana,
1834 479 1966 512 Vident
1989 484 2105 511 autem
2125 478 2291 511 advenire

1308 527 1488 563 Christum
1518 541 1621 572 supra
1648 530 1781 562 ssumen
1813 529 2086 572 ingredientem,
2121 539 2200 561 cum
2221 528 2290 561 iam

1307 580 1407 613 navis
1428 587 1589 623 provecta
1615 586 1700 612 esset
1726 580 1836 613 stadia
1861 579 2021 622 triginta,
2056 578 2091 611 id
2119 585 2186 619 est,
2218 578 2291 611 fere

1309 630 1444 662 miliare
1471 629 1720 673 germanicum.
1779 629 1901 673 Cogita
1927 641 2007 672 ergo
2032 641 2135 673 quam
2160 628 2291 662 multae

1309 692 1454 723 magnae
1480 681 1625 713 virtutes
1649 687 1883 721 concurrunt,
1917 679 2056 719 docuit,
2083 679 2218 712 sanavit
2234 689 2291 711 ae-

1309 738 1443 773 grotos,
1486 731 1581 774 pavit
1604 730 1771 774 populum
1799 730 1875 762 sine
1900 729 2016 773 aliqua
2038 739 2156 760 rerum
2181 727 2292 772 copia,

1310 780 1465 821 secessit,
1492 793 1534 813 ue
1550 780 1627 814 Rex
1643 779 1896 824 appellaretur,
1929 790 2024 812 nunc
2041 778 2171 813 incedit
2187 789 2292 823 supra

1310 831 1456 863 flumen.

1412 880 1586 913 Postridie
1603 892 1706 913 mane
1722 880 1819 913 venit
1834 880 1985 923 populus
2003 880 2045 912 ad
2065 889 2161 912 suam
2178 878 2290 922 ripam

1311 930 1495 970 Arctoam,
1521 942 1670 974 cumque
1693 930 1820 963 scirent
1835 929 2015 963 Christum
2043 941 2115 962 non
2134 936 2292 962 avectum

1311 991 1381 1012 esse
1406 993 1483 1012 cuin
1508 978 1706 1023 Apostolis‚
1745 992 1807 1013 nec
1831 981 1935 1013 aliam
1962 980 2012 1013 ibi
2037 991 2161 1012 navem
2187 979 2294 1012 fuisse

1310 1036 1447 1073 praeter
1470 1041 1595 1070 unam,
1623 1042 1690 1074 qua
1718 1038 1817 1064 erant
1841 1031 1893 1064 usi
1913 1029 2092 1074 Apostoli,
2119 1029 2293 1063 mirantur

1311 1092 1379 1123 quo
1394 1077 1554 1112 Christus
1571 1081 1783 1118 discesserit,
1812 1093 1960 1125 cumque
1983 1080 2166 1120 dubitant,
2191 1079 2292 1112 vide-

1311 1137 1368 1163 tur
1385 1130 1706 1162 commodissimum
1724 1130 1820 1174 sequi
1832 1130 2031 1173 Apostolos,
2057 1138 2089 1164 et
2107 1141 2187 1163 casu
2205 1129 2292 1164 aliae

1311 1191 1416 1213 naves
1435 1181 1477 1212 ad
1496 1192 1570 1213 eam
1590 1180 1702 1224 ripam
1726 1180 1914 1225 applicant,
1941 1192 2028 1224 quae
2046 1193 2083 1213 ex
2093 1179 2292 1225 Tyberiade

1310 1237 1491 1264 venerant.

1413 1279 1572 1325 Cumque
1601 1279 1748 1313 veniunt
1775 1278 1816 1311 ad
1836 1275 2032 1319 Christum,
2060 1279 2213 1322 primum
2230 1279 2295 1314 ob-

1312 1331 1515 1374 iurgantur,
1561 1332 1653 1375 quod
1686 1341 1759 1362 non
1792 1336 1961 1373 quaerant
1993 1329 2140 1371 gloriam
2168 1328 2233 1363 Dei
2259 1337 2292 1365 et

1312 1383 1404 1413 bona
1421 1388 1578 1418 aeterna,
1605 1382 1663 1413 sed
1685 1378 1876 1423 praesentia
1894 1380 2088 1417 commoda,
2116 1379 2203 1413 sicut
2219 1381 2293 1413 usi-

1311 1439 1420 1464 tatum
1441 1438 1489 1464 est
1508 1429 1589 1463 huic
1607 1431 1751 1463 miserae
1778 1437 1809 1462 et
1827 1429 1985 1462 infirmae
2008 1437 2152 1462 naturae
2175 1428 2293 1463 homi-

1311 1494 1414 1522 num,
1449 1483 1557 1523 magis
1584 1481 1662 1523 angi
1683 1483 1724 1513 de
1744 1481 1855 1520 xictu,
1883 1481 1924 1512 de
1944 1480 2197 1524 tranquillitate
2214 1492 2292 1514 cor-

1312 1533 1424 1575 poris,
1463 1545 1565 1576 quam
1590 1533 1632 1564 de
1656 1531 1764 1574 gloria
1790 1529 1855 1562 Dei
1884 1536 1916 1562 et
1940 1531 1982 1562 de
2007 1531 2109 1563 bonis
2131 1531 2293 1569 aeternis,

1312 1583 1400 1615 sicut
1423 1580 1515 1615 Esau
1547 1582 1710 1625 praetulit
1741 1580 1845 1613 offam
1876 1580 1945 1612 iuri
1981 1581 2290 1623 primogeniturae,

1312 1630 1377 1665 hoc
1403 1639 1468 1673 est,
1503 1631 1707 1670 sacerdotii,
1750 1631 1844 1675 quod
1871 1637 1944 1664 erat
1972 1630 2205 1663 ministerium
2237 1631 2292 1663 di-

1313 1684 1446 1715 vinum.

1414 1732 1585 1776 Proponit
1608 1731 1715 1773 igitur
1739 1729 2034 1775 propositionem,
2069 1742 2156 1774 quae
2178 1731 2291 1764 conti-

1312 1789 1371 1816 net
1398 1783 1676 1825 obiurgationem
1707 1790 1737 1815 et
1764 1781 1971 1813 doctrinam.
2022 1779 2146 1813 Parate
2170 1782 2287 1814 cibum

1312 1845 1383 1865 non
1408 1834 1620 1876 periturum,
1662 1834 1719 1864 sed
1754 1837 1951 1863 innuentem
1984 1830 2019 1861 in
2048 1831 2153 1863 vitam
2179 1837 2290 1863 aeter-

1312 1895 1404 1927 nam,
1434 1896 1535 1927 quem
1554 1883 1645 1915 filius
1663 1881 1815 1914 hominis
1832 1881 1930 1913 dabit
1945 1880 2058 1919 vobis,
2085 1878 2178 1913 hunc
2196 1881 2290 1914 enim

1312 1941 1410 1978 pater
1435 1933 1582 1976 signavit
1607 1932 1709 1966 Dens.
1772 1931 1928 1963 Primum
1954 1931 1996 1962 de
2022 1941 2169 1972 persona
2195 1931 2291 1972 dicit,

1312 1985 1389 2028 quis
1413 1984 1466 2016 sit.
1517 1982 1652 2016 Deinde
1677 1982 1817 2025 exponit
1843 1981 1980 2025 qualem
2004 1981 2120 2013 cibum
2145 1982 2290 2015 daturus

1313 2035 1374 2073 sit,
1403 2042 1434 2068 et
1450 2041 1594 2067 testatur
1609 2045 1644 2066 se
1662 2045 1733 2065 esse
1752 2032 1915 2064 Messinm
1937 2032 2092 2063 datorem
2117 2031 2208 2064 vitae
2231 2043 2288 2065 ae-

1311 2092 1446 2125 ternae,
1473 2097 1511 2117 ac
1531 2084 1620 2116 clare
1639 2084 1765 2116 refutat
1790 2082 2047 2125 persuasionem
2065 2081 2288 2123 Iudaeorum,

1312 2136 1370 2180 qui
1398 2135 1622 2179 expectabant
1646 2134 1831 2177 imperium
1857 2132 2001 2172 mundi,
2027 2143 2090 2164 nec
2116 2131 2289 2175 intellige-

1311 2187 1414 2226 bant,
1457 2198 1520 2218 nec
1551 2185 1757 2228 expetebant
1788 2183 2027 2215 remissionem
2058 2189 2289 2225 peccatorum,

1312 2236 1484 2269 iusticiam
1497 2260 1506 2274 ‚
1533 2236 1640 2268 vitam
1659 2241 1846 2267 aeternam.
1882 2232 1961 2266 Dixi
1980 2238 2094 2265 autem
2112 2232 2287 2276 principio

1311 2287 1579 2330 descriptionem
1604 2297 1771 2330 personae
1802 2283 2054 2317 observandam
2087 2294 2170 2318 esse.
2223 2283 2286 2317 Ait

1310 2350 1344 2370 se
1360 2338 1579 2379 obsignatum
1604 2349 1622 2369 a
1642 2342 1754 2380 patre,
1782 2334 1927 2367 omnino
1953 2332 2139 2374 singularis
2156 2334 2287 2366 descri-

1311 2389 1383 2431 ptio
1407 2395 1474 2427 est,
1510 2387 1706 2427 significans
1730 2386 1822 2425 duo,
1848 2383 2027 2422 videlicet,
2055 2380 2145 2416 hanc
2167 2395 2287 2427 perso-

1310 2451 1389 2471 nam
1408 2439 1614 2471 destiuatam
1631 2448 1701 2469 esse
1719 2437 1760 2468 ad
1777 2442 1909 2468 certum
1927 2445 2054 2466 munus
2073 2445 2153 2477 prae
2169 2435 2287 2467 omni-

1309 2490 1372 2522 bus
1398 2487 1622 2528 bominibus,
1665 2493 1697 2519 et
1723 2492 1881 2519 ornatam
1907 2484 2143 2527 singularibus
2168 2485 2285 2529 donis,

1308 2540 1435 2584 quibus
1451 2539 1631 2572 antecellat
1648 2548 1769 2570 omnes
1786 2534 1956 2569 homines.

1410 2589 1514 2632 Quod
1541 2589 1632 2622 enim
1658 2585 1714 2620 hic
1737 2587 1881 2619 dicitur:
1925 2583 2162 2627 obsignatus,
2190 2584 2224 2617 id
2244 2585 2282 2618 in

1277 2639 1444 2675 *Psalmo
1477 2646 1511 2673 et
1547 2640 1639 2684 apud
1670 2636 1810 2672 Esaiam
1843 2643 1877 2670 et
1903 2635 2109 2678 Danielem,
2155 2635 2286 2670 dicitur
