2415 2942
282 111 333 149 95

286 198 358 233 ritu
381 202 522 235 nostro,
561 194 654 239 quod
679 192 787 225 simus
810 190 873 223 filii
899 188 974 224 Dei.
1024 187 1099 221 Hos
1123 194 1273 221 terrores

287 255 320 284 et
344 246 407 282 has
432 246 691 281 consolationes
715 241 888 275 nesciebat
913 243 1053 273 senatus
1076 237 1274 274 Romanu&
1300 250 1303 269 τ

288 299 432 344 Quare?
479 297 572 340 Quia
590 307 662 328 non
680 288 1150 334 assentiebaturEvangelio.
1202 289 1275 323 De-

287 351 396 396 nique
413 349 563 391 Spiritus
589 351 728 378 sanctus
752 355 823 376 non
848 350 898 376 est
922 342 1040 376 efficax
1057 342 1094 374 in
1113 339 1186 383 his,
1213 340 1276 386 qui

287 399 480 442 Evangelio
511 409 582 430 non
611 394 860 429 assentiuntur.
915 392 956 426 In
988 390 1043 426 his
1072 405 1173 433 vero,
1214 391 1276 436 qui

288 453 325 484 in
356 461 436 483 vera
467 447 682 492 poenitentia
715 445 956 479 assentiuntur
980 444 1056 476 voci
1083 442 1278 485 Evangelii,

288 500 381 534 haud
410 499 517 533 dubie
548 504 598 531 est
626 497 756 532 efficax.
825 495 920 529 Haec
951 501 999 527 est
1027 495 1221 528 testificatio
1246 499 1278 526 et

290 548 471 598 σφραγίς,
507 561 566 582 seu
591 548 764 591 sigillum,
797 547 838 579 dc
862 557 931 590 quo
957 543 1014 578 hie
1038 545 1216 590 loquitur,
1246 550 1279 576 et

289 603 410 637 unctio
422 629 431 644 ‚
458 612 547 646 quae
565 599 649 632 alias
665 599 712 631 sic
728 598 858 631 dicitur
875 598 911 628 in
927 595 1084 639 Epistola
1103 594 1258 629 loannis.

326 701 441 750 Quem
461 702 554 735 enim
573 699 673 733 misit
691 697 816 739 Deus,
846 696 952 730 cerba
971 694 1049 729 Dei
1064 694 1239 743 loquilur.

392 777 445 812 De
469 776 610 811 Christo
637 775 813 820 loquitur,
847 780 886 807 ut
909 779 940 806 ct
965 784 1068 815 supra
1094 772 1280 817 aliquoties

290 830 492 865 testificatus
518 835 583 861 cst:
612 825 719 859 lIunc
746 824 859 857 lesum
885 835 956 856 esse
976 823 1140 856 Messinm
1167 836 1184 856 a
1204 822 1278 856 Deo

291 882 455 919 missum,
480 887 511 912 et
539 878 753 911 audiendum
777 886 866 914 esse,
893 875 963 906 imo
988 875 1091 906 ctiam
1117 885 1278 906 arcanam

292 931 502 966 sententiani
529 928 681 961 addidit:
718 926 789 968 Qui
813 933 861 958 est
887 926 922 957 in
948 925 1027 957 sinu
1053 925 1178 968 patris,
1206 925 1280 968 ipse
1306 946 1307 952 ,

292 981 469 1015 enarravit
513 979 627 1013 nobis.
678 977 758 1019 Quo
791 977 885 1009 dicto
913 976 1134 1014 testificatur,
1185 973 1281 1008 hune

291 1034 396 1075 longe
422 1043 524 1074 snpra
549 1041 671 1062 omues
695 1025 889 1071 Prophetas
917 1039 1005 1066 esse,
1034 1027 1105 1059 imo
1121 1023 1280 1070 Prophe-
1305 1052 1310 1071 ·:
1529 1059 1536 1065 ,
1609 1060 1615 1066 ι
1736 1060 1743 1066 .
1770 1061 1775 1066 .
2033 1060 2040 1067 ·

1305 1076 1310 1144 Ι
1334 1065 1402 1099 est,
1442 1059 1664 1102 plenitudme
1693 1067 1836 1102 spiritus
1865 1068 1897 1093 et
1929 1067 2123 1095 vocatione.

293 1092 343 1118 tas
369 1083 411 1116 ab
431 1082 506 1126 ipso
525 1080 694 1124 accepisse
713 1078 908 1111 doctrinam
929 1079 972 1109 de
988 1089 1115 1110 arcano
1133 1077 1280 1110 consilio

292 1133 377 1174 Dei,
411 1132 591 1171 videlicet,
626 1131 668 1163 de
701 1129 917 1162 redemtione
949 1129 1086 1171 generis
1122 1125 1281 1167 humani,

295 1238 339 1269 de
362 1233 568 1268 remissione
593 1237 832 1276 peccatorum,
862 1227 952 1262 lianc
979 1229 1197 1262 voluntatem
1222 1240 1282 1272 pa-
1308 1248 1311 1257 .
1742 1265 1750 1269 ⁹
2028 1262 2034 1268 .
2100 1263 2107 1268 .
2133 1261 2141 1269 ·
2296 1261 2304 1268 .

1307 1267 1312 1298 t
1337 1268 1388 1301 te,
1416 1273 1434 1293 a
1460 1269 1624 1304 peccam,
1651 1263 1767 1295 reddit
1797 1269 2000 1306 perpetuam
2027 1269 2200 1295 iusticiam
2221 1268 2256 1295 et
2271 1274 2325 1295 vx-

294 1287 357 1320 tris
381 1285 476 1318 solus
499 1283 610 1323 filius,
641 1282 701 1326 qui
720 1281 817 1313 novit
836 1286 985 1323 patrem,
1011 1280 1166 1323 primum
1185 1291 1282 1312 reve-

294 1337 393 1371 lavit.
454 1335 505 1368 lta
530 1345 634 1377 supra
660 1333 701 1365 de
726 1344 765 1364 eo
788 1330 946 1375 Baptista
971 1330 1198 1370 concionatus
1224 1336 1284 1370 est,

295 1395 329 1422 et
357 1399 453 1420 nunc
485 1386 632 1418 eandem
657 1382 866 1416 sententiam
892 1382 963 1414 sere
988 1382 1132 1425 repetit:
1168 1380 1282 1423 Quem

295 1438 391 1472 misit
407 1436 520 1477 Dens,
546 1435 652 1468 verba
669 1434 733 1466 Dei
752 1433 928 1478 loquitur,
956 1432 1053 1465 iubet
1068 1429 1164 1464 hunc
1183 1431 1285 1464 audi-

296 1490 347 1530 ri,
375 1495 407 1521 et
430 1494 576 1521 testatur
597 1498 617 1519 a
634 1486 711 1518 Deo
733 1484 877 1517 missum
897 1495 989 1523 esse,
1018 1490 1049 1516 et
1068 1483 1227 1527 loquitur
1243 1482 1285 1514 de

296 1540 463 1573 missione
484 1537 643 1571 Messiae.
698 1534 788 1568 Nam
813 1536 855 1567 de
880 1546 919 1567 co
939 1540 1011 1566 erat
1028 1534 1199 1577 quaestio:
1228 1531 1284 1565 An

297 1588 355 1624 hic
375 1590 469 1623 lesus
492 1595 576 1621 esset
595 1586 762 1623 Messias,
792 1592 825 1618 et
848 1598 891 1617 an
917 1591 955 1617 nt
974 1583 1121 1617 Messias
1138 1583 1285 1617 audien-

298 1643 363 1675 dus
389 1647 473 1673 esset
488 1666 496 1679 ,
525 1645 555 1672 et
583 1638 739 1681 proxima
764 1637 856 1669 dicta
876 1636 1071 1679 loquuntur
1088 1636 1129 1667 ‹le
1147 1634 1288 1673 Messia,

297 1694 340 1726 de
358 1692 429 1724 filio
448 1690 530 1730 Dei,
558 1696 596 1722 ut
614 1689 719 1721 verba
737 1687 819 1719 satis
839 1686 1019 1730 perspicue
1037 1686 1236 1718 ostendunt.

375 1789 464 1825 lVon
491 1787 545 1823 {td
565 1800 774 1822 mensuram
801 1785 865 1820 dul
887 1785 993 1819 Deus
1016 1784 1209 1833 Spirilltm.

403 1869 544 1903 Scilicet
574 1867 666 1905 filio,
700 1877 802 1910 quem
832 1864 948 1907 misit,
985 1869 1023 1896 ut
1058 1863 1151 1895 enirn
1184 1874 1289 1905 snpra

300 1922 406 1955 dixit:
442 1919 492 1952 Ex
518 1916 738 1961 plenitudine
764 1916 837 1948 eius
862 1926 984 1947 omnes
1007 1913 1214 1957 accipimus,
1242 1913 1289 1945 ita

301 1984 395 2005 nnnc
412 1971 477 2003 ait:
508 1971 677 2002 donatum
696 1978 767 1999 csse
785 1965 950 2000 Messian]
969 1964 1191 2012 plenitudine
1208 1962 1290 2008 Spi-

300 2024 389 2057 ritus
414 2021 544 2061 sancti,
569 2019 720 2063 perfecta
738 2017 907 2061 sapientia
927 2023 958 2049 et
976 2016 1132 2055 iusticia,
1162 2022 1193 2047 et
1212 2015 1291 2058 qui-

303 2076 381 2107 dem
413 2071 569 2115 potentia
595 2068 832 2103 sanctificante
858 2074 887 2099 et
915 2067 1114 2099 vivificante
1139 2073 1291 2099 caeteros
1316 2097 1320 2109 ἱ

303 2131 451 2157 sanctos.
484 2121 602 2155 Moses
620 2117 743 2152 habuit
756 2118 941 2160 gloriosae·
956 2118 1187 2157 vocationem,
1206 2117 1292 2148 edu-
1316 2125 1319 2154 j

303 2176 352 2208 xit
377 2174 546 2218 populum
571 2183 611 2204 ex
630 2170 789 2214 Aegypto
804 2196 811 2203 ,
841 2176 871 2200 et
890 2169 975 2201 rexit
995 2168 1028 2199 in
1049 2169 1183 2201 deserto
1197 2194 1204 2206 ,
1233 2167 1292 2199 sed

304 2232 420 2259 tamen
439 2222 523 2256 llaec
543 2222 679 2254 vocatio
696 2232 768 2253 non
786 2220 952 2251 liberabat
968 2219 1138 2261 populum
1152 2230 1169 2249 a
1183 2225 1293 2249 morte
1318 2222 1320 2251 ζ

510 2274 646 2307 Deinde
671 2272 773 2304 etiam
802 2271 839 2302 in
864 2267 927 2301 liac
956 2276 1135 2312 praesente
1157 2268 1292 2301 iusticia
1318 2274 1321 2304 ξ

305 2283 455 2309 aeterna.

305 2327 456 2360 multum
476 2322 625 2356 habebat
646 2322 905 2355 confusionum.
959 2319 1034 2362 lpse
1051 2319 1153 2351 etiam
1175 2318 1294 2351 Moses

306 2384 442 2411 tantum
475 2373 625 2407 habebat
659 2373 832 2406 incoatum
865 2371 977 2403 lucem
1013 2377 1046 2402 et
1079 2370 1293 2411 agnitionem

306 2427 391 2465 Dei,
422 2433 454 2459 et
478 2426 650 2458 incoatam
672 2423 867 2463 iusticiam,
892 2429 925 2455 et
944 2418 1058 2453 adliuc
1076 2418 1239 2453 haerebat
1258 2422 1295 2452 in

308 2491 347 2512 eo
380 2479 502 2520 ingens
527 2474 721 2511 dubitatio,
758 2486 846 2518 qnae
870 2484 905 2505 se
931 2471 1101 2509 ostendit,
1139 2482 1216 2503 cnm
1242 2472 1295 2504 bis

308 2534 505 2578 percuteret
529 2533 675 2570 petram.
727 2524 784 2557 Sic
803 2525 845 2555 de
862 2523 1082 2565 singulorum
1101 2519 1296 2565 Propheta-

308 2592 387 2615 rum
412 2578 613 2616 vocatione‚
641 2576 735 2613 luce,
763 2575 917 2612 iusticia,
947 2573 1014 2607 dici
1042 2580 1170 2617 potest:
1201 2580 1231 2605 vt
1261 2574 1295 2605 in
1321 2580 1323 2583 '

309 2642 465 2669 summa,
499 2625 693 2672 Prophetae
726 2633 888 2658 rexerant
922 2625 1018 2657 illam
1050 2623 1230 2667 politiam,
1265 2631 1297 2655 et.

308 2681 448 2714 fuerant
478 2678 631 2713 ministri
663 2676 781 2717 verbi,
825 2677 999 2710 sonabant
1028 2674 1295 2718 promissionem

881 103 1005 138 PIIlL.
1034 101 1148 138 MEL.
1177 99 1385 136 SCRIPTA
1410 98 1711 136 EXEGETICA.

293 1186 336 1219 de
360 1183 535 1217 abolendo
559 1188 719 1225 peccato.
747 1180 789 1212 de
815 1180 1026 1212 restituenda
1043 1179 1112 1212 vita
1127 1186 1282 1218 aeterna,
1306 1145 1310 1208 ³4
1335 1161 1377 1193 ad
1395 1159 1530 1193 coloss·

2259 101 2311 139 96

1325 188 1485 233 patribus
1507 188 1690 228 traditam,
1718 195 1750 222 et
1768 189 2005 224 declarabant.
2057 187 2145 224 Erat
2161 187 2268 233 igitur
2281 189 2312 223 is

1327 241 1428 273 datus
1452 239 1606 284 Spiritus
1632 246 1772 273 sanctus
1795 240 1838 272 ad
1861 247 1989 279 certam
2013 252 2233 281 mensuram,
2267 240 2311 274 ad

1328 297 1457 324 certam
1488 291 1729 329 vocationem,
1765 290 1909 324 Samuel
1940 291 2044 334 gessit
2073 303 2127 325 res
2158 302 2311 334 magnas,

1329 342 1387 375 sed
1403 348 1518 375 tamen
1535 349 1626 375 certa
1642 353 1822 380 mensura,
1850 341 1936 375 alias
1951 342 2055 385 gessit
2063 341 2178 376 David
2191 368 2201 383 ,
2227 341 2314 375 alias

1329 390 1446 432 Elias,
1481 393 1566 426 alias
1597 391 1778 434 Ieremias,
1812 403 1937 436 magna
1972 390 2099 426 horum
2131 391 2314 426 dissimili-

1329 444 1415 476 tudo
1437 443 1514 478 suit.
1568 442 1615 477 Et
1638 444 1823 487 prudentia
1848 451 1917 482 est,
1944 455 2234 488 unumquemque
2256 442 2314 478 in·

1330 494 1486 536 telligere
1510 505 1607 527 suam
1633 506 1853 535 mensuram,
1882 507 1943 528 nec
1967 494 2087 527 conari
2111 501 2171 527 aut
2196 493 2315 526 moliri

1303 539 1305 578 Ῑ
1330 556 1385 576 res
1423 555 1528 586 supra
1567 545 1808 583 vocationem,
1862 545 1950 578 sicut
1988 544 2073 579 Saul
2111 545 2316 579 conabatur.

1302 594 1307 660 ’ἱ
1332 593 1452 637 Quare
1476 601 1508 627 et
1529 595 1572 627 ad
1596 594 1775 630 Rom.12.
1800 596 2030 640 praecipitur:
2060 594 2108 630 Ut
2124 595 2316 640 unusquis-

1332 656 1400 689 que
1420 652 1582 687 agnoscat
1605 647 1768 687 modum,
1794 658 1853 680 seu
1878 658 2078 680 mensuram
2103 645 2170 679 sibi
2188 646 2319 688 datam,

1332 707 1396 728 nec
1427 707 1531 739 supra
1557 707 1630 729 eam
1657 708 1874 737 mensuram,
1909 709 1963 730 res
1985 697 2134 730 maiores
2157 703 2316 730 conetur.

1303 761 1307 784 q
1331 744 1427 779 Ilaec
1452 747 1648 780 moderatio
1674 747 1828 780 difficilis
1853 755 1903 781 est
1925 747 2059 791 magnis
2085 746 2182 782 viris.
2248 745 2319 780 Hic

1305 804 1307 812 ¹
1334 796 1483 830 Gedeon
1515 797 1677 841 impegit,
1717 799 1907 832 constituto
1939 799 2056 838 cultu,
2091 797 2176 832 Saul
2206 797 2318 831 multo

1306 827 1307 876 l
1333 848 1486 880 tristiore
1519 848 1617 890 lapsu
1649 850 1813 892 peccavit.
1873 848 1988 882 David
2023 849 2124 881 etiarn
2149 845 2320 882 nonnihil

1305 897 1308 942 ᾖ
1333 898 1500 939 offendit,
1526 911 1604 932 cnm
1628 907 1828 933 numeraret
1853 900 2041 944 populum,
2069 899 2225 942 cogitans
2245 899 2320 932 sor-

1334 956 1421 982 tasse
1439 951 1480 982 de
1500 950 1596 992 regni
1615 950 1866 984 constitutione
1884 962 1956 983 non
1973 951 2150 985 mandata.

1436 1008 1506 1041 Sed
1531 1006 1691 1042 Christus
1724 1009 1827 1051 longe
1853 1021 1956 1053 supra
1983 1019 2105 1042 omnes
2126 1006 2322 1050 Prophetas

2176 1059 2323 1093 Habitat

1334 1110 1372 1142 in
1399 1122 1437 1142 eo
1463 1110 1630 1143 divinitas
1655 1111 1904 1154 corporaliter,
1939 1111 2027 1143 sicut
2052 1110 2169 1154 inquit
2192 1109 2323 1144 Paulus

1582 1158 1752 1194 Abundat
1777 1161 1885 1203 igitur
1908 1162 2037 1194 noticia
2053 1159 2139 1202 Dei,
2166 1167 2199 1194 et
2220 1160 2323 1194 iusti-

1308 1227 1310 1246 }
1336 1211 1400 1251 cia,
1430 1209 1535 1243 habet
1554 1217 1585 1243 et
1604 1212 1823 1244 vocationem
1841 1212 2024 1255 maiorem,
2050 1211 2177 1245 liberat
2192 1223 2212 1244 a
2227 1223 2323 1245 mor-

1338 1319 1427 1351 tam,
1458 1319 1490 1344 et
1514 1319 1551 1346 ut
1579 1310 1645 1345 hoc
1670 1313 1815 1351 efficiat,
1843 1314 1890 1346 ita
1915 1313 2073 1346 abundat
2091 1312 2229 1356 Spiritu
2243 1323 2326 1345 san-

1337 1369 1404 1401 cto,
1429 1369 1467 1395 ut
1482 1363 1659 1405 impertiat
1674 1363 1751 1396 aliis
1766 1363 1943 1407 spiritum,
1971 1363 2216 1397 accendentem
2235 1358 2327 1396 hanc

1337 1413 1449 1446 lucem
1484 1413 1521 1446 in
1548 1414 1615 1454 eis,
1650 1414 1815 1447 noticiam
1841 1413 1924 1454 Dei,
1959 1413 2133 1446 iusticiam
2161 1420 2195 1447 et
2219 1413 2325 1447 vitam

1338 1470 1552 1508 perpetuam.

1440 1521 1535 1555 Ilaec
1552 1523 1662 1565 magis
1679 1524 1831 1556 declarat
1847 1522 2004 1567 Baptista
2022 1523 2181 1568 sequenti
2197 1523 2301 1558 dicto.

1389 1630 1503 1667 Pater
1528 1630 1655 1678 diligit
1673 1630 1822 1678 filium,
1855 1637 1885 1666 et
1911 1632 2037 1667 omnia
2062 1631 2162 1666 dedit
2188 1632 2226 1666 in
2251 1644 2328 1666 ma·-

1442 1695 1511 1716 nus
1536 1695 1623 1720 ems.

1441 1760 1622 1794 Differunt
1647 1759 1806 1799 dilectio,
1835 1771 1903 1804 qua
1918 1758 2014 1793 Deus
2031 1760 2149 1803 diligit
2165 1760 2329 1804 unigeni-

1314 1820 1315 1836 ³
1340 1819 1415 1845 tum
1438 1811 1569 1850 filium,
1597 1817 1630 1842 et
1651 1810 1809 1850 dilectio,
1838 1822 1905 1855 qna
1924 1822 1988 1845 nos
2005 1811 2130 1855 diligit.
2182 1810 2255 1845 Nos
2272 1810 2331 1844 di-

1341 1862 1420 1905 ligit
1443 1868 1586 1906 propter
1609 1861 1740 1901 filium,
1769 1868 1801 1893 et
1822 1863 1976 1904 placatus
1992 1861 2067 1894 eius
2082 1868 2204 1895 morte.
2259 1861 2331 1895 Sed

1313 1921 1317 1946 ἒ,
1341 1913 1456 1946 filium
1487 1911 1604 1954 diligit
1635 1923 1709 1944 uon
1740 1917 1883 1955 propter
1912 1911 2066 1956 aliquem
2089 1911 2332 1953 mediatorem,

1315 1981 1319 2003 ᾳ
1343 1964 1401 1996 sed
1427 1974 1489 1996 sua
1512 1961 1736 1994 inenarribili
1762 1963 1920 2007 στοργῇ,
1957 1962 2039 2006 quia
2062 1974 2102 1995 ex
2126 1962 2203 2006 ipso
2227 1969 2330 1997 natus

1315 2027 1317 2032 ⁴
1345 2021 1413 2053 est,
1439 2024 1528 2056 quae
1554 2012 1695 2056 quidem
1718 2018 1814 2045 tanta
1838 2019 1907 2050 est,
1935 2019 1973 2046 ut
1996 2019 2140 2057 propter
2163 2013 2279 2057 ipsum
2297 2020 2332 2047 et

1316 2059 1317 2062 ¹
1344 2076 1409 2096 nos
1433 2063 1587 2106 recipiat.
1652 2061 1689 2096 Si
1715 2074 1895 2105 possemus
1918 2060 1977 2096 hic
1999 2064 2124 2097 stoicas
2144 2063 2330 2108 opiniones

1344 2116 1387 2147 de
1404 2114 1478 2148 Deo
1504 2114 1672 2154 afficere,
1700 2119 1734 2146 et
1758 2114 1909 2156 cogitare
1930 2126 2070 2155 verum,
2095 2121 2128 2148 et
2149 2115 2331 2148 ardentem

1317 2191 1320 2207 z
1345 2177 1500 2198 amorem
1524 2176 1595 2198 esse
1619 2165 1656 2197 in
1679 2171 1776 2208 patre
1800 2171 1961 2205 aeterum
1989 2178 2059 2210 quo
2075 2165 2188 2199 filium
2206 2165 2332 2208 diligit,

1347 2223 1379 2249 et
1398 2222 1539 2259 propter
1557 2216 1666 2248 filium
1686 2215 1794 2255 alios,
1822 2216 2036 2249 uberrimam
2055 2216 2332 2250 consolationem

1347 2265 1430 2300 haec
1455 2266 1586 2309 agnitio
1608 2266 1722 2299 divini
1739 2267 1868 2299 amoris
1885 2278 1963 2310 erga
1981 2267 2091 2300 filium
2110 2266 2212 2300 nohis
2229 2267 2333 2300 affer-

1318 2319 1322 2363 '3
1349 2324 1417 2351 ret:
1454 2319 1511 2350 sed
1538 2316 1621 2350 haec
1647 2317 1762 2350 xerbis
1786 2317 1950 2360 explicari
1974 2330 2045 2351 non
2067 2323 2231 2361 possunt,
2258 2317 2335 2361 pie-

1319 2387 1322 2416 3
1349 2376 1417 2402 tate
1434 2368 1562 2402 mentis
1578 2375 1758 2412 utcunque
1776 2380 1814 2401 ea
1833 2368 2054 2403 meditemur.
2099 2367 2257 2411 Baptista
2273 2369 2334 2401 de-

1349 2420 1456 2452 clarat
1479 2420 1548 2452 vim
1569 2419 1715 2459 amoris,
1743 2425 1776 2452 et
1794 2419 1906 2453 addit:
1936 2417 2027 2460 Quia
2046 2431 2125 2452 vere
2142 2419 2255 2462 diligit
2273 2431 2333 2462 pa-

1349 2477 1401 2504 ter
1430 2470 1561 2510 filium,
1598 2470 1676 2502 ideo
1706 2469 1824 2502 omnia
1858 2469 2004 2503 tradidit
2036 2470 2073 2503 in
2100 2481 2224 2503 manus
2248 2470 2333 2509 cius,

1321 2554 1323 2557 ,
1350 2521 1383 2553 id
1409 2527 1477 2561 est,
1504 2519 1600 2553 hunc
1620 2520 1800 2553 constituit
1819 2520 1974 2553 datorem
1996 2520 2204 2565 sapientiae,
2233 2520 2335 2553 iusti-

1351 2573 1433 2611 ciac,
1461 2572 1552 2605 vitae
1569 2578 1738 2605 aeternae.
1792 2569 1884 2604 Huic
1901 2572 2046 2605 tradidit
2064 2572 2255 2615 potentiam
2273 2572 2335 2604 de-

1351 2618 1631 2665 struendi'opera
1647 2621 1800 2662 diaboli,
1827 2628 2004 2664 peccatum
2022 2629 2055 2656 et
2069 2629 2237 2663 mortem,
2263 2628 2335 2655 tra-

1352 2673 1440 2707 didit
1455 2680 1487 2707 et
1503 2673 1696 2718 potentiam
1714 2673 1883 2715 regendae
1900 2679 1932 2706 et
1948 2671 2334 2711 servandaeEcclesiae,
