2415 2942
293 107 342 143 99

297 199 408 227 tatum
427 196 486 224 est.
525 186 607 221 Dixi
624 183 836 228 baptismum
855 176 1088 212 ceremoniam
1106 186 1179 208 esse
1195 173 1277 207 novi

301 240 517 276 Testamenti
535 237 635 271 aDeo
655 233 848 267 institutam
866 240 925 272 per
937 225 1115 266 loannem,
1134 225 1193 271 qui
1207 225 1278 270 pri-

300 305 378 327 mus
397 292 510 324 incoat
530 289 634 321 ritum
647 312 655 325 ,
683 288 800 328 postea
820 277 986 323 praecipit
1001 275 1162 311 Christus
1182 275 1280 320 Apo-

302 343 400 377 stolis
424 341 572 374 euiidem
597 337 702 369 ritum
727 331 985 366 administrare.
1038 326 1172 373 Estque
1189 327 1280 360 idem

301 394 495 436 baptismus
527 387 667 421 loannis
698 391 730 417 et
765 380 1037 426 Apostolorum,
1071 390 1109 412 ac
1142 379 1282 422 prodest

303 444 425 476 eodem
440 441 559 478 modo,
576 441 747 470 monstrat
760 430 1080 467 reconciliationem
1094 441 1154 473 per
1171 429 1281 461 silium

302 492 368 527 Dei
395 491 618 535 promissam:
648 493 679 520 et
699 484 868 530 postulat,
895 489 933 515 ut
956 480 1119 525 baptizati
1142 480 1283 512 credant

304 542 387 577 huic
404 539 649 586 promissioni,
677 544 707 569 et
727 535 906 569 credentes
924 544 1004 564 vere
1021 536 1284 575 consequuntur

305 593 549 628 remissionem
567 596 798 633 peccatorum,
823 591 857 618 et
875 583 1135 616 sanctificantur
1151 580 1287 624 Spiritu

307 651 446 683 sancto,
473 649 506 675 et
528 641 615 674 siunt
638 637 804 672 haeredes
827 635 916 668 vitae
939 640 1116 672 aeternae,
1143 637 1288 676 propter

307 692 501 728 Christum.
553 690 647 724 llaec
670 688 784 721 brevis
807 685 967 728 repetitio
994 683 1141 717 sufficiat
1158 683 1200 715 de
1226 682 1289 714 ba—

306 746 435 790 ptismo
457 743 599 777 loannis
627 748 659 773 et
675 737 939 783 Apostolorum.
980 730 984 731 ⁷

409 809 566 844 Discedit
591 814 706 841 autem
726 802 904 842 Christus,
932 801 1013 846 quia
1034 799 1199 842 intelligit
1223 797 1289 830 sibi

309 860 516 896 Pharisaeos
540 857 711 891 insidiari.
765 853 839 888 Etsi
861 850 1022 886 Christus
1046 857 1078 883 et
1096 847 1292 893 Prophetae

309 911 442 947 habent
468 921 547 944 snos
574 908 764 953 peculiares
789 905 957 947 impetus,
981 908 1097 934 tamen
1122 898 1189 933 boc
1215 899 1291 931 loco

311 961 475 997 Christus
492 961 707 1001 obtemperat
727 953 904 988 communi
931 952 1086 994 regulae:
1121 950 1160 984 Si
1183 950 1292 982 eiece-

310 1014 384 1047 rint
408 1023 468 1044 vos
488 1022 527 1043 ex
545 1021 617 1042 uno
638 1008 734 1046 loco,
764 1005 809 1038 ite
836 1004 872 1036 in
898 1003 1018 1036 alium.
1071 1001 1174 1034 Tunc
1197 1000 1292 1032 enim

310 1064 424 1109 placet
445 1060 522 1095 Deo
543 1056 745 1092 obedientia
769 1062 800 1088 et
827 1053 1020 1087 constantia
1040 1052 1076 1084 in
1093 1050 1295 1089 afflictione,

311 1126 392 1147 cum
410 1122 548 1145 necesse
570 1116 619 1142 est
642 1107 733 1152 pati,
759 1112 797 1139 ut
813 1104 936 1137 Petrus
954 1103 1087 1148 inquit:
1117 1101 1196 1134 Non
1215 1111 1294 1133 cum

312 1164 379 1208 ipsi
398 1163 501 1196 nobis
518 1161 591 1193 sine
609 1158 831 1195 necessitate,
858 1161 919 1187 aut
942 1155 1016 1186 sine
1034 1153 1217 1186 vocatione
1239 1163 1296 1183 ac-

313 1214 480 1249 cersimus
504 1211 658 1244 exitium.
718 1206 812 1240 llaec
837 1205 928 1238 enim
956 1204 1131 1237 temeritas
1154 1214 1227 1234 non
1248 1207 1296 1233 est

315 1263 536 1302 obedientia,
564 1262 620 1294 sed
642 1253 952 1303 ἐθελοθρησκεία,
977 1261 1015 1288 ut
1033 1266 1112 1287 cum
1138 1265 1173 1286 se
1197 1253 1296 1286 sode-

313 1323 393 1350 rent
411 1314 605 1348 sacerdotes
622 1310 719 1343 Baal.

315 1403 518 1454 Oporlebal
536 1408 655 1437 aulem
680 1401 798 1449 ipsum
818 1397 977 1433 transire
992 1407 1056 1444 per
1072 1394 1298 1430 Samariam.

419 1481 575 1516 Samaria
600 1486 631 1513 et
657 1477 755 1511 urbis
779 1483 809 1509 et
833 1473 985 1516 regionis
1009 1472 1144 1504 vicinae
1169 1483 1296 1504 nomen

317 1542 368 1569 est
392 1534 429 1566 in
455 1533 584 1565 finibus
613 1530 725 1563 tribus
749 1524 939 1570 Ephraim,
972 1523 1135 1555 videlicet
1164 1523 1235 1554 sere
1263 1522 1297 1553 in

317 1585 433 1619 media
456 1583 511 1615 via
538 1583 630 1614 inter
652 1578 839 1612 Ierusalem
870 1583 902 1608 et
927 1574 1141 1610 Galilaeam,
1175 1573 1241 1606 suit
1267 1579 1297 1604 et

318 1633 457 1670 Sichem
476 1645 535 1666 seu
547 1631 663 1665 Salem
681 1630 717 1661 in
734 1627 886 1661 confinio
897 1625 1058 1658 Manasse
1075 1630 1107 1656 et
1117 1621 1298 1667 Ephraim.

317 1686 390 1720 Nec
406 1684 553 1718 dubium
574 1688 679 1715 estex
696 1691 769 1721 cap.
781 1678 839 1710 48.
857 1675 981 1709 Genes.
995 1675 1042 1707 ibi
1063 1675 1177 1707 locum
1193 1673 1298 1706 fuisse

317 1739 489 1770 donatum
516 1730 659 1776 loseph,
695 1731 793 1762 aiunt
821 1735 853 1761 et
882 1726 1080 1770 sepulcrum
1110 1721 1230 1766 loseph
1259 1736 1298 1755 eo

318 1788 396 1820 loco
414 1786 529 1819 fuisse.
553 1783 643 1816 Gen.
655 1782 712 1814 33.
730 1779 907 1815 scribitur,
925 1776 1026 1808 Iacob
1042 1775 1163 1807 emisse
1178 1785 1298 1817 agrum

318 1849 429 1882 prope
445 1835 561 1869 Salem
587 1845 648 1866 seu
666 1828 804 1865 Sicbem
818 1856 827 1868 ,
853 1829 890 1860 in
909 1839 977 1872 quo
1001 1827 1108 1858 altare
1132 1825 1299 1857 condidit.

318 1887 421 1922 lianc
453 1884 593 1920 Sichem
628 1882 786 1925 plerique
809 1878 1026 1911 arbitrantur
1049 1874 1104 1908 hic
1132 1872 1299 1907 nonnihil

320 1944 483 1981 corrupta
503 1947 586 1968 voce
601 1933 669 1966 dici
688 1929 838 1977 Sychar,
864 1936 896 1962 et
914 1928 967 1960 vel
986 1928 1148 1965 eandem,
1176 1926 1231 1958 vel
1248 1925 1300 1957 vi-

320 1990 435 2022 cinam
468 1997 539 2019 esse
571 1989 863 2019 consentaneum,
898 1978 1069 2023 siquidem
1094 1977 1209 2011 vicina
1234 1975 1301 2009 fuit

319 2038 483 2084 praedio,
508 2036 601 2081 quod
619 2033 721 2067 Iacob
736 2031 879 2064 donavit
899 2026 1036 2072 loseph.

410 2105 561 2138 Yidetur
577 2109 690 2136 autem
709 2098 928 2142 Evangelista
946 2109 1018 2130 non
1035 2096 1110 2128 sine
1127 2107 1228 2128 causa
1246 2094 1302 2127 in-

323 2157 469 2191 seruisse
486 2155 551 2188 loci
567 2151 850 2194 descriptionem.
912 2147 1005 2190 Quia
1025 2159 1102 2178 cum
1122 2146 1169 2178 ibi
1188 2146 1303 2178 domi-

324 2209 445 2241 cilium
462 2205 567 2239 suerit
583 2200 828 2240 Melchisedec,
855 2205 886 2233 et
903 2197 1006 2231 Iacob
1025 2197 1072 2229 ihi
1093 2197 1200 2229 altare
1219 2208 1303 2229 con-

325 2258 474 2296 diderit,
507 2256 574 2288 loci
599 2258 803 2297 conspectus
826 2249 987 2283 excitavit
1010 2248 1168 2287 ingentes
1189 2254 1303 2279 motus

326 2310 365 2342 in
381 2305 539 2345 Christo,
567 2305 738 2347 cogitante
753 2303 796 2335 de
815 2300 921 2334 veteri
939 2298 1109 2339 Ecclesia,
1136 2304 1169 2331 et
1187 2298 1228 2330 de
1244 2309 1304 2340 pa-

325 2366 421 2393 trum
438 2357 639 2395 vocatione,
664 2355 707 2387 de
726 2350 1033 2397 promissionibus,
1060 2350 1101 2381 de
1119 2348 1304 2381 reiectione

327 2408 469 2454 populi,
497 2414 531 2440 et
549 2406 614 2439 alia
631 2405 756 2437 multa:
785 2408 928 2446 apparet
944 2400 1037 2433 enim
1056 2399 1130 2431 eius
1147 2399 1303 2432 animum

328 2472 402 2493 non
426 2458 532 2491 fuisse
554 2457 725 2495 otiosum,
759 2453 841 2499 quia
863 2452 941 2485 cibo
966 2450 1070 2483 allato
1094 2455 1211 2492 postea
1235 2448 1305 2481 frui

327 2522 402 2544 non
418 2508 544 2552 potuit.
591 2506 664 2540 Hos
682 2505 824 2538 affectus
839 2503 924 2537 utile
943 2509 993 2536 est
1007 2501 1042 2533 in
1061 2498 1202 2533 Christo
1219 2511 1305 2532 con-

329 2561 500 2600 siderare,
525 2565 564 2591 ut
588 2569 668 2590 vere
690 2567 754 2588 nos
781 2555 825 2588 ab
851 2567 891 2587 eo
917 2552 1038 2596 diligi,
1064 2557 1097 2584 et
1121 2562 1201 2583 vere
1225 2562 1303 2583 eum

328 2611 418 2644 affici
444 2609 572 2643 nostris
595 2607 695 2640 malis
720 2612 928 2644 statuamus,
955 2604 1044 2637 sicut
1062 2613 1162 2644 saepe
1185 2601 1223 2634 in
1248 2598 1306 2633 hi-

327 2661 443 2696 storiis
459 2658 643 2703 Evangelii
658 2657 787 2692 dicitur
807 2656 897 2691 affici
916 2652 1172 2693 misericordia,
1199 2663 1305 2698 quam

888 91 1013 129 PHIL.
1040 88 1155 126 MEL.
1180 87 1389 126 SCRIPTA
1416 85 1715 125 EXEGETICA.

2245 92 2318 129 100

1333 175 1509 209 interdum
1527 181 1560 208 et
1580 174 1744 220 lacrymis
1764 173 1930 210 declarat.
1978 173 2026 210 Et
2044 175 2079 210 in
2098 176 2258 221 Epistola
2274 178 2318 211 ad

1334 225 1443 260 Ilebr.
1468 225 1615 259 dicitur:
1654 225 1836 259 Habemus
1863 226 2082 269 pontificem,
2116 228 2178 273 qui
2205 234 2319 272 potest

1334 277 1485 321 compati
1510 276 1640 310 nostris
1669 275 1953 317 infirmitatibus,
1985 277 2021 311 id
2052 284 2121 320 est,
2153 279 2214 323 qui
2239 290 2319 312 vere

1335 339 1399 361 uos
1423 327 1541 369 diligit
1564 334 1598 362 et
1620 339 1699 360 vere
1721 326 1889 361 sustinuit
1913 327 2072 375 ingentes
2095 329 2235 364 dolores
2254 341 2321 364 no-

1339 386 1409 413 stra
1428 389 1543 413 causa.

1473 475 1573 511 Erat
1591 482 1711 512 aulem
1729 475 1963 526 defatigatus
1980 488 2026 513 ex
2050 477 2189 516 itinere.

1440 551 1644 587 Annotatur
1659 551 1716 586 hic
1733 554 1776 586 de
1794 553 2014 597 fatigatione,
2042 554 2104 600 qui
2126 554 2269 589 affectus
2291 561 2325 590 et

1341 616 1429 650 quae
1447 604 1667 638 infirmitates
1690 603 1822 638 suerint
1844 604 1881 637 in
1905 611 2030 638 natura
2047 603 2201 640 humana
2217 603 2325 640 Chri-

1342 656 1403 696 sti,
1431 656 1473 688 de
1498 653 1563 688 hac
1587 654 1790 699 quaestione
1812 666 1916 698 supra
1941 655 2073 689 dictum
2098 663 2149 691 est
2171 657 2208 689 in
2228 656 2322 690 loco:

1342 705 1387 740 Et
1405 705 1561 739 Verbum
1578 717 1656 738 caro
1672 705 1802 738 factum
1818 712 1880 738 est.
1924 704 1972 739 Ut
1986 706 2023 738 in
2041 704 2182 740 Christo
2198 714 2326 741 natura

1344 768 1424 790 vere
1449 754 1605 789 bumana
1631 755 1718 796 fuit,
1743 756 1803 789 sed
1826 767 1899 788 non
1923 757 2159 790 contaminata
2175 763 2326 801 peccate,

1345 808 1392 841 ita
1417 808 1561 840 suerunt
1583 807 1741 839 membra
1767 806 2012 839 convenientia
2034 813 2180 841 naturae
2198 804 2326 841 huma-

1345 869 1427 897 nae,
1452 868 1602 900 organa,
1635 856 1885 900 appetitiones,
1919 856 2080 899 affectus,
2106 864 2239 899 motus,
2266 859 2327 892 sed

1346 907 1430 941 haec
1454 909 1597 941 fuerunt
1619 908 1802 945 ordinata,
1829 907 1919 941 iusta
1947 913 1979 941 et
2003 909 2231 951 congruentia
2258 908 2327 953 legi

1346 957 1424 993 Dei,
1476 956 1522 991 Et
1543 958 1632 992 sicut
1656 958 1864 991 naturaliter
1887 965 2072 992 consumto
2093 959 2328 1001 nutrimento,

1346 1020 1456 1040 venae
1487 1009 1615 1040 samem
1650 1015 1684 1041 et
1715 1008 1808 1042 sitim
1842 1009 2011 1049 excitant,
2045 1009 2092 1042 ita
2122 1010 2330 1043 naturaliter

1349 1065 1448 1091 motu
1464 1055 1725 1091 vehementiore
1742 1059 1841 1091 nervi
1857 1065 1890 1092 et
1907 1066 2039 1093 caetera
2056 1066 2173 1093 motus
2196 1060 2330 1094 instru-

1350 1115 1466 1141 menta
1483 1108 1715 1143 delassantur.
1769 1107 1819 1141 Ita
1838 1109 1967 1143 fiebant
1981 1111 2101 1143 eadem
2118 1112 2155 1143 in
2175 1108 2329 1152 Christo,

1349 1159 1544 1196 esuriebat,
1585 1159 1741 1198 sitiebat,
1781 1159 2052 1201 defatigabatur‚
2092 1161 2173 1205 quia
2205 1167 2331 1195 natura

1351 1216 1423 1242 erat
1439 1221 1518 1241 vere
1537 1207 1702 1249 humana,
1726 1214 1759 1242 et
1776 1209 1917 1252 quidem
1935 1210 2038 1242 etiam
2055 1210 2206 1244 obnoxia
2224 1212 2330 1245 morti

1351 1268 1383 1293 et
1401 1259 1563 1297 laesioni,
1593 1261 1649 1291 sed
1670 1271 1740 1291 non
1758 1259 1995 1293 contaminata
2013 1268 2165 1304 peccato.
2212 1259 2332 1295 Habe-

1351 1311 1409 1343 bat
1440 1317 1473 1343 et
1496 1310 1584 1343 alios
1608 1309 1769 1353 affectus,
1797 1310 1856 1354 qni
1884 1310 2024 1354 proprie
2048 1318 2130 1344 sunt
2155 1311 2192 1344 in
2216 1312 2333 1354 corde,

1352 1362 1497 1393 laetatus
1525 1367 1592 1400 est,
1624 1360 1755 1399 doluit,
1793 1360 1955 1392 misertus
1987 1367 2057 1400 est,
2092 1361 2213 1395 dilexit
2243 1362 2332 1406 pios,

1352 1411 1536 1443 excanduit
1564 1411 1635 1450 ira,
1669 1410 1743 1442 odit
1769 1410 1969 1451 diabolum,
2000 1412 2060 1443 sed
2089 1409 2126 1444 hi
2157 1417 2273 1445 motus
2300 1420 2333 1446 et

1353 1459 1507 1507 στοργαὶ
1539 1462 1681 1494 fuerunt
1708 1461 1901 1493 ordinatae.
1968 1459 2032 1495 Est
2058 1468 2091 1493 et
2118 1462 2157 1494 in
2191 1462 2334 1496 caeteris

1353 1510 1557 1544 bominibus
1588 1511 1817 1544 discernenda
1842 1517 1967 1544 natura
1994 1511 2136 1545 condita
2160 1523 2179 1544 a
2204 1524 2334 1546 concu-

1356 1562 1541 1605 piscentia,
1567 1562 1600 1593 id
1622 1568 1688 1601 est,
1716 1573 1734 1593 a
1753 1562 2001 1605 depravatione
2019 1569 2051 1595 et
2067 1559 2218 1608 ἀταξίᾳ,
2245 1576 2334 1608 quae

1353 1613 1505 1646 accessit.
1557 1611 1652 1644 Haec
1683 1618 1730 1644 est
1766 1612 1923 1655 expedita
1956 1613 2136 1655 responsio
2168 1616 2212 1646 ad
2243 1611 2334 1648 hanc

1353 1663 1611 1707 quaestionem,
1639 1662 1698 1706 qni
1722 1662 1864 1695 affectus
1888 1662 1924 1694 in
1949 1660 2090 1695 Christo
2112 1663 2264 1705 fuerint,
2291 1666 2335 1697 de

1353 1725 1418 1757 qua
1456 1713 1585 1770 multae
1618 1713 1801 1757 perplexae
1833 1719 1916 1746 sunt
1953 1713 2208 1757 disputationes
2240 1716 2334 1759 apud

1353 1770 1609 1797 seutentiarios.

1522 1860 1627 1895 Dicit
1652 1861 1686 1895 ei
1701 1859 1823 1895 Iesus:
1850 1860 1919 1895 Da
1938 1859 2036 1895 mihi
2050 1861 2180 1898 bibere.

1454 1937 1524 1971 Hic
1545 1938 1761 1983 colloquium
1786 1938 1983 1972 instituitur
1999 1935 2133 1973 Christi
2151 1947 2184 1974 et
2207 1940 2335 1975 mulie-

1354 1989 1420 2030 ris,
1448 1989 1484 2021 in
1507 2001 1576 2033 quo
1601 1986 1762 2021 Christus
1788 1989 1894 2023 tradit
1918 1990 2115 2023 doctrinam
2138 1989 2336 2035 Evangelii,

1355 2048 1386 2073 et
1404 2040 1632 2072 concionatur
1648 2040 1690 2072 de
1711 2039 1894 2072 vocatione
1911 2040 2090 2085 gentium,
2116 2048 2150 2074 et
2167 2042 2337 2077 discernit

1336 2103 1338 2105 ·
1356 2097 1454 2123 vetus
1475 2096 1507 2123 et
1529 2102 1659 2123 novum
1678 2089 1964 2131 Testamentum,
1997 2090 2081 2124 item
2106 2091 2220 2126 cultus
2235 2104 2336 2128 veros

1357 2149 1387 2174 et
1404 2141 1520 2176 salsos.
1571 2140 1634 2174 Est
1650 2147 1765 2174 autem
1787 2141 1961 2184 peculiare
1977 2141 2216 2176 testimonium
2233 2144 2338 2178 mise-

1357 2192 1548 2232 ricordiae,
1575 2192 1669 2236 quod
1694 2191 1839 2224 miserae
1861 2192 2040 2225 adulterae
2057 2204 2158 2226 suum
2176 2192 2338 2237 Evange-

1357 2243 1443 2275 lium
1462 2242 1580 2282 offert,
1607 2247 1639 2275 et
1655 2239 1738 2274 hnic
1762 2253 1918 2286 expresse
1935 2242 2040 2283 dicit,
2065 2254 2138 2276 sese
2153 2255 2226 2278 esse
2241 2244 2339 2279 Mes-

1357 2293 1461 2331 siam‚
1490 2299 1523 2326 et
1538 2299 1655 2336 postea
1672 2305 1751 2326 cum
1768 2304 1806 2326 ea
1823 2293 1936 2337 pergit
1959 2293 1996 2325 in
2020 2294 2189 2337 oppidum
2201 2321 2211 2337 ,
2236 2301 2270 2330 et
2286 2296 2339 2330 ihi

1358 2344 1505 2376 biduum
1524 2350 1780 2384 commoratur,
1806 2350 1847 2377 ut
1860 2343 2067 2387 discipulam
2085 2345 2277 2386 confirmet,
2304 2354 2338 2382 et

1358 2394 1444 2427 alios
1471 2400 1567 2427 vocet
1591 2395 1631 2427 ad
1650 2392 1833 2437 Evangelii
1858 2394 1984 2429 lucem.
2035 2392 2112 2428 Hoc
2135 2395 2337 2432 testimonio

1358 2452 1391 2478 et
1408 2457 1472 2478 nos
1490 2445 1750 2485 confirmemus,
1778 2445 1926 2478 sciamus
1947 2456 2025 2477 vere
2052 2445 2160 2489 recipi
2178 2454 2337 2491 peccato-

1358 2507 1432 2534 reS,
1459 2502 1492 2529 et
1507 2494 1699 2529 Ecclesiam
1716 2506 1788 2528 esse
1805 2502 1942 2529 coetum
1968 2492 2138 2529 humilem
2161 2504 2193 2531 et
2215 2498 2337 2543 despe-

1358 2553 1470 2585 ctum,
1511 2547 1571 2580 sed
1602 2552 1760 2589 agentem
1794 2546 2044 2589 poenitentiam
2075 2553 2108 2580 et
2138 2549 2337 2583 credentem

1357 2595 1566 2640 Evangelio,
1588 2609 1652 2630 nec
1667 2597 1878 2639 alligandam
1896 2608 1968 2630 esse
1979 2594 2171 2633 Ecclesiam
2190 2600 2234 2634 ad
2244 2598 2339 2634 Pon-

1326 2677 1334 2699 ,
1357 2648 1482 2688 filices,
1505 2646 1639 2693 Reges,
1665 2646 1844 2692 Principes
1864 2653 1928 2683 etc.
