2415 2942
128 98 202 136 909
405 93 503 130 x111.

128 183 297 218 Subditus
320 186 392 214 esto
415 178 509 221 Deo,
543 187 575 214 et
603 191 703 224 spera
738 179 776 212 in
804 191 856 213 eo.
917 179 1054 213 Deinde
1083 187 1114 215 et

556 96 593 130 3.
622 92 920 129 ENARRATIO
948 93 1101 130 EPIST.
1129 93 1275 130 PAULI
1303 91 1370 128 AD
1397 91 1658 130 ROMANOS.
1710 92 1814 131 CAP,
1845 94 1887 131 V.

2088 97 2160 131 910

1271 180 1322 214 Ac
1339 187 1499 214 teneatur
1514 179 1714 213 discrimen
1727 178 1992 225 philosophicae
2010 188 2042 215 et
2053 179 2156 216 Cbri-

126 232 383 267 consolationes
399 232 650 274 adiungamus,
676 242 826 276 quarum
849 230 988 275 aliquae
1013 238 1046 265 et
1075 244 1113 265 ex
1169 232 1300 264 stianae
1319 231 1515 275 patientiae.

128 283 182 317 his
208 283 339 323 causis,
364 294 450 327 quas
481 281 660 323 recensui,
692 281 868 315 oriuntur.
942 279 988 315 Ut
1016 282 1109 314 enim

126 342 156 368 et
179 334 328 367 velimus
351 332 610 373 obedientiam,
651 333 746 377 quod
779 331 868 364 velle
902 339 952 365 est
987 333 1111 373 virtus,

125 396 213 430 quae
244 384 450 418 nominatur
483 382 677 423 Patientia,
719 388 753 416 et
777 382 859 415 laeti
887 389 1108 425 expectemus

124 437 275 478 exitum,
304 446 442 468 necesse
465 441 515 468 est
541 434 578 467 in
592 432 747 467 adversis
764 432 885 465 videre
905 433 1040 477 aliquas
1057 446 1110 467 res

123 487 253 527 bonas,
284 485 415 520 scilicet
442 485 660 519 voluntatem
681 482 748 517 Dei
772 484 920 524 bonam,
944 495 1108 528 praesen-

128 537 212 571 tiam
230 535 314 578 Dei,
340 536 511 569 auxilium
527 535 614 576 Dei,
642 535 776 568 bonum
797 534 913 567 finem.

224 586 315 621 Cum
334 585 418 620 haec
439 587 533 620 bona
556 585 734 619 cernimus
757 585 795 617 in
818 585 992 625 adversis,
1019 584 1107 617 inci-

123 637 241 682 pimus
265 638 385 683 aliquo
410 637 516 670 modo
540 636 630 670 velle
653 632 745 669 hanc
767 636 1007 669 obedientiam
1025 647 1107 680 pro-

122 695 201 732 pter
216 687 330 722 Deum
343 715 353 729 ‚
379 694 414 722 et
429 699 502 720 non
518 693 655 721 tantum
670 697 792 720 sumus
816 687 853 720 in
880 687 1020 727 dolore,
1046 688 1104 719 sed

122 739 190 772 fide
214 746 249 772 et
272 751 332 783 spe
349 738 582 781 vivificamur,
608 743 642 771 et
671 737 791 782 aliquo
813 738 920 771 modo
944 737 1024 770 laeti
1048 749 1105 770 ex—

121 795 300 832 pectamus
327 790 469 822 exitum.
511 787 599 822 Nam
617 787 811 821 consolatio
829 789 932 822 debet
949 789 1104 833 aliquam

121 840 307 880 laetitiam,
334 839 646 885 quantulacunque
671 845 738 879 est,
766 839 804 872 in
831 841 935 873 corde
960 839 1105 871 efficere.

121 889 193 922 lam
225 890 270 924 sit
304 890 341 923 in
378 897 566 934 conspectu
599 889 789 922 discrimen
820 890 1103 924 consolationum

120 937 445 984 philosophicarum
463 947 496 974 et
519 938 810 983 theologicarum.

380 1030 468 1055 Loci
487 1031 729 1062 philosophici
748 1034 844 1056 sunt:

172 1093 204 1125 1.
232 1090 440 1125 Necessitas.

195 1168 203 1177 ,
231 1140 393 1185 Dignitas
412 1142 565 1178 virtutis.

195 1218 204 1227 .
233 1191 333 1226 Bona
348 1192 572 1226 conscientia.

196 1270 202 1277 .
228 1241 411 1286 Exempla,

194 1321 202 1329 .
231 1292 375 1328 Utilitas
398 1293 569 1334 aliorum,
596 1300 635 1327 ut
658 1293 694 1326 in
714 1294 853 1329 militia.

227 1343 380 1378 Collatio
408 1351 610 1379 eventuum.

167 1142 202 1380 9³01th

396 1434 483 1458 Loci
502 1434 707 1466 theologici
731 1435 826 1457 sunt:

190 1523 196 1530 .
222 1494 435 1536 Necessitas,
459 1496 642 1537 videlicet,
669 1496 723 1529 lex
741 1502 776 1529 et
797 1494 935 1528 iusticia
953 1493 1030 1532 Dei.

190 1572 197 1581 .
225 1545 388 1589 Dignitas
413 1547 564 1580 virtutis.

189 1623 197 1632 .
224 1596 324 1630 Bona
342 1597 566 1630 conscientia.

230 1646 406 1681 Remissio
427 1654 646 1689 peccatorum
665 1653 696 1679 et
713 1646 965 1681 reconciliatio.

230 1696 376 1740 Agnitio
395 1697 610 1740 praesentiae
630 1697 695 1729 Dei
712 1704 744 1730 et
762 1697 885 1729 auxilii
903 1697 1030 1730 divini.

228 1748 315 1792 Spes
337 1748 568 1790 mitigationis
593 1754 626 1781 et
651 1747 871 1781 liberationis
894 1746 1032 1787 finalis,
1061 1756 1094 1782 et

265 1799 452 1833 invocatio.

226 1847 404 1893 Exempla.

226 1899 366 1934 Utilitas
382 1899 546 1933 aliorum.

224 1949 376 1984 Collatio
393 1957 594 1984 eventuum.

208 1999 441 2035 Considerata
473 2008 590 2035 autem
623 2000 804 2035 communi
842 2001 1003 2035 doctrina
1048 2002 1091 2035 de

110 2050 284 2086 Patientia
307 2058 339 2085 et
369 2052 693 2093 consolationibus,
737 2052 896 2096 gradatio
929 2053 966 2086 in
995 2059 1091 2086 textu

111 2101 238 2136 melius
261 2102 487 2145 intelligetur.
538 2102 740 2136 'l'ribulatio
763 2103 942 2143 videlicet,
977 2110 1090 2137 totum

110 2151 177 2186 hoc
195 2164 284 2186 onus
307 2152 528 2186 miseriarum
553 2154 590 2186 in
608 2151 765 2187 Ecclesia
787 2154 991 2197 patientiam
1016 2155 1090 2187 effi-

109 2203 171 2243 cit,
200 2203 363 2237 videlicet
386 2203 423 2236 in
449 2202 520 2242 his,
549 2204 610 2249 qui
634 2211 784 2238 cernunt
808 2205 937 2238 bonam
955 2205 1090 2238 ‘volun-

108 2260 213 2288 tatem
228 2253 315 2295 Dei,
333 2260 366 2288 et
385 2255 616 2299 praesentiam
631 2252 698 2288 Dei
717 2255 754 2288 in
771 2256 946 2297 adversis,
972 2263 1005 2289 et
1022 2257 1088 2289 fide

109 2311 140 2337 et
157 2315 216 2348 spe
233 2305 337 2338 erecti
355 2312 453 2339 sunt:
478 2312 517 2339 ut
537 2306 574 2338 in
593 2304 729 2338 Davide
752 2306 932 2348 exulante‚
959 2320 1032 2340 non
1051 2308 1088 2340 in

108 2353 289 2399 Epicureis
315 2363 375 2390 aut
408 2356 444 2389 in
469 2355 590 2390 Saule:
625 2353 663 2389 hi
692 2368 770 2390 cum
786 2363 922 2391 tantum
947 2360 1090 2393 videant

108 2405 216 2446 mala,
243 2419 315 2440 non
339 2414 422 2441 sunt
445 2408 625 2451 patientes.
687 2406 734 2441 Ut
757 2408 864 2451 igitur
885 2409 930 2442 sit
951 2409 1086 2452 patien-

109 2455 175 2496 tia,
201 2468 337 2490 necesse
354 2465 422 2497 est,
449 2466 487 2491 ut
513 2458 711 2502 praeluceat
728 2458 888 2493 doctrina
905 2461 949 2492 de
964 2461 1088 2502 causis,

109 2518 216 2550 quare
231 2506 381 2541 Ecclesia
397 2509 550 2542 subiecta
574 2509 620 2543 sit
642 2509 831 2545 aerumnis.

163 1497 200 1783 aaeww*

162 1849 197 1986 509051

108 2569 195 2601 quae
217 2559 341 2603 accipit
368 2560 691 2595 reconciliationem
726 2566 760 2594 et
789 2561 901 2595 cernit
922 2573 1086 2606 praesen·
1108 2568 1110 2604 ξ
1139 2564 1331 2598 tellectum.

106 2609 190 2644 tiam
208 2607 291 2650 Dei,
311 2616 345 2644 et
367 2620 443 2654 spes
467 2623 556 2657 quae
582 2617 739 2656 expectat
763 2612 932 2646 auxilium
949 2619 982 2648 et
997 2613 1085 2647 libe·
1108 2641 1110 2656 ,
1138 2615 1277 2648 docebit
1294 2626 1385 2648 eum.

1107 2663 1111 2702 ἒ
1140 2673 1213 2708 tus,
1240 2665 1358 2711 qualia
1378 2664 1466 2699 scit?

105 2659 289 2695 rationem.

1112 2141 1117 2328 Ι

884 2510 969 2544 Item
991 2511 1086 2555 θόρε,
1109 2496 1112 2541 ,¹
1139 2513 1248 2547 tiam?
1274 2513 1478 2546 Ablactatos
1494 2524 1511 2544 a
1533 2512 1631 2547 lacte.

1269 304 1518 350 philosophica
1542 307 1709 350 patientia
1738 314 1788 341 est
1814 320 1885 341 non
1906 308 2019 341 facere
2033 317 2154 342 contra

1166 357 1337 390 iusticiam
1357 364 1415 390 aut
1435 357 1520 390 alias
1537 358 1682 391 virtutes
1698 359 1826 392 fractos
1845 359 1984 399 dolore,
2006 366 2044 393 ut
2063 358 2150 393 Cato

1164 408 1245 441 facit
1265 415 1386 441 contra
1410 408 1605 448 iusticiam,
1633 409 1714 453 quia
1741 416 1884 452 propter
1906 410 2065 442 dolorem
2082 411 2150 443 sibi

1163 459 1332 491 conscivit
1349 465 1511 500 mortem.
1566 458 1733 492 Aristidis
1759 460 1885 493 tolerat
1912 460 2058 493 iniurias
2088 473 2149 505 pa-

1163 509 1308 550 tienter,
1337 516 1368 542 et
1387 516 1427 542 ut
1445 509 1548 542 dolor
1564 509 1682 554 aliquo
1707 511 1813 543 modo
1838 510 2008 550 leniatur,
2037 523 2149 556 quae-

1162 560 1206 592 rit
1236 560 1321 592 alias
1343 571 1462 592 causas
1489 571 1528 592 ex
1562 557 1634 600 his,
1671 572 1756 605 quas
1784 561 1959 594 recensui:
1997 574 2147 605 quarum

1161 611 1349 654 praecipua
1369 616 1439 651 est,
1466 609 1566 643 Bona
1587 611 1821 652 conscientia,
1849 619 1881 645 et
1905 609 1989 644 haec
2015 613 2146 656 qualis-

1160 674 1297 706 cunque
1317 661 1483 705 patientia
1502 667 1612 705 potest
1631 673 1702 694 esse
1725 662 1800 695 sine
1826 674 1885 706 spe
1911 662 2030 695 auxilii
2050 673 2083 696 et
2103 664 2145 696 li—

1160 712 1362 747 berationis,

1258 786 1325 821 Sed
1347 786 1514 831 patientia
1533 784 1736 820 Christiana
1764 792 1832 828 est,
1854 798 1927 820 non
1952 786 2066 819 solum
2086 786 2142 818 ni-

1159 835 1209 870 hil
1234 845 1354 871 contra
1381 838 1498 871 Deum
1520 838 1632 870 facere
1663 838 1790 871 fractos
1823 838 1965 878 dolore,
1999 844 2037 870 ut
2061 837 2144 870 facit

1159 887 1254 927 Saul,
1272 890 1329 921 sed
1350 895 1399 922 est
1415 889 1535 933 aliquo
1547 889 1652 921 modo
1671 888 1760 921 velle
1772 888 2024 928 obedientiam,
2042 888 2142 930 agni-

1158 939 1253 972 tione
1269 940 1383 973 bonae
1402 939 1595 972 voluntatis
1615 938 1681 972 Dei
1708 946 1741 973 et
1768 939 1984 983 praesentiae
2001 937 2084 979 Dei,
2110 947 2143 972 et

1158 986 1222 1023 hac
1245 990 1312 1023 fide
1337 997 1369 1024 et
1395 1001 1455 1034 spe
1483 990 1605 1023 auxilii
1631 989 1745 1023 divini
1775 996 1807 1023 et
1832 989 2054 1023 liberationis
2079 987 2142 1022 ha-

1158 1041 1239 1073 bere
1256 1053 1316 1074 cor
1331 1041 1544 1075 vivificatum
1563 1041 1671 1074 verbo
1692 1039 1774 1081 Dei,
1799 1040 1865 1079 ita,
1893 1048 1932 1075 ut
1955 1040 2073 1085 aliqua
2095 1039 2141 1073 sit

1157 1092 1288 1125 laetitia
1304 1092 1469 1124 minuens
1487 1092 1662 1125 dolorem:
1691 1099 1729 1124 ut
1746 1090 1861 1124 David
1888 1091 1924 1124 in
1945 1091 2049 1124 exilio
2067 1091 2141 1124 vult

1157 1143 1275 1187 aliquo
1294 1145 1398 1176 modo
1416 1143 1653 1176 obedientiam
1674 1149 1816 1186 propter
1832 1140 1960 1184 Deum,
1978 1148 2009 1175 et
2028 1153 2141 1186 quan·

1156 1205 1261 1236 quam
1288 1194 1464 1236 ingentem
1488 1193 1646 1226 dolorem
1673 1193 1891 1233 circumfert,
1921 1200 2036 1227 tamen
2063 1204 2142 1224 seu-

1156 1245 1195 1276 tit
1214 1245 1321 1277 verbo
1350 1245 1519 1277 vivificari
1544 1256 1622 1284 cor,
1647 1251 1683 1277 ut
1707 1244 1825 1289 aliqua
1848 1243 1891 1278 sit
1915 1243 2048 1277 laetitia
2074 1243 2139 1275 uii-

1155 1306 1267 1328 nuens
1294 1295 1465 1328 dolorem.

1402 1399 1592 1436 Patientia
1627 1402 1890 1448 probationem.

1256 1472 1293 1506 ld
1316 1480 1380 1510 est,
1409 1472 1577 1516 patientia
1598 1473 1702 1506 efficit
1728 1474 2023 1517 explorationem,
2051 1484 2140 1517 quae

1151 1525 1303 1558 ostendit
1334 1525 1437 1556 fidem
1469 1535 1542 1556 non
1568 1535 1640 1555 esse
1669 1524 1889 1564 simulatam,
1922 1525 1980 1557 sed
2012 1535 2140 1564 veram,

1152 1575 1267 1606 vivam
1291 1580 1323 1606 et
1347 1575 1541 1607 ardentem.
1602 1571 1769 1607 Ostendit
1795 1581 1910 1607 autem
1938 1574 2081 1607 afflictio
2105 1582 2136 1607 et

1150 1626 1227 1657 aliis
1244 1632 1274 1658 et
1295 1625 1397 1657 nobis
1416 1624 1515 1668 ipsis,
1532 1624 1635 1657 fidem
1655 1637 1726 1656 non
1745 1625 1941 1658 simulatam
1961 1636 2042 1660 esse.
2086 1625 2138 1658 Ac

1149 1677 1192 1707 de
1214 1676 1365 1708 aliorum
1392 1675 1592 1708 testimonio
1617 1687 1686 1708 non
1707 1683 1756 1709 est
1774 1688 1862 1719 opus
1885 1676 2137 1710 declaratione.

1150 1725 1239 1760 Cum
1266 1726 1326 1758 alii
1358 1726 1498 1763 vident,
1525 1736 1623 1758 senes
1645 1726 1817 1770 sapientes
1842 1727 1947 1759 malle
1975 1725 2138 1766 interfici,

1148 1789 1253 1822 quam
1285 1776 1436 1809 abiicere
1468 1777 1744 1817 confessionem,
1786 1777 2044 1811 ratiocinantur
2078 1788 2137 1810 eos

1149 1840 1227 1860 vere
1247 1825 1313 1860 hoc
1330 1827 1477 1866 sentire,
1506 1828 1600 1872 quod
1620 1828 1848 1870 profitentur,
1877 1840 1956 1861 nam
1974 1828 2050 1861 sani
2069 1826 2133 1861 ho-

1148 1879 1259 1911 mines
1283 1890 1355 1911 non
1372 1878 1503 1912 vellent
1527 1885 1597 1912 tam
1614 1878 1726 1912 tristia
1753 1879 1823 1922 pati
1848 1886 1991 1924 propter
2014 1879 2135 1912 inanes

1146 1930 1294 1963 fabulas.

1247 2004 1332 2038 Plus
1349 2010 1462 2037 autem
1482 2010 1551 2045 est,
1579 2004 1672 2049 quod
1698 2016 1776 2038 cum
1803 2016 1876 2039 non
1898 2003 2078 2038 deficimus
2097 2005 2134 2038 in

1144 2056 1417 2094 afflictionibus,
1453 2066 1518 2088 nos
1550 2055 1615 2099 ipsi
1649 2056 1820 2089 sentimus
1850 2057 2065 2089 incrementa
2100 2062 2133 2090 et

1144 2106 1442 2145 consolationem,
1484 2113 1600 2140 motus
1631 2105 1785 2149 Spiritus
1819 2107 1929 2140 sancti
1965 2113 1997 2140 et
2033 2118 2132 2150 prae-

1144 2158 1290 2192 sentiam
1313 2156 1400 2197 Dei,
1427 2156 1518 2190 sicut
1541 2156 1672 2190 Paulus
1691 2157 1825 2202 inquit:
1852 2157 2006 2202 Spiritus
2023 2157 2134 2191 inter-

1144 2210 1250 2253 pellat
1269 2220 1331 2253 pro
1349 2208 1453 2241 nobis
1468 2208 1654 2250 gemitibus
1674 2209 1985 2243 inenarrabilibus.
2024 2207 2130 2243 Item:

1144 2258 1336 2303 Accepistis
1364 2259 1528 2302 spiritum
1559 2259 1760 2302 adoptionis
1792 2259 1946 2292 filiorum
1974 2259 2132 2292 claman-

1143 2318 1212 2344 tem
1236 2309 1338 2343 Abba
1364 2308 1487 2348 Pater‚
1532 2310 1594 2354 qui
1627 2311 1686 2343 dat
1716 2310 1957 2343 testimonium
1990 2310 2132 2353 spiritui

1142 2369 1276 2395 nostro.
1333 2358 1379 2394 Et
1402 2357 1543 2394 Nabum
1575 2360 1704 2403 primo:
1740 2359 1861 2393 Bonus
1888 2360 2065 2394 Dominus
2100 2367 2133 2394 et

1142 2412 1343 2445 confortans
1368 2411 1404 2443 in
1422 2411 1478 2444 die
1497 2411 1754 2451 tribulationis,
1783 2419 1814 2444 et
1841 2423 1968 2444 curans
1985 2423 2130 2455 speran-

1140 2469 1190 2496 tes
1217 2464 1254 2495 in
1275 2463 1402 2506 ipsum.
1453 2459 1579 2495 Esaiae
1603 2461 1683 2496 28.:
1715 2460 1829 2504 Quem
1853 2463 1992 2496 docebit
2017 2463 2130 2495 scien-

1684 2511 1787 2546 ltem:
1817 2512 1962 2546 Vexatio
1993 2515 2051 2546 dat
2076 2513 2130 2545 in-

1383 2562 1487 2597 Item:
1512 2560 1661 2595 Erudiet
1678 2574 1756 2595 eum
1784 2563 1818 2595 in
1838 2564 1969 2597 iudicio
1984 2562 2078 2596 Deus
2098 2570 2131 2596 et

1437 2611 1636 2647 Ecclesiast.
1652 2613 1727 2647 30.:
1766 2613 1836 2658 Qui
1855 2627 1927 2648 non
1946 2622 1993 2648 est
2018 2621 2129 2648 tenta-
