2415 2942
335 95 376 106 aa

281 100 377 136 1000

284 183 494 230 prolixiores
528 186 559 212 et
592 175 823 211 accuratiores
858 172 1127 206 commentarios
1162 169 1292 203 etiam·

281 246 382 269 suum
402 234 515 264 locum
535 237 565 262 et
582 241 679 262 suam
699 227 836 259 laudem
854 222 947 256 haud
968 223 1074 255 dubie
1092 221 1183 265 apud
1209 220 1266 253 in-

283 285 478 326 telligentes
496 287 526 313 et
545 287 634 312 recte
652 278 846 311 iudicantes
863 275 904 307 sit
927 272 1122 306 habiturus.

394 332 544 365 'l'alibus
568 338 598 363 ct
625 328 785 373 pluribus
809 326 887 358 aliis
908 323 1120 366 argumentis
1138 321 1268 365 impul-

286 396 342 418 sus
363 395 458 421 sum,
488 388 524 414 ut
543 379 708 422 neglectis
734 389 854 410 eorum
881 374 1190 410 incursationibus,
1209 371 1269 416 qni

285 434 411 469 alienis
427 433 564 475 scriptis
581 429 646 463 boc
660 428 790 461 infelici
809 426 924 459 seculo
941 426 1037 469 quasi
1050 418 1270 469 ἑφεδρεύον-
1295 440 1297 451 a

287 498 359 525 τες,
400 482 654 516 obtrectatione
688 477 980 523 praestantiorum
1019 475 1269 519 qualicunque,

288 546 419 569 nomen
445 533 511 565 sibi
529 539 559 564 et
579 531 784 574 applausum
811 533 1001 573 quaeruut,
1028 523 1093 558 boc
1116 532 1272 567 tempore
1296 520 1298 552 ἔ

290 584 385 619 bunc
404 584 565 629 quamvis
583 581 824 624 imperfectum
854 575 1182 611 commentariolum
1209 585 1274 616 pu-
1297 596 1300 633 ἱ

288 638 475 674 blicarem,
513 634 606 678 quod
633 643 715 664 sane
739 631 867 663 sactum
893 628 1011 660 suisset
1037 633 1069 658 et
1095 623 1274 668 tempesti-
1298 639 1300 648 ν

291 688 370 720 vius
389 692 420 719 et
444 684 572 724 tutius,
600 690 631 716 et
656 682 778 715 utilius
799 677 912 713 adbuc
929 678 1004 721 ipso
1022 673 1200 721 Philippo
1221 674 1274 706 vi-
1300 685 1301 704 1

292 743 414 776 vente,
450 736 548 768 cuius
575 732 766 778 praesentis
791 729 958 763 autoritas
986 727 1157 761 efficacius
1180 736 1275 758 com—

292 788 459 821 mendare
484 784 550 818 boc
577 784 742 830 scriptum
762 781 900 814 Lectori
927 779 1105 822 potuisset.
1155 776 1277 820 Neque

295 851 358 882 ego
377 837 518 882 quidem
545 834 776 868 animadverti
805 842 981 875 unquam,
1008 829 1120 873 ipsum
1147 824 1278 860 abhor-

292 901 369 922 rere
385 889 428 920 ab
444 886 597 920 editione
617 882 720 917 buius
739 884 790 916 sui
811 882 939 925 operis.
995 880 1063 914 Sed
1086 878 1166 923 quia
1186 875 1275 910 mibi
1303 882 1305 888 ’

293 949 432 982 semper
454 948 530 981 spes
555 942 646 975 erat,
674 935 768 972 sore,
796 940 834 966 ut
854 933 910 974 id,
939 931 1033 976 quod
1056 927 1278 973 explicationi
1304 936 1305 947 ¹

294 989 466 1023 secundae
498 986 676 1031 Epistolae
707 981 823 1017 adbuc
854 985 968 1022 deest,
1014 980 1205 1024 aliquando
1237 979 1280 1011 ab
1305 984 1307 991 ‘

292 1047 414 1074 autore
439 1038 649 1071 adiiceretur
668 1062 677 1076 ‚
721 1034 843 1067 distuli
875 1032 1037 1065 consulto
1070 1031 1279 1063 editionem:
1306 1054 1308 1067 ,

297 1091 433 1123 Ὗεπυῐῐ]
452 1100 549 1128 cum,
576 1094 732 1129 utsupra
749 1085 881 1117 dictum
901 1091 961 1123 est,
990 1080 1178 1125 Philippus
1193 1077 1282 1112 mihi
1306 1073 1308 1077 ⁸

297 1140 463 1185 privatim
489 1137 676 1182 explicanti
701 1136 880 1179 aliquibus
904 1132 1080 1177 Epistulas
1103 1130 1283 1168 Paulinas,
1307 1134 1309 1159 ἶ

297 1191 390 1225 lianc
421 1190 645 1233 scriptionem
684 1186 916 1226 instituisset,
959 1190 992 1216 et
1027 1181 1112 1215 haec
1146 1182 1282 1225 privata

300 1242 462 1275 exercitia
488 1246 627 1279 nostra,
656 1239 745 1271 sicut
770 1244 801 1269 et
829 1235 986 1279 publicas
1005 1244 1146 1277 operas,
1175 1232 1284 1264 inter-

301 1293 476 1327 turbasset
502 1291 577 1323 lues
604 1289 737 1333 pestilis
764 1286 870 1321 1552.
899 1296 1025 1328 cogens
1047 1296 1110 1316 nos
1130 1282 1283 1324 Torgam

302 1343 482 1380 secedere,
516 1340 599 1373 talia
630 1346 747 1383 postea
780 1345 937 1380 tempora
968 1342 1000 1368 et
1025 1343 1094 1367 tarn
1128 1333 1284 1378 inquieta

307 1399 491 1427 consecuta
523 1397 621 1430 sunt,
664 1396 714 1422 tot
746 1386 1023 1431 profectionibus
1053 1384 1178 1428 partim
1204 1383 1288 1426 ipse,

305 1444 432 1488 partim
462 1443 565 1474 ambo
590 1440 749 1484 impediti
771 1439 918 1474 suimus,
951 1443 989 1468 ut
1016 1433 1289 1468 commentarius

303 1496 347 1527 ab
366 1501 503 1532 autore,
530 1493 614 1524 dum
635 1491 736 1528 vixit,
764 1487 932 1531 compleri
956 1486 1167 1530 nequiverit.
1221 1484 1289 1517 Vi-
1315 1499 1316 1535 ἐ

311 1557 386 1578 suni
407 1551 523 1577 tamen
542 1548 591 1574 est
612 1540 773 1585 plurimis
790 1537 1007 1577 consultum,
1024 1543 1062 1569 ut
1079 1535 1196 1579 potius
1211 1546 1289 1567 mu-
1315 1545 1317 1575 4

310 1596 396 1629 tilus
423 1594 564 1632 edatur,
593 1604 696 1636 quarn
722 1600 865 1634 prorsus
890 1588 1142 1630 supprimatur.
1201 1584 1292 1618 Fure

308 1645 403 1679 enim
430 1644 571 1677 aiebant
603 1641 686 1675 hacc
716 1643 788 1684 ipsa
819 1640 1014 1681 fragmenta
1043 1644 1137 1679 grata
1162 1635 1293 1675 multis,
1317 1643 1319 1676 ]

307 1708 397 1741 quae
420 1695 569 1739 priorem
596 1692 790 1736 Epistolam
814 1697 940 1729 totam,
975 1696 1007 1721 et
1031 1688 1203 1720 secundae
1225 1685 1292 1719 tria
1317 1677 1320 1732 ἰ

308 1747 422 1791 capita
440 1746 476 1778 in
500 1742 564 1777 bac
583 1744 654 1787 ipsa
674 1742 844 1776 brevitate
863 1739 995 1782 egregie
1014 1738 1200 1772 illustrent.
1318 1742 1321 1776 3

413 1796 539 1830 Sciunt
582 1801 698 1828 autem
742 1791 976 1834 intelligentes
992 1816 1000 1830 ,
1041 1789 1132 1821 inter
1171 1798 1295 1821 omnes

311 1847 415 1882 Pauli
433 1846 629 1891 Epistolas‚
655 1843 719 1877 has
747 1855 834 1888 quae
861 1843 901 1873 ad
921 1837 1126 1874 Corinthios
1148 1839 1297 1882 scriptae
1319 1824 1322 1879 l

313 1905 414 1939 sunt,
448 1909 487 1930 ac
513 1896 716 1940 praesertim
742 1894 914 1938 priorem,
948 1897 1091 1938 propter
1114 1900 1296 1922 causarum

312 1960 400 1995 quas
427 1954 568 1987 tractat,
595 1954 629 1980 et
655 1944 901 1990 quaestionum
921 1942 963 1974 de
985 1942 1113 1986 quibus
1138 1951 1299 1984 pronun-

318 2001 388 2033 ciat
404 1998 556 2037 Paulus,
580 1997 804 2035 varietatem,
832 1993 1052 2026 obscuriores
1070 2003 1157 2031 esse,
1185 1997 1217 2023 et
1243 2001 1299 2022 re-

314 2051 459 2096 quirere
477 2048 650 2081 eruditam
670 2045 927 2080 enarrationem
941 2071 950 2083 ,
978 2054 1082 2087 quam
1108 2042 1170 2075 etsi
1189 2041 1300 2073 fateor

314 2114 354 2135 ex
370 2101 523 2133 aliorum
537 2098 748 2131 doctissimis
761 2094 1066 2129 lucubrationibus
1081 2092 1171 2125 sumi
1189 2102 1300 2139 posse,

315 2160 432 2185 tamen
453 2150 626 2182 affirmare
642 2148 767 2187 ausim,
784 2146 880 2190 pium
901 2145 1062 2176 lectorem
1081 2143 1182 2175 etiam
1198 2140 1302 2174 buius

315 2202 430 2246 scripti
443 2201 590 2233 lectione
608 2200 650 2231 ad
668 2198 795 2231 rectius
811 2195 1056 2237 intelligendas
1069 2193 1167 2226 Pauli
1181 2193 1300 2236 dispu-

316 2253 465 2286 tationes
482 2258 513 2283 et
534 2250 776 2294 responsiones
791 2244 957 2279 nonniliil
976 2245 1134 2277 adiutum
1152 2243 1206 2283 iri,
1222 2250 1254 2276 et
1274 2242 1302 2276 si

317 2300 408 2335 nibil
426 2302 542 2341 aliud,
571 2307 661 2333 certe
687 2300 740 2332 vel
770 2297 975 2332 brevitatem
1000 2293 1105 2327 huius
1123 2305 1304 2327 commen—

319 2354 418 2392 tarii,
447 2363 567 2384 omnes
595 2352 743 2391 otiosas,
782 2362 819 2381 ac
845 2346 1105 2390 intempestivas
1131 2344 1304 2377 declama-

323 2403 437 2436 tiones
454 2403 730 2444 praecidentem,
756 2400 988 2444 probaturum
1009 2408 1092 2428 esse.

421 2451 535 2493 Quam
556 2460 668 2485 autem
690 2452 737 2484 sic
756 2451 821 2483 boc
845 2456 1000 2492 tempore
1025 2447 1091 2490 piis
1114 2445 1305 2479 necessaria

323 2510 357 2536 et
373 2502 470 2535 utilis
489 2503 588 2535 lectio
610 2501 788 2545 Epistolae
806 2498 1007 2544 praesertim
1026 2497 1155 2544 prioris
1172 2497 1213 2529 ad
1234 2496 1306 2529 Co-

325 2551 499 2594 rintbios,
527 2554 756 2595 experiuntur
772 2552 842 2591 illi,
870 2549 929 2595 qui
946 2549 1121 2581 intuentes
1140 2544 1227 2580 banc
1244 2547 1307 2580 tri-

328 2604 514 2637 stissimam
544 2601 895 2641 saciemEcclesiae‚
938 2599 1026 2632 serio
1061 2597 1183 2631 dolore
1211 2609 1307 2631 com-

323 2660 528 2693 moventur,
556 2660 588 2686 et
605 2663 686 2686 suae
711 2651 904 2684 moestitiae
929 2661 967 2683 ex
992 2649 1098 2682 verbo
1116 2647 1186 2681 Dei
1211 2648 1307 2682 miti-

950 83 1196 121 ErtSTOL.-x
1223 79 1627 118 NUNCUPATORIA.

2200 81 2295 118 1056

1316 168 1491 212 gationem
1515 174 1699 213 quaerunt.
1770 167 1859 211 Quis
1888 181 1968 204 vero
1993 177 2042 204 est
2067 181 2148 204 sana
2175 177 2293 205 mente

1318 219 1513 264 praeditus,
1540 218 1596 252 cui
1613 225 1646 251 et
1664 219 1784 262 religio
1803 226 1833 252 et
1851 226 1989 253 aeterna
2008 222 2098 254 salus
2115 233 2216 255 curae
2233 228 2295 262 est,

1318 270 1377 315 qui
1405 281 1476 302 non
1503 266 1741 309 cohorrescat,
1785 269 1956 312 aspiciens
1989 269 2071 304 baec
2098 273 2291 315 praesentia

1317 321 1462 352 vulnera
1480 326 1511 352 et
1529 320 1680 364 pericula
1702 319 1902 353 Ecclesiae?
1945 319 1989 354 Ut
2007 322 2098 354 enirn
2114 321 2204 355 nibil
2224 324 2292 355 iam

1318 371 1476 403 dicamus
1491 371 1534 403 de
1552 368 1711 403 hostibus
1723 369 1804 403 Filii
1825 370 1898 411 Dei,
1927 370 2054 403 Tuccis
2071 378 2103 404 et
2123 373 2209 413 aliis,
2234 374 2295 418 qui

1320 433 1359 454 ex
1387 420 1540 464 professo
1566 420 1741 453 Ecclesiae
1766 421 1896 454 bellum
1931 421 2106 461 inferunt,
2149 429 2180 455 et
2205 425 2294 456 exci-

1321 472 1418 504 dium
1435 471 1632 505 minautur:
1667 472 1760 504 ineo
1786 479 1904 512 coetu,
1933 473 1991 516 qui
2011 470 2141 506 Christi
2169 485 2297 506 nomen

1322 522 1524 566 profitetur,
1570 528 1602 555 et
1634 522 1774 556 titulum
1805 520 1979 554 Ecclesiae
2004 523 2113 566 gerit,
2149 524 2299 558 maxima

1323 580 1353 606 et
1374 573 1612 615 potentissima
1631 585 1727 615 pars,
1755 573 1882 605 florens
1901 573 2090 616 sapientia,
2119 573 2301 616 dignitate,

1299 654 1300 657 ,
1324 623 1470 667 opibus,
1498 631 1529 656 et
1557 624 1667 665 gloria
1693 624 1893 656 ordinariae
1916 623 2160 662 successionis,
2195 637 2302 669 purae

1325 674 1504 708 doctrinae
1522 672 1704 716 Evangelii
1724 675 1890 707 acerrime
1913 675 2137 714 adversatur,
2172 683 2205 709 et
2223 687 2300 708 cum

1326 725 1371 758 sit
1396 724 1528 767 polluta
1558 725 1746 768 multiplici
1774 725 1955 765 idolatria,
1996 727 2082 758 adeo
2111 727 2202 759 ferre
2231 738 2305 760 non

1327 781 1441 832 potest
1468 775 1576 807 taxari
1604 786 1701 808 suam
1726 776 1958 819 impietatem,
1982 783 2020 808 ut
2037 776 2205 820 exquisita
2223 789 2306 821 sup-

1327 826 1512 870 pliciorum
1534 826 1751 859 immanitate
1766 839 1841 859 earn
1860 827 2026 867 stabilire,
2042 833 2076 860 et
2093 827 2208 860 delere
2223 828 2305 861 fun-

1328 877 1422 909 ditus
1449 888 1570 909 verum
1597 876 1811 910 intellectum
1836 877 2015 911 doctrinae
2033 878 2207 915 coelestis,
2236 879 2306 913 imo

1304 948 1306 979 3
1329 938 1469 960 omnem
1506 939 1607 959 usum
1648 925 1933 971 propheticorum
1971 935 2003 961 et
2037 929 2308 972 apostolicorum

1306 1010 1307 1028 ἶ
1329 978 1537 1021 scriptorum
1558 977 1624 1020 piis
1640 989 1678 1010 ex
1700 978 1862 1011 manibus
1881 985 2084 1023 extorquere
2102 986 2259 1014 conetur.

1434 1028 1490 1060 Ab
1519 1025 1574 1061 bis
1606 1029 1887 1071 persecutoribus
1918 1029 2091 1067 veritatis,
2128 1029 2214 1062 salso
2243 1031 2309 1063 sibi

1331 1079 1473 1113 titulum
1491 1076 1668 1112 Ecclesiae
1690 1079 1954 1122 arrogantibus,
1982 1080 2154 1124 premitur
2176 1081 2311 1125 reliqua

1308 1161 1310 1171 ,
1332 1131 1453 1172 exigua
1479 1130 1690 1170 multitudo,
1725 1142 1813 1174 qnae
1839 1141 1957 1162 vocem
1984 1130 2049 1163 Dei
2072 1130 2311 1174 incorruptam

1309 1208 1311 1224 z
1334 1180 1575 1224 amplectitur,
1611 1187 1642 1213 et
1665 1180 1859 1222 legitimum
1881 1180 2186 1214 sacramentorum
2211 1193 2313 1215 usum

1335 1231 1483 1269 retinet,
1518 1230 1590 1273 ipsa
1622 1231 1784 1268 inermis,
1819 1231 2013 1271 imbecilla,
2045 1232 2218 1275 dispersa,
2249 1233 2315 1266 ali-

1336 1282 1418 1314 cubi
1447 1288 1561 1314 tamen
1592 1281 1734 1314 nidulos
1766 1293 1846 1314 snos
1877 1287 1909 1314 et
1940 1282 2138 1315 defensores
2170 1280 2317 1325 habens,

1336 1331 1407 1365 [bi
1426 1339 1458 1364 et
1476 1331 1540 1363 sub
1559 1332 1686 1376 quibus
1703 1338 1795 1364 tutos
1811 1343 2015 1375 congressus
2038 1333 2076 1365 in
2098 1333 2239 1376 publico
2262 1347 2318 1367 ce-

1339 1383 1469 1421 lebret,
1497 1394 1584 1426 quae
1601 1394 1678 1415 cum
1698 1394 1777 1414 vere
1792 1383 1835 1416 sit
1851 1380 2006 1415 Ecclesia
2031 1390 2062 1416 et
2078 1383 2228 1427 populus
2242 1384 2320 1426 Dei,

1341 1433 1377 1465 in
1396 1444 1464 1476 quo
1483 1429 1576 1464 baud
1597 1433 1701 1465 dubie
1718 1432 1818 1465 multi
1836 1439 1916 1465 sunt
1933 1434 2065 1474 renati,
2093 1440 2125 1466 et
2141 1434 2318 1470 domicilia

1340 1483 1405 1517 Dei
1423 1507 1433 1520 ‚
1470 1494 1548 1515 curn
1576 1483 1650 1526 ipso
1677 1483 1802 1516 victuri
1828 1484 1863 1515 in
1890 1490 2029 1516 aeterna
2056 1486 2322 1527 consuetudine,

1342 1541 1459 1566 tamen
1477 1539 1528 1566 tot
1546 1543 1577 1566 et
1596 1533 1702 1566 tantis
1727 1534 1993 1566 confusionibus
2010 1540 2043 1567 et
2064 1535 2236 1568 scandalis
2260 1538 2321 1569 de-

1342 1585 1515 1617 formatur
1539 1590 1632 1616 totus
1661 1589 1796 1621 coetus,
1830 1591 1869 1617 ut
1893 1581 1984 1616 nibil
2011 1584 2173 1618 videatur
2205 1587 2322 1621 minus

1344 1645 1434 1672 esse,
1462 1645 1566 1677 quam
1586 1634 1677 1678 quod
1698 1634 1888 1677 profitetur.

1446 1683 1534 1716 Nam
1559 1684 1586 1716 si
1612 1685 1655 1717 ad
1680 1685 1844 1718 docentes
1867 1685 2050 1729 respicias,
2076 1685 2195 1719 videas
2218 1699 2324 1732 quos-

1319 1777 1321 1785 Ι
1345 1736 1425 1767 dam
1452 1734 1505 1766 vel
1530 1734 1743 1774 ambitione,
1771 1736 1825 1768 vel
1850 1736 2104 1776 aemulatione,
2131 1737 2185 1769 vel
2208 1738 2324 1771 curio-

1320 1816 1322 1821 ,
1347 1786 1448 1819 sitate
1472 1785 1668 1818 doctrinam
1698 1797 1939 1830 corrumpere,
1982 1793 2015 1820 et
2049 1787 2134 1820 falsa
2165 1788 2326 1831 dogmata

1346 1837 1510 1870 audacter
1527 1847 1705 1879 spargere,
1732 1843 1792 1870 aut
1814 1837 2038 1880 pertinaciter
2055 1837 2166 1878 tueri,
2190 1839 2327 1884 aliquos

1347 1899 1420 1920 non
1438 1887 1630 1919 necessaria
1655 1887 1845 1921 certamina
1870 1899 1982 1920 serere
2006 1895 2039 1922 et
2062 1888 2180 1921 fovere
2202 1889 2327 1934 impla-

1349 1937 1522 1971 cabilibus
1555 1937 1647 1970 odiis
1665 1964 1674 1978 ,
1716 1936 1866 1982 Aliquos
1894 1938 2101 1981 religionem
2140 1939 2328 1981 inflectere,

1349 1989 1478 2031 fingere
1504 2000 1543 2021 ac
1571 1988 1739 2031 refingere
1763 1989 1806 2020 ad
1836 1995 1961 2022 nutum
1986 1995 2018 2022 et
2043 1989 2249 2034 cupiditates
2273 1992 2329 2025 vel

1349 2039 1606 2080 Doininorum,
1634 2039 1690 2071 vel
1711 2045 1872 2072 coetuum
1884 2067 1892 2078 ,
1920 2051 2071 2084 quorum
2087 2040 2233 2083 gratiam
2250 2041 2332 2086 plu-

1351 2091 1400 2123 ris
1416 2089 1567 2127 faciunt,
1596 2101 1700 2134 quam
1718 2090 1865 2133 gloriam
1881 2091 1949 2124 Dei
1967 2097 2000 2123 et
2022 2091 2177 2124 veritatis
2202 2103 2330 2137 propa-

1352 2141 1548 2184 gationem,
1573 2137 1723 2185 Aliquos
1742 2152 1823 2173 vero
1842 2141 2046 2174 universum
2063 2141 2111 2182 id,
2138 2143 2231 2186 quod
2250 2155 2330 2177 vera

1353 2191 1512 2224 docendo
1537 2197 1782 2230 extruxerunt,
1818 2203 1956 2224 morum
1981 2192 2137 2232 licentia,
2163 2199 2195 2225 et
2217 2194 2331 2238 turpi-

1355 2242 1477 2276 tudine
1495 2241 1586 2274 vitae
1603 2253 1723 2275 rursus
1744 2243 1932 2275 destruere.
1973 2241 2020 2274 Hi
2038 2243 2138 2275 naevi
2156 2245 2332 2288 conspecti

1356 2294 1393 2326 in
1416 2291 1541 2325 ordine
1568 2292 1808 2336 profitentium
1827 2292 2022 2326 doctrinam
2040 2292 2241 2334 coelestem,
2259 2306 2332 2328 non

1356 2349 1501 2388 possunt
1518 2354 1589 2375 non
1609 2344 1815 2378 contristare
1832 2343 1926 2386 pios,
1954 2349 1988 2377 et
2005 2343 2134 2377 multos
2155 2345 2199 2378 ab
2214 2343 2333 2379 Evan-

1355 2393 1437 2438 gelii
1453 2393 1568 2427 studio
1585 2394 1730 2427 reddere
1749 2394 1946 2427 alieniores.

1459 2442 1598 2478 Rursus
1615 2445 1644 2476 si
1660 2446 1702 2477 ad
1721 2445 1898 2478 auditores
1915 2443 2035 2477 oculos
2054 2451 2254 2485 convertas,
2281 2447 2335 2479 vi-

1359 2495 1458 2528 debis
1481 2494 1660 2537 religionis
1686 2502 1719 2529 et
1740 2493 1911 2528 libertatis
1933 2491 2155 2529 Christianae
2176 2497 2337 2530 foedissi-

1359 2557 1454 2578 mum
1473 2546 1639 2584 abusum,
1667 2551 1882 2579 contemtum
1899 2551 1932 2578 et
1955 2545 2207 2587 neglectionem
2225 2549 2336 2582 sancti

1359 2596 1559 2633 ministerii,
1585 2593 1862 2640 disputationum
1879 2595 2139 2639 profanitatem,
2166 2599 2337 2642 direptio-

1360 2658 1439 2680 nem
1477 2647 1653 2679 bonorum
1689 2645 1884 2688 Ecclesiae,
1925 2646 2213 2690 ingratitudinem
2257 2659 2336 2693 erga
