2415 2942
303 100 395 137 1071

405 182 457 217 Ex
481 180 547 215 linc
574 178 730 222 exemplo
756 175 1006 221 Apostolorum
1031 175 1167 209 discant
1188 185 1284 207 nunc

306 247 443 282 quoqne
463 232 639 276 praecipui
658 229 845 267 Doctores,
878 238 922 259 iie
945 227 1135 270 cupiditate
1154 225 1285 268 gloriae

308 294 363 320 aut
392 283 565 327 potentiae
593 281 846 318 accendantur,
883 278 941 310 sed
967 277 1179 311 antecellant
1207 275 1286 309 aliis

308 335 509 374 tolerantia,
538 340 571 366 et
597 331 713 365 studio
739 328 961 363 humilitatis.

411 409 450 443 lii
477 409 598 441 eodem
625 406 757 450 capite,
792 415 871 437 cum
898 403 965 435 iam
992 401 1161 447 relinquit
1184 411 1288 444 gene-

310 463 417 496 ralem
437 458 714 492 admonitionem
739 457 781 487 de
801 454 969 497 sapientia
994 451 1165 492 bumana,
1199 458 1230 484 et
1252 451 1289 483 iii

310 513 422 556 specie
441 511 565 543 delicta
584 508 753 553 quaedam
770 502 1036 539 Corinthiorum
1057 510 1171 536 taxare
1189 501 1289 534 insti-

312 564 396 601 tuit,
433 560 608 604 praefatur
630 570 665 591 se
693 557 889 590 rediturum
914 567 1005 592 esse,
1043 554 1070 586 si
1095 554 1222 597 possit,
1258 558 1291 584 et
1315 580 1316 583 ,

312 612 511 656 superbiam
528 610 750 654 quorundam
769 618 840 639 sese
858 605 1125 642 admirantium,
1154 603 1214 647 qui
1231 609 1291 636 aut
1315 598 1317 635 l

313 665 472 697 libertate
514 663 727 698 abutuntur,
771 663 829 690 aut
870 661 1037 700 spargunt
1079 653 1293 696 corruptelas

314 716 538 756 dogmatum,
566 722 681 744 coram
701 708 949 750 castigaturum
975 716 1057 739 esse.
1109 702 1155 737 Et
1173 703 1294 737 attexit

313 765 434 799 utilem
453 761 679 796 sententiam:
709 758 870 800 Regnum
891 755 955 788 Dei
980 767 1051 787 non
1078 766 1149 787 esse
1172 765 1294 797 garru-
1316 768 1319 786 z

316 817 448 849 litatem
472 811 772 855 disputationum,
800 815 832 841 et
857 808 958 839 ludos
976 806 1128 848 ingenii,
1155 811 1194 837 iit
1211 811 1294 837 tnnc

316 865 444 903 Stoici,
475 862 655 906 Epicurei,
684 859 904 897 Academici,
938 857 1119 889 certabant
1139 854 1296 898 argutiis,

317 924 350 950 et
370 917 404 948 in
425 913 577 948 Ecclesia
603 911 752 944 multum
779 909 847 942 suit
872 915 905 941 et
929 907 996 940 erit
1015 906 1296 951 disputationum

316 965 516 999 inutilium:
555 963 614 995 sed
631 973 703 994 esse
722 960 934 1004 potentiam,
962 958 997 990 id
1014 964 1081 997 est,
1109 956 1296 990 efficaciam

315 1015 400 1058 Dei,
423 1014 594 1047 iiico-antis
611 1013 646 1045 in
666 1012 770 1045 corde
788 1022 910 1043 verum
933 1009 1098 1042 timorem
1125 1014 1157 1040 et
1181 1017 1298 1039 veram
1321 1015 1324 1030 t

315 1067 493 1100 fiduciam.

420 1139 515 1173 Haec
536 1137 596 1171 ubi
617 1143 695 1169 sunt
709 1161 717 1174 ‚
746 1141 876 1167 rectum
901 1133 1070 1166 iudicium
1097 1137 1146 1164 est
1163 1130 1300 1171 mentis,
1322 1137 1324 1150 1

319 1193 356 1226 in
372 1189 599 1225 discernenda
624 1186 814 1219 necessaria
835 1185 994 1217 doctrina
1014 1196 1030 1215 a
1048 1194 1119 1215 non
1140 1193 1299 1214 necessa-
1322 1186 1324 1194 '

319 1244 382 1276 riis
401 1239 716 1284 disputationibus,
743 1244 780 1269 ut
799 1236 877 1279 pius
895 1234 1026 1267 Doctor
1041 1234 1126 1266 dicit
1152 1234 1195 1264 de
1219 1243 1299 1264 vera

319 1293 499 1335 agnitione
515 1289 601 1329 Dei,
624 1290 666 1321 de
686 1299 765 1320 vera
785 1286 1025 1325 invocatione,
1057 1285 1099 1316 de
1117 1283 1301 1326 poeniten-
1322 1304 1325 1319 Ι

321 1345 390 1381 tia,
419 1344 461 1375 de
481 1342 567 1378 fide,
595 1340 638 1371 de
663 1338 763 1370 lionis
786 1336 969 1379 operibus,
998 1337 1041 1367 de
1059 1341 1197 1366 aeterna
1225 1333 1302 1374 glo·
1323 1354 1325 1362 1

322 1395 373 1427 ria
402 1400 434 1426 et
463 1390 613 1425 aeternis
641 1388 772 1432 poenis.
828 1386 930 1418 Alius
954 1386 1084 1417 rixator
1107 1383 1243 1428 quaerit
1262 1394 1301 1414 ex

323 1444 498 1478 veteribus
534 1440 660 1474 Stoicis
694 1438 836 1483 aliquod
871 1436 1162 1474 deliramentum,
1206 1433 1301 1477 quod

323 1496 444 1527 miscet
479 1490 692 1533 Evangelio,
735 1486 917 1520 contendit
953 1486 1071 1518 omnia
1108 1483 1301 1517 necessario

322 1545 415 1581 fieri,
445 1550 504 1576 aut
531 1541 647 1574 nullos
671 1539 797 1571 debere
822 1537 858 1569 iii
884 1534 1028 1569 bomine
1045 1535 1189 1568 affectus
1214 1545 1302 1566 esse:

322 1602 381 1629 aut
406 1593 504 1635 tingit
530 1604 568 1624 ex
588 1591 733 1623 Platone
758 1588 954 1620 animarum
981 1586 1203 1629 purgationes
1227 1589 1304 1627 post
1327 1603 1330 1633 ὲ

322 1651 492 1682 mortem,
518 1653 606 1686 quae
625 1640 826 1673 liberandae
844 1638 914 1670 sint
935 1636 1126 1669 sacrificiis:
1155 1641 1213 1667 aut
1238 1635 1304 1665 fin-

323 1696 373 1739 git
389 1693 595 1727 Accidentia
616 1692 690 1724 sine
714 1690 868 1722 subiecto
888 1688 924 1719 in
943 1687 1135 1721 mutatione
1151 1684 1250 1729 panis
1267 1684 1305 1715 in

324 1746 444 1779 Coena
472 1743 636 1777 Domini:
681 1747 740 1773 aut
765 1739 865 1781 fingit
892 1738 928 1770 in
956 1736 1109 1770 Ecclesia
1144 1742 1306 1779 oportere

324 1796 431 1839 recipi
452 1793 611 1838 politiam
622 1790 826 1824 Mosaicam.
881 1789 1046 1832 Denique
1062 1786 1191 1819 infiniti
1208 1785 1306 1817 suro-

325 1858 380 1879 res
413 1852 494 1878 sunt
524 1841 829 1886 disputationum,
871 1839 931 1884 qui
964 1845 1099 1871 tantum
1134 1842 1309 1881 quaerunt

325 1896 509 1932 materias.
544 1895 586 1926 de
611 1893 739 1937 quibus
762 1891 941 1930 rixentur,
975 1900 1047 1921 non
1072 1886 1202 1920 liabent
1229 1896 1310 1918 vera

325 1946 488 1981 exercitia
506 1942 766 1981 poenitentiae,
793 1940 911 1981 Fidei,
941 1938 1194 1977 invocationis,
1219 1935 1310 1969 Cru-

327 1998 395 2037 cis,
440 1996 476 2028 in
511 1994 639 2039 quibus
671 2004 750 2024 vera
782 1992 840 2024 lux
873 1991 1085 2024 accenditur.
1137 1988 1232 2021 Haec
1261 1993 1312 2020 est

327 2058 462 2082 summa
487 2045 605 2091 quarti
626 2043 759 2087 capitis.

1330 1768 1333 1802 l

703 2189 838 2242 Caput
891 2187 947 2227 V.

434 2302 474 2335 In
500 2301 623 2346 quinto
647 2299 758 2342 capite
786 2297 853 2329 iam
882 2296 919 2328 in
944 2294 1054 2339 specie
1082 2301 1218 2328 accusat
1252 2296 1315 2328 ab-

331 2364 434 2386 usum
469 2351 658 2390 libertatis,
698 2349 828 2382 scilicet
855 2348 898 2379 de
923 2358 988 2385 eo,
1038 2346 1098 2390 qui
1128 2357 1314 2378 novercam

333 2406 489 2435 duxerat.
544 2400 607 2434 Est
633 2400 781 2433 omnino
810 2405 937 2430 tetrum
964 2397 1173 2439 exemplum.
1226 2395 1315 2429 Nam

333 2462 367 2486 et
395 2451 534 2485 Etliiiici
566 2451 813 2492 improbarunt
841 2448 927 2481 tales
956 2447 1241 2487 commixtiones,
1278 2453 1318 2480 ut

333 2515 411 2536 cum
440 2509 535 2544 pater
558 2500 726 2533 Seleucus
749 2500 822 2532 filio
848 2493 1029 2531 Antiocho
1060 2497 1160 2530 cessit
1190 2509 1317 2530 nover-

332 2565 406 2586 cam
440 2550 670 2584 Stratonicen
694 2549 862 2583 Demetrii
896 2549 1016 2582 filiam.
1078 2546 1124 2581 Et
1157 2545 1316 2580 Theseus

331 2604 418 2637 diris
436 2606 582 2635 devovet
598 2602 706 2633 filium
723 2599 970 2644 Hippolytum,
990 2605 1201 2635 accusatum,
1219 2598 1313 2641 quod
1343 2601 1345 2614 ²

332 2653 539 2687 solicitasset
574 2660 760 2683 novercam
787 2648 982 2682 Phaedram
1010 2649 1054 2682 ad
1084 2655 1261 2692 stuprum.
1342 2654 1347 2687 1,

893 89 1018 126 PIIIL.
1045 87 1162 124 MEL.
1188 87 1397 124 SCRIPTA
1424 84 1726 124 EXEGETICA.

2217 88 2314 126 1072

1432 170 1596 218 Cumque
1615 171 1869 217 Apostolorum
1893 180 2050 220 tempore
2072 172 2228 210 Ecclesia
2253 175 2315 209 de-

1304 175 1312 249 i
1334 224 1483 258 formata
1506 224 1551 257 sit
1573 224 1702 257 talibus
1727 224 1868 266 naevis,
1893 226 2082 268 cogitemus
2106 227 2211 261 etiam
2238 226 2316 259 aliis

1336 275 1555 319 temporibus
1585 286 1685 318 posse
1709 275 1819 308 multa
1849 281 1936 308 tetra
1959 277 2113 319 exempla
2142 277 2316 317 accidere,

1337 337 1401 358 iiec
1424 333 1605 369 propterea
1630 324 1830 358 deficiamus
1853 336 1872 358 a
1891 325 1984 365 Deo,
2007 327 2066 359 sed
2093 328 2315 371 deploremus

1338 376 1575 409 infirmitatem
1600 382 1776 416 nostram,
1802 382 1836 409 et
1857 376 1991 408 diaboli
2008 376 2152 410 insidias
2166 404 2174 418 ,
2202 385 2235 412 et
2251 389 2317 421 gu-

1338 427 1541 459 bernatores
1567 427 1739 469 corrigere
1762 438 1799 459 ea
1823 427 1997 461 studeant.

1441 476 1531 510 Cum
1548 483 1663 510 autem
1674 474 1851 510 Corinthii
1869 483 2032 521 putarent
2050 476 2169 510 audita
2188 476 2320 509 doctri-

1314 535 1386 560 ⁴iia
1421 528 1592 560 libertatis
1619 525 1860 567 Christianae,
1901 527 2004 560 etiam
2042 528 2132 570 leges
2166 526 2320 570 coniugii

1341 579 1500 611 laxaiitas
1526 589 1616 618 esse,
1650 577 1780 610 Paulus
1807 585 1944 611 revocat
1963 589 2021 611 eos
2039 579 2082 611 ab
2100 575 2166 611 lioc
2189 588 2322 617 errore,

1342 636 1373 662 et
1398 630 1518 667 docet,
1554 637 1734 675 praecepta
1758 629 1907 661 moralia
1926 635 1958 661 et
1980 629 2152 661 naturalia
2177 634 2319 661 aeterna

1342 686 1376 712 et
1396 679 1537 711 immota
1556 690 1640 712 esse.
1692 678 1800 721 Leges
1823 679 1984 719 divinae,
2013 691 2103 726 quae
2130 676 2323 723 probibent

1343 730 1627 763 commixtionem
1666 735 1839 762 certarum
1881 741 2110 773 personarum
2150 740 2210 762 seu
2244 739 2324 772 gra-

1317 796 1318 801 =
1344 782 1454 812 diiiim
1471 807 1479 819 ,
1505 787 1586 812 sunt
1611 779 1702 821 leges
1727 780 1877 812 sancitae
1897 780 1933 812 in
1954 788 2096 819 natura,
2123 791 2208 825 quas
2230 777 2326 812 Deus

1318 845 1319 849 ¹
1345 831 1422 863 vult
1445 837 1536 863 ratas
1553 836 1584 862 et
1604 836 1786 872 perpetuas
1811 841 1894 863 esse.

1947 830 2065 872 Quare
2083 829 2178 864 Deus
2195 829 2324 874 inquit:

1345 880 1548 915 Cananaeos
1566 887 1709 923 propter
1727 880 1872 914 incestas
1895 881 2060 914 libidines
2078 881 2197 924 puniri
2216 887 2249 913 et
2264 881 2326 913 de-

1348 932 1430 969 leri,
1465 931 1599 963 etiamsi
1624 938 1726 969 tune,
1761 943 1839 962 ciim
1864 931 1917 963 illi
1943 943 2087 974 corpora
2113 943 2172 964 sua
2198 930 2328 964 talibus

1349 982 1537 1016 sceleribus
1559 981 1837 1014 contaminarent
1851 1007 1860 1019 ,
1895 981 1948 1014 lex
1966 983 2124 1014 nondum
2146 993 2207 1025 per
2220 980 2328 1026 Moy-

1348 1045 1407 1066 sen
1433 1032 1650 1076 promulgata
1679 1038 1782 1064 esset:
1818 1032 1897 1076 quia
1917 1032 2014 1064 Deus
2038 1039 2184 1065 naturae
2216 1032 2329 1064 lucem

1350 1081 1441 1117 hanc
1459 1094 1531 1115 esse
1550 1082 1680 1122 voluit,
1708 1088 1739 1114 et
1764 1083 1881 1115 statim
1908 1082 2013 1116 initio
2031 1082 2233 1126 parentibus
2249 1093 2331 1125 pro-

1349 1132 1467 1167 hibuit
1485 1132 1769 1165 commixtionem
1787 1145 1864 1165 cum
1883 1133 1990 1174 natis,
2018 1145 2096 1166 ctim
2116 1133 2178 1166 ait:
2206 1131 2332 1166 Relin-

1350 1191 1433 1229 quet
1467 1182 1571 1217 bomo
1608 1190 1742 1227 patrem
1778 1191 1810 1216 et
1847 1190 2018 1225 matrem,
2056 1191 2089 1217 et
2127 1180 2332 1216 adhaerebit

1350 1247 1450 1269 uxori
1472 1246 1564 1268 suae.

1455 1284 1640 1318 Caeterum
1674 1284 1832 1317 doctrina
1863 1285 1906 1317 de
1940 1284 2102 1319 libertate
2128 1283 2213 1317 alias
2243 1283 2336 1317 inte-

1351 1348 1410 1379 gre
1434 1335 1604 1372 traditur,
1647 1342 1679 1368 et
1705 1341 1823 1378 postea
1850 1346 1971 1368 rursus
2005 1336 2048 1368 de
2070 1347 2108 1369 ea
2142 1335 2332 1368 dicendum

1351 1387 1428 1419 erit.
1482 1385 1585 1418 Nunc
1615 1386 1766 1418 addatur
1801 1385 1960 1419 doctrina
1997 1387 2040 1419 de
2079 1384 2334 1420 Excommuni-

1352 1437 1499 1471 catione.

1565 1516 1623 1546 De
1658 1516 2120 1549 Excommunicaeione.

1456 1584 1650 1624 Incestum,
1693 1586 1791 1619 cuius
1815 1585 1980 1619 delictum
2003 1586 2068 1618 fuit
2098 1586 2335 1628 manifestum,

1356 1636 1486 1670 Paulus
1510 1636 1605 1668 eiicit
1628 1648 1668 1669 ex
1688 1634 1853 1670 Ecclesia.
1907 1634 1984 1668 Hoc
2001 1636 2158 1680 exemplo
2176 1637 2339 1678 ostendit,

1329 1699 1331 1735 ξ
1357 1687 1535 1732 quomodo
1561 1687 1730 1729 puniendi
1748 1686 1816 1720 sint
1835 1686 1871 1718 in
1888 1684 2041 1719 Ecclesia
2058 1687 2108 1719 rei
2135 1688 2338 1721 manifesto-

1358 1750 1436 1771 rum
1460 1737 1645 1769 scelerum:
1675 1743 1707 1770 et
1726 1749 1803 1770 cum
1823 1743 1940 1780 postea
1957 1737 1993 1769 in
2011 1738 2161 1770 secunda
2179 1736 2338 1782 Epistola

1361 1793 1481 1821 narrat
1513 1785 1607 1819 hunc
1636 1787 1827 1826 incestum,
1870 1793 1946 1830 post
1977 1787 2260 1829 conversionem,
2299 1789 2336 1821 in

1360 1837 1552 1872 Ecclesiam
1580 1845 1671 1871 recte
1695 1845 1871 1881 receptum
1899 1849 1989 1878 esse,
2024 1838 2160 1872 illustre
2182 1839 2342 1872 testimo-

1362 1890 1460 1922 nium
1481 1888 1649 1933 proponit
1667 1895 1787 1922 contra
1804 1887 2038 1929 Novatianos‚
2066 1890 2159 1933 quod
2177 1890 2340 1930 ostendit,

1363 1940 1469 1984 lapsis
1485 1940 1670 1981 agentibus
1685 1939 1935 1983 poenitentiam
1949 1950 2029 1971 vere
2045 1939 2175 1973 remitti
2192 1947 2342 1984 peccata,

1365 2002 1492 2035 eosque
1523 1990 1560 2022 in
1593 1987 1784 2022 Ecclesiam
1817 1989 2037 2033 recipiendos
2063 2001 2158 2031 esse,
2198 1991 2241 2023 de
2272 2002 2343 2035 quo

1363 2041 1510 2075 articulo
1537 2040 1725 2073 dicendum
1751 2041 1815 2074 erit
1839 2051 1902 2073 suo
1922 2040 2010 2074 loco.
2065 2039 2169 2074 Nunc
2184 2041 2344 2074 doctrina

1365 2093 1408 2125 de
1434 2090 1806 2124 Excommunicatione
1827 2090 2089 2131 consideretur,
2115 2091 2152 2123 in
2178 2103 2245 2136 qua
2270 2090 2344 2135 pri-

1366 2154 1462 2175 mum
1489 2141 1668 2174 sciendum
1700 2148 1751 2175 est
1775 2141 1964 2174 discrimen
1988 2142 2177 2175 ministerii
2197 2153 2345 2185 evange-

1366 2193 1444 2232 lici,
1472 2198 1504 2224 et
1521 2192 1700 2235 potestatis
1728 2193 1901 2236 politicae.
1955 2190 2114 2236 Cumque
2131 2193 2205 2225 eius
2221 2191 2346 2225 discri-

1367 2242 1473 2276 minis
1498 2242 1627 2275 multae
1643 2250 1757 2286 partes
1772 2243 1858 2284 sint,
1885 2254 1981 2276 nunc
2001 2248 2138 2277 tantum
2156 2243 2199 2275 de
2215 2253 2345 2286 poena-

1368 2306 1446 2327 rum
1470 2293 1630 2326 doctrina
1655 2294 1781 2329 dicam.

1468 2342 1626 2377 Potestas
1649 2344 1792 2388 politica
1821 2343 1956 2376 coe'rcet
1979 2348 2012 2375 et
2036 2341 2138 2385 punit
2163 2342 2198 2374 vi
2222 2354 2347 2388 corpo-

1369 2395 1456 2435 rali,
1484 2400 1518 2427 et
1537 2401 1757 2427 contumaces
1773 2392 1911 2436 capitali
1929 2392 2100 2435 supplicio
2127 2393 2245 2428 afficit.

1469 2443 1536 2478 Sed
1563 2445 1797 2479 ministerium
1823 2442 2007 2485 Evangelii
2033 2450 2166 2477 coercet
2187 2451 2220 2478 et
2245 2444 2347 2488 punit

1369 2502 1506 2529 tantum
1539 2496 1667 2535 verbo,
1709 2496 1768 2528 sed
1794 2506 1834 2527 eo
1865 2493 2010 2533 ordine,
2050 2506 2154 2538 quem
2186 2492 2347 2528 Christus

1371 2543 1504 2579 Matth.
1528 2546 1639 2588 capite
1660 2546 1716 2581 18.
1743 2545 1875 2578 recitat.
1919 2542 2077 2577 Primum
2101 2551 2286 2578 moneatur
2310 2546 2350 2584 is,

1369 2596 1429 2640 qui
1451 2595 1618 2639 deliquit,
1647 2597 1675 2629 si
1694 2607 1764 2629 non
1782 2595 2012 2637 obtemperat.
2048 2593 2169 2628 Postea
2189 2594 2351 2628 eiiciatui·

1372 2659 1411 2680 ex
1429 2644 1584 2679 Ecclesia
1604 2647 1744 2690 publica
1763 2645 1953 2687 sententia,
1980 2652 2019 2679 ut
2043 2645 2092 2679 ibi
2113 2644 2259 2679 dicitur:
2287 2644 2353 2679 Dic
