2415 2942
94 114 166 151 161
493 110 577 147 XII.

90 198 238 245 ponitur
274 199 410 232 summa
446 197 645 239 concionis,
694 208 782 243 quae
811 193 906 229 haud
928 195 1037 229 dubie
1061 206 1079 228 a

93 249 235 285 Christo
254 249 392 294 copiose
407 249 577 293 explicata
596 255 657 282 est.

198 315 250 351 Ac
266 318 347 350 vide
366 317 583 350 occasionem
594 343 603 357 ,
636 316 794 349 intuetur
808 312 970 348 Christus
986 313 1080 346 mul-

92 367 283 404 titudinem
306 368 344 401 in
370 368 501 412 populo
521 367 586 400 Dei
611 372 802 405 errantem,
827 365 902 397 sine
925 364 1080 397 doctori-

91 421 174 460 bus,
199 426 389 453 sectantem
406 420 518 452 cultus
532 417 706 451 Mosaicos
722 416 796 449 sine
813 415 941 448 noticia
959 414 1079 448 Evan-
1104 443 1105 455 ¹

91 471 183 514 gelii.
236 469 336 504 Sicut
357 476 467 503 totum
488 479 597 511 genus
619 465 814 500 humanum
842 466 917 499 sine
936 463 1078 499 Christo
1103 489 1105 498 ,

92 529 166 555 erat
186 521 222 554 in
240 522 345 554 densa
365 519 530 561 caligine,
557 530 676 551 carens
695 529 776 550 vera
794 517 923 550 noticia
940 517 1016 554 Dei,
1046 524 1078 550 et

92 572 174 617 quia
191 569 297 604 habet
314 570 465 614 aliquam
484 569 568 611 legis
586 568 772 609 noticiam,
800 568 939 613 quaerit
963 568 1077 600 cultus

92 629 126 656 et
145 633 267 665 opera,
303 620 432 665 quibus
457 619 567 663 placet
589 618 724 659 Deum,
759 626 793 653 et
816 626 933 652 tamen
959 625 1078 651 manet

91 673 128 705 in
147 671 387 709 dubitatione,
422 682 494 702 non
518 670 656 704 invenit
680 669 979 710 consolationem,
1008 682 1075 714 qua

90 722 262 756 eluctetur
293 733 333 754 ex
365 721 578 759 terroribus,
624 728 657 754 et
688 721 806 754 vincat
837 727 1015 764 peccatum
1043 726 1076 753 et

89 780 250 807 mortem.
314 770 364 805 lta
390 784 467 804 cum
493 771 589 805 videt
613 772 784 816 populum
813 772 888 804 sine
914 771 1075 804 doctriua

89 824 248 861 coelesti,
284 828 318 856 et
340 823 427 856 sicut
450 822 535 855 alibi
564 823 708 856 dicitur:
743 829 911 866 tanquam
937 834 1074 865 gregem

87 875 163 907 sine
179 881 317 918 pastore
339 885 474 914 errare,
501 873 653 907 afficitur
675 873 935 913 misericordia,
965 879 994 905 ct
1019 885 1075 905 ar-

87 925 175 958 dens
194 924 325 968 ingenti
345 931 443 958 motu
470 924 595 968 incipit
617 924 818 957 concionari
846 925 888 956 de
916 925 988 956 suis
1014 924 1075 956 be-

87 975 237 1016 neficiis,
279 981 419 1008 revocat
446 976 615 1019 populum
647 976 691 1008 ab
717 975 787 1007 illis
813 975 966 1007 cultibus
990 974 1075 1016 legis

88 1027 131 1059 ad
149 1038 238 1066 sese,
265 1026 366 1059 docet
383 1027 476 1068 apud
494 1038 566 1059 sese
589 1027 826 1071 quaerendam
853 1037 924 1058 esse
948 1037 1075 1058 conso-

87 1078 276 1117 lationem,
303 1089 375 1109 non
394 1077 431 1109 in
449 1077 539 1119 lege,
567 1088 673 1121 quare
698 1074 755 1109 hic
777 1077 880 1109 etiam
905 1077 1075 1109 admoue-

86 1140 166 1162 mur
186 1129 229 1161 de
255 1127 460 1160 discrimine
490 1128 575 1170 tegis
599 1134 631 1160 et
656 1127 862 1170 Evangelii,
902 1134 940 1160 ut
975 1139 1076 1171 saepe

87 1179 171 1213 alias
188 1178 347 1212 doctrina
366 1179 451 1221 legis
470 1190 542 1210 non
560 1178 685 1211 liberat
703 1190 720 1210 a
737 1179 943 1213 terroribus.

190 1245 259 1279 Sed
296 1244 378 1289 quia
412 1244 586 1285 ostendit,
635 1251 668 1277 et
707 1246 849 1278 damnat
883 1250 1075 1288 peccatum,

88 1297 183 1342 quod
204 1294 323 1328 haeret
346 1295 382 1327 iu
407 1302 551 1335 natura,
583 1307 672 1339 quae
701 1307 884 1339 nunquam
909 1295 1075 1327 satisfacit

87 1347 172 1388 legi,
208 1346 315 1388 adigit
341 1353 474 1378 mentes
501 1347 543 1378 ad
568 1346 867 1389 desperationem,
910 1357 977 1389 qua
1011 1358 1075 1388 op-

88 1408 245 1441 pressae,
284 1403 394 1429 ruunt
420 1396 455 1428 in
480 1405 657 1429 aeternam
693 1404 853 1431 mortem.
921 1395 1074 1429 Econtra

87 1445 173 1481 haec
190 1453 240 1480 est
257 1447 399 1490 propria
410 1445 597 1490 Evangelii
616 1459 701 1488 vox,
731 1459 835 1492 quam
852 1454 954 1480 sonat
969 1445 1074 1479 Chri-

86 1505 174 1532 stus:
199 1497 330 1543 Siquis
347 1497 436 1538 sitit,
464 1498 579 1531 veniat
596 1499 638 1530 ad
656 1510 727 1538 me,
754 1505 786 1531 et
804 1498 913 1533 bibat.
964 1497 1075 1531 Vocat

85 1547 151 1583 hos
168 1548 282 1593 ipsos,
324 1549 384 1593 qui
413 1549 652 1593 perterrefacti
683 1549 756 1592 lege
789 1549 969 1583 luctantur
995 1561 1072 1581 cum

87 1600 296 1643 pavoribus,
340 1597 395 1632 bis
426 1600 599 1643 promittit
624 1606 656 1633 et
679 1600 835 1633 ostendit
861 1599 1075 1633 consolatio-

87 1663 186 1691 nem,
213 1662 280 1695 qua
300 1650 443 1684 vincant
460 1657 610 1684 terrores
633 1651 783 1695 peccati,
812 1658 846 1684 et
871 1650 994 1684 mortis
1017 1663 1076 1684 ae-

88 1708 221 1736 ternae.

194 1757 240 1792 Ut
257 1765 374 1792 autem
391 1758 478 1792 alibi
496 1759 745 1797 admonemur,
773 1760 808 1791 in
826 1761 955 1793 talibus
972 1760 1075 1794 dictis

89 1821 226 1853 semper
250 1809 510 1852 respiciendum
534 1821 605 1842 esse
627 1810 670 1842 ad
696 1810 904 1853 particulam
927 1812 1075 1844 exclusi-

89 1872 187 1900 vam,
216 1858 356 1900 Gratis,
383 1872 487 1904 quam
511 1860 696 1904 praecipue
720 1861 755 1893 in
774 1861 932 1894 doctrina
950 1860 1075 1895 iustifi-

90 1911 237 1944 cationis
253 1917 353 1953 urget
371 1910 519 1951 Paulus,
548 1911 630 1955 quia
656 1909 720 1944 hae
746 1913 887 1955 proprie
904 1912 985 1945 facit
1003 1913 1075 1945 dis·
1100 1929 1103 1944 t

89 1962 221 1994 crimen
242 1961 327 2003 legis
342 1967 374 1994 et
390 1960 592 2004 Evangelii:
626 1962 672 1994 ita
695 1968 728 1994 et
755 1960 837 1995 haec
861 1963 984 1995 concio
1001 1970 1074 1996 tum

89 2014 230 2045 demum
273 2012 446 2045 dulcescet
461 2039 470 2052 ‚
524 2012 553 2045 si
593 2012 856 2045 consideremus
893 2012 1075 2047 Christum
1100 2040 1102 2059 ζ

92 2063 200 2100 velle,
228 2070 264 2095 ut
281 2071 374 2095 certo
389 2060 479 2096 hanc
498 2063 773 2096 consolationem
790 2071 982 2103 teneamus,
1011 2077 1076 2098 no·
1100 2062 1102 2078 ³

90 2113 145 2145 bis
168 2113 300 2146 remitti
327 2120 486 2156 peccata,
537 2126 576 2147 ac
604 2115 731 2147 donari
757 2115 863 2148 vitam
889 2122 1076 2156 aeternam,

91 2163 230 2204 Gratis,
260 2171 402 2207 propter
419 2164 533 2208 ipsum
550 2165 659 2198 filium
676 2164 762 2205 Dei,
790 2166 875 2207 fide,
901 2179 973 2199 non
994 2179 1076 2210 pro-

89 2221 167 2259 pter
203 2215 332 2257 legem,
375 2226 434 2248 seu
458 2216 635 2259 propriam
661 2216 888 2259 dignitatem,
930 2225 961 2250 et
987 2215 1077 2251 hanc

90 2277 163 2298 esse
189 2263 255 2298 Dei
281 2265 517 2306 voluntatem,
548 2273 585 2299 ut
607 2273 799 2301 statuamus
824 2275 917 2301 certo
943 2280 1006 2301 nos
1022 2281 1076 2301 re-
1100 2270 1101 2277 ¹

89 2316 178 2360 cipi,
234 2316 393 2349 exaudiri
428 2324 461 2350 et
497 2317 623 2350 salvari
669 2325 811 2362 propter
848 2320 1103 2359 mediatorem*¹

88 2365 289 2408 Christum,
339 2367 474 2400 etiamsi
512 2379 633 2401 sumus
670 2369 820 2412 indigni.
885 2369 1077 2415 Nunquam

93 2418 186 2451 enim
207 2418 442 2462 acquiesceret
465 2430 581 2459 mens,
616 2431 679 2452 nec
706 2427 823 2464 posset
843 2421 985 2454 vincere
1011 2422 1079 2455 du-
1101 2422 1103 2428 '

91 2469 315 2509 bitationem‚
357 2470 385 2501 si
415 2470 639 2503 sentiendum
674 2478 779 2509 esset,
827 2478 901 2505 tum
935 2472 1077 2505 demum

91 2531 155 2552 uos
180 2520 347 2565 consequi
370 2518 454 2554 haec
481 2521 668 2561 beneficia,
709 2522 738 2556 si
763 2520 972 2556 haberemus
996 2524 1079 2557 satis
1101 2528 1103 2562 j

90 2570 309 2605 meritorum.
1101 2564 1104 2624 Ι

193 2629 302 2664 Addit
317 2637 432 2664 autem
452 2627 614 2665 Christus
634 2631 709 2676 ipse
726 2639 758 2666 et
775 2633 918 2665 alteram
943 2639 1078 2677 partem
1101 2625 1103 2647 ἲ

91 2681 289 2721 doctrinae,
331 2683 509 2726 quomodo
533 2695 790 2728 consequamur
814 2683 924 2728 ipsius
946 2685 1080 2719 benefi-
1102 2707 1105 2724 t

142 2735 319 2765 MerAn‘rn.
349 2734 451 2766 Oriza.
477 2734 559 2766 Vot.
589 2736 665 2767 XV.

628 107 928 147 ENARRATIO
957 109 1007 145 IN
1034 106 1218 144 EVANG.
1246 104 1461 141 IOANNIS.

1100 2204 1102 2214 ,
1127 2175 1207 2207 (lam
1225 2174 1387 2217 spiritum
1406 2186 1521 2206 meum
1540 2185 1644 2217 super
1663 2186 1779 2206 semen
1804 2180 1921 2213 tuum,
1949 2181 2011 2207 etc.

1514 104 1617 141 CAP.
1647 104 1727 141 vll.
2053 108 2124 142 162

1132 193 1246 234 cium,
1274 205 1352 226 cum
1371 192 1504 237 inquit:
1540 191 1612 235 Qui
1628 190 1737 225 credit
1757 190 1793 224 in
1812 203 1886 233 me,
1914 191 2060 225 flumina
2078 193 2120 224 de

1134 251 1258 277 ventre
1277 244 1350 277 eius
1374 244 1496 277 fluent.
1548 244 1600 276 Ac
1624 255 1664 276 ex
1688 243 1762 285 ipso
1792 250 1956 276 contextu
1980 243 2121 276 concio-

1132 295 1187 326 nis
1203 295 1303 327 sacile
1320 294 1468 337 intelligi
1487 301 1619 339 potest,
1646 294 1732 339 quid
1751 301 1849 328 vocet
1866 295 1979 327 fidem.
2020 293 2121 328 Clare

1131 345 1302 386 significat
1343 346 1475 389 requiri
1511 346 1633 385 fidem,
1680 357 1769 390 quae
1810 345 1958 379 audiens
1996 357 2117 378 vocem

1129 393 1314 437 Evangelii
1343 396 1384 427 de
1409 397 1558 437 gratuita
1588 396 1810 434 remissione,
1847 396 2054 436 assentitur,
2084 402 2119 429 et

1103 474 1105 479 .
1129 446 1253 488 accipit
1273 446 1588 486 condonationem,
1616 453 1648 478 et
1673 447 1782 479 vincit
1809 448 2066 480 dubitationem
2085 454 2118 480 et

1130 503 1301 537 terrores,
1328 503 1359 529 et
1379 496 1484 540 paulo
1503 504 1578 540 post
1595 497 1746 535 additur,
1775 494 1837 529 hac
1853 498 1920 529 fide
1935 495 2118 531 Christum

1129 547 1301 580 efficacem
1320 559 1391 579 esse
1410 548 1445 579 in
1464 544 1536 587 his,
1572 547 1630 592 qui
1659 548 1826 586 credunt,
1855 555 1887 580 et
1906 549 1988 581 dare
2004 548 2118 591 Spiri-

1129 605 1202 631 tum
1218 605 1396 638 sanctum,
1427 610 1504 631 cum
1525 598 1571 631 ait
1598 605 1727 636 textus,
1757 597 1936 631 Christum
1960 599 2117 632 locutum

1129 660 1201 681 esse
1231 650 1273 681 de
1299 648 1436 693 Spiritu
1475 655 1614 689 sancto,
1661 660 1764 692 quem
1799 649 1973 691 accepturi
2004 656 2118 684 essent

1128 701 1320 732 credentes.
1373 699 1453 732 Non
1477 699 1583 741 igitur
1609 699 1692 731 sides
1709 699 1878 738 significat
1896 706 2031 732 tantum
2052 712 2117 732 no-

1128 751 1245 784 ticiam
1266 748 1452 788 historiae,
1481 757 1540 783 aut
1557 750 1809 794 professionem
1829 750 2028 787 doctrinae,
2056 751 2118 783 sed

1128 801 1231 834 talem
1248 809 1402 841 motum,
1430 813 1534 846 quem
1554 800 1821 844 efficitSpiritus
1838 808 1977 834 sanctus
1997 801 2031 833 in
2051 799 2118 842 his,

1101 862 1103 869 ’
1128 852 1186 896 qui
1207 853 1447 885 assentiuntur
1466 851 1679 894 Evangelio,
1712 864 1781 896 quo
1800 851 2023 885 vivificantur
2041 864 2120 885 cor-

1128 903 1190 944 da,
1218 910 1250 935 et
1267 903 1458 936 vincuntur
1484 914 1647 946 pavores,
1674 902 1762 935 sicut
1785 904 1827 935 de
1852 899 1915 935 hac
1940 903 2007 935 fide
2024 902 2118 936 Pau-

1128 955 1182 986 lus
1216 954 1281 987 ait:
1336 953 1517 987 Iustiticati
1556 954 1623 985 fide
1660 965 1779 996 pacem
1821 950 1991 986 habemus
2021 955 2118 1001 apud

1127 1004 1254 1040 Deum.
1307 1003 1572 1038 Consideranda
1589 1011 1638 1037 est
1655 1004 1758 1037 etiam
1777 1004 2007 1045 universalis,
2034 1005 2117 1049 quia

1129 1054 1292 1089 Christus
1310 1068 1432 1088 omnes
1450 1063 1568 1096 vocat,
1595 1067 1658 1087 nec
1681 1055 1761 1087 facit
1780 1055 1979 1088 discrimen.
2032 1054 2117 1089 Ideo

1128 1107 1222 1139 enim
1255 1107 1394 1139 tollitur
1423 1106 1580 1139 conditio
1608 1106 1712 1148 legis,
1752 1111 1790 1137 ut
1811 1117 1935 1138 omnes
1962 1112 2117 1141 statuant

1128 1169 1200 1190 sese
1223 1157 1349 1200 recipi,
1383 1157 1488 1189 modo
1515 1157 1580 1200 ipsi
1607 1168 1679 1188 non
1704 1163 1920 1199 repugnent,
1949 1164 1981 1190 et
2007 1157 2117 1192 sciant

1128 1209 1327 1240 universale
1345 1208 1549 1239 mandatum
1568 1206 1632 1239 Dei
1650 1218 1739 1246 esse,
1766 1213 1804 1239 ut
1827 1219 1948 1239 omnes
1971 1209 2116 1243 credant

1127 1256 1209 1291 liuic
1229 1258 1303 1290 voci
1321 1257 1523 1300 Evangelii,
1552 1270 1654 1302 quain
1672 1264 1771 1289 sonat
1789 1258 1880 1290 filius
1898 1257 1975 1290 Dei.

1230 1308 1336 1351 Quod
1366 1309 1429 1341 ait:
1481 1308 1647 1341 Flumina
1677 1309 1719 1340 de
1744 1315 1865 1341 ventre
1899 1309 1973 1341 eius
2005 1309 2116 1344 fluent

1127 1371 1240 1404 oquae
1272 1360 1391 1399 vivae,
1437 1360 1564 1393 usitata
1597 1357 1803 1402 metaphora
1832 1359 2024 1403 scripturae
2055 1368 2116 1402 est,

1127 1423 1216 1455 quae
1240 1407 1298 1443 hic
1323 1422 1397 1442 non
1423 1417 1559 1443 tantum
1590 1410 1761 1452 significat
1785 1410 2056 1444 vivificationem
2083 1419 2117 1446 et

1127 1462 1428 1501 consolationem,
1456 1462 1513 1494 sed
1534 1461 1779 1503 complectitur
1803 1462 1921 1495 omnia
1949 1462 2116 1497 beneficia

1126 1511 1278 1552 Christi,
1305 1512 1365 1557 qui
1383 1519 1431 1545 est
1448 1512 1567 1545 efficax
1592 1512 1628 1544 in
1650 1512 1891 1552 credentibus,
1923 1514 2116 1548 sanctificat

1127 1575 1186 1596 eos
1203 1564 1282 1597 dato
1298 1563 1434 1607 Spiritu
1460 1570 1600 1603 sancto,
1630 1569 1663 1595 et
1686 1563 2032 1605 impertitEcclesiae
2050 1577 2117 1598 no-

1126 1626 1204 1646 vam
1222 1615 1355 1657 lucem,
1383 1621 1416 1647 et
1433 1614 1499 1646 alia
1520 1614 1674 1656 ingentia
1700 1614 1809 1653 dona,
1838 1615 1966 1658 quibus
1985 1627 2115 1660 propa-

1127 1672 1227 1708 gatur
1250 1665 1378 1698 noticia
1403 1664 1486 1705 Dei,
1528 1665 1685 1697 defendit
1713 1671 1745 1697 et
1770 1671 1883 1697 servat
1909 1662 2116 1706 Ecclesiam,

1126 1728 1237 1760 usque
1253 1717 1295 1748 ad
1314 1716 1416 1748 finem
1435 1716 1579 1753 mundi,
1603 1716 1768 1748 adversus
1794 1716 1987 1762 potentiam
2007 1723 2040 1750 et
2058 1717 2115 1750 in-

1127 1767 1233 1800 sidias
1258 1767 1411 1807 diaboli,
1449 1766 1620 1799 mirandis
1644 1766 1925 1802 liberationibus.
1977 1767 2034 1801 De
2060 1766 2116 1802 his

1126 1818 1304 1851 beneficiis
1335 1818 1446 1851 multo
1479 1824 1559 1850 aute
1586 1817 1766 1849 vaticinati
1800 1824 1882 1851 sunt
1904 1816 2115 1862 Prophetae,

1126 1870 1168 1901 ad
1203 1881 1352 1913 quorum
1378 1869 1470 1902 dicta
1494 1869 1620 1901 alludit
1641 1866 1823 1906 Christus,
1868 1875 1899 1901 et
1923 1869 1970 1902 ait
1995 1871 2037 1902 de
2059 1868 2115 1904 his

1128 1920 1213 1963 ipsis
1231 1919 1408 1952 beneficiis
1432 1920 1567 1952 locutos
1593 1931 1664 1951 esse
1682 1917 1876 1962 Prophetas
1900 1920 2114 1953 concionan-

1127 1977 1177 2003 tes
1193 1972 1235 2003 de
1251 1982 1357 2013 regno
1370 1968 1513 2004 Christi.
1567 1970 1666 2003 Sicut
1683 1970 1808 2013 passim
1827 1977 1944 2004 extant
1963 1972 2114 2014 promis-

1127 2022 1242 2054 siones
1261 2021 1410 2054 traditae
1437 2019 1501 2054 hac
1524 2021 1596 2064 ipsa
1623 2021 1729 2063 figura
1756 2022 1944 2061 sermonis,
1972 2035 2038 2066 qua
2056 2020 2113 2056 hic

1126 2073 1238 2106 utitur
1253 2070 1435 2112 Christus,
1469 2079 1508 2106 ut
1530 2070 1654 2105 Esaiae
1682 2071 1756 2106 44:
1790 2070 1980 2104 Effundam
2006 2085 2114 2117 aquas

1127 2123 1444 2167 supersilientem,
1480 2131 1512 2158 et
1535 2123 1665 2156 fluenta
1690 2134 1795 2166 super
1819 2123 1969 2161 aridam,
1997 2124 2114 2157 effun-

2065 2174 2114 2209 Et

1127 2225 1204 2259 4l.:
1232 2224 1344 2266 Egerii
1369 2232 1401 2258 et
1426 2236 1596 2268 pauperes
1626 2231 1798 2269 quaerunt
1822 2235 1949 2268 aquas,
1981 2231 2015 2258 et
2038 2238 2112 2259 non

1101 2288 1102 2307 ς
1127 2283 1226 2310 sunt:
1269 2275 1345 2318 Ego
1368 2277 1533 2308 dominus
1557 2275 1739 2308 exaudiam
1771 2286 1848 2315 eos,
1897 2276 2049 2318 aperiam
2075 2277 2113 2310 in

1128 2328 1278 2360 collibus
1296 2327 1456 2362 flumina.
1508 2326 1552 2359 Et
1580 2326 1721 2370 quidem
1743 2324 1891 2358 loannes
1917 2326 1990 2370 ipse
2014 2328 2114 2362 addit

1101 2363 1103 2419 ἰ
1128 2378 1456 2422 interpretationem
1483 2378 1566 2410 dicti
1594 2374 1744 2417 Christi,
1778 2376 1826 2409 ait
1851 2389 1930 2409 eum
1957 2378 2113 2411 locutum

1129 2442 1201 2462 esse
1218 2430 1260 2462 de
1277 2428 1411 2472 Spiritu
1435 2435 1572 2468 sancto,
1601 2439 1705 2472 quem
1730 2427 1905 2471 accepturi
1922 2435 2022 2463 erant
2039 2441 2114 2463 cre-

1102 2513 1103 2519 ,
1128 2482 1249 2514 dentes
1266 2480 1301 2512 iu
1322 2479 1450 2523 ipsum.

1233 2531 1397 2564 Miranda
1432 2529 1498 2562 suit
1531 2526 1616 2562 haec
1645 2527 1767 2562 concio
1792 2526 1942 2567 Christi,
1982 2542 2046 2563 nec
2071 2531 2116 2564 ab

1128 2582 1233 2626 ipsis,
1268 2581 1328 2626 qui
1358 2581 1568 2618 audierunt,
1610 2579 1785 2613 intellecta
1808 2587 1890 2612 sunt
1916 2580 1998 2613 talia
2025 2581 2116 2614 dicta

1129 2631 1343 2677 prophetica.
1395 2631 1542 2664 Prorsus
1558 2630 1651 2663 enim
1670 2630 1859 2663 fascinatus
1875 2638 1947 2664 erat
1965 2632 2117 2675 populus

1130 2683 1293 2717 Iudaicus
1313 2682 1563 2725 imaginatione
1582 2684 1624 2714 de
1643 2693 1750 2725 regno
1767 2681 1916 2715 Messiae
1934 2683 2120 2726 corporali,

1587 2734 1630 2766 11
