2415 2942
129 138 202 174 377
505 137 585 174 xtt.

130 226 213 258 dum
237 223 477 263 divinitatem,
511 223 569 256 sed
594 223 784 255 secundum
812 225 1024 264 praesentem
1050 231 1111 251 vo-

129 275 300 308 cationem
316 285 375 306 seu
396 274 596 306 missionem
610 271 750 307 Christi,
806 270 856 304 lta
875 268 931 302 hic
947 270 1111 302 recitatur

129 322 461 358 discrimenChristi
482 321 686 364 humilitati,
715 321 926 357 mediatoris,
954 319 1109 351 servien-

129 376 172 409 tis
192 376 228 408 in
247 372 311 407 hac
328 375 491 407 missione
504 402 512 416 ,
540 382 572 408 et
591 374 697 408 totius
713 371 908 406 divinitatis
933 369 1110 413 regnantis

129 426 166 459 in
184 437 309 460 arcana
327 426 518 459 maiestate.

232 509 367 543 Similis
383 509 529 541 omnino
550 508 658 539 forma
677 513 738 544 est,
766 503 983 540 Matth.19.:
1012 503 1109 546 Quid

129 573 186 594 me
205 572 305 593 vocas
322 562 468 596 bonum,
496 570 598 590 nemo
617 558 730 590 bonus
745 563 796 589 est
814 556 880 588 nisi
900 567 991 587 unus
1003 555 1112 587 Deus.

129 611 198 644 Hic
216 622 355 655 quoque
375 610 563 643 discrimen
588 607 798 652 proponitur
823 607 915 639 inter
930 603 1111 638 ChrIstum

129 662 330 695 ministrum
343 687 351 701 ‚
378 667 409 693 et
428 659 642 692 invisibilem
662 658 888 692 maiestatem.
918 656 1013 689 Haec
1029 663 1111 689 sunt

128 711 401 756 simplicissima:
443 711 501 742 sed
528 710 607 754 quia
636 708 761 741 Ariani
786 706 851 741 hoe
876 707 1009 740 dictum
1035 719 1112 740 cor-

128 764 356 806 rumpebant,
383 762 475 793 etad
497 771 577 793 suos
602 760 738 792 furores
765 759 1027 792 confirmandos
1047 758 1110 790 de-

129 814 358 857 torquebant,
385 811 452 844 alia
471 810 625 856 syntaxis
643 811 689 843 ab
714 810 775 849 iis,
802 810 862 854 qui
881 809 1034 841 Arianos
1054 820 1111 841 re-

128 865 306 903 futabant,
345 862 470 896 tradita
498 868 563 894 est:
603 860 699 894 Haec
725 867 775 894 est
795 861 863 893 vita
885 867 1047 899 aeterna,
1072 865 1111 892 ut

127 921 317 956 agnoscant
341 920 390 952 te,
432 919 463 945 et
487 924 589 955 quem
622 911 746 944 misisti
778 909 892 943 lesum
915 908 1110 949 Christum,

126 975 200 997 esse
216 964 330 996 solum
355 975 474 995 verum
490 961 618 997 Deum.
671 961 740 995 Hic
761 969 875 995 tamen
895 960 1051 1006 quaestio
1070 961 1112 993 de

126 1015 265 1059 Spiritu
281 1021 397 1047 sancto
414 1014 548 1058 reliqua
566 1020 627 1054 est,
654 1013 734 1046 ideo
753 1011 842 1045 hanc
859 1012 1021 1058 syntaxin
1039 1023 1112 1044 non

128 1066 228 1098 valde
259 1076 463 1108 propugno,
521 1066 621 1108 quasi
652 1065 731 1108 quis
764 1063 858 1096 volet
889 1063 960 1103 uti,
995 1069 1111 1095 tamen

127 1115 299 1160 Spiritum
317 1122 475 1148 sanctum
494 1115 597 1147 etiam
617 1113 802 1158 complecti
820 1113 1006 1157 oportebit.
1060 1112 1111 1145 Ac

128 1179 208 1199 mox
225 1172 421 1211 sequuntur
437 1165 637 1199 testimonia
661 1166 704 1197 de
731 1164 793 1197 filii
817 1164 1002 1198 divinitate
1028 1163 1112 1196 illu-

127 1217 224 1252 stria.

176 1305 264 1353 Ego
304 1304 516 1352 glortficavi
551 1315 582 1340 ιε
611 1318 723 1353 super
755 1311 908 1349 terram,
955 1310 986 1339 el
1019 1317 1113 1338 nunc

225 1355 396 1403 glorifica
423 1369 488 1391 me.

201 1432 344 1477 Repetit
361 1433 554 1467 institutam
570 1434 828 1477 precationem,
855 1432 1022 1466 Gloritica
1044 1445 1111 1472 me,

127 1491 160 1518 et
178 1484 303 1527 allegat
327 1496 481 1525 causam,
517 1484 666 1523 scilicet,
702 1485 815 1527 ipsum
839 1483 1026 1516 consilinm
1046 1483 1109 1517 Dei

125 1547 186 1569 seu
204 1535 463 1568 ordinationem
480 1535 650 1570 divinam.
703 1534 762 1568 Sic
777 1535 948 1567 ordinasti
970 1532 1032 1567 has
1056 1546 1109 1567 res

127 1597 300 1624 summas,
328 1594 360 1620 et
384 1587 545 1619 omnium
563 1586 751 1626 maximas,
787 1585 928 1618 voluisti
956 1592 987 1618 te
1014 1593 1108 1628 pate—

127 1638 239 1669 facere
262 1636 367 1669 misso
396 1637 488 1677 filio,
530 1637 672 1670 voluisti
701 1636 827 1669 redimi
849 1647 957 1679 genus
984 1634 1109 1668 huma-

128 1698 231 1726 num,
273 1687 415 1719 voluisti
449 1699 504 1719 me
526 1687 600 1719 fieri
626 1687 806 1721 victimam
828 1693 860 1720 et
885 1687 1109 1729 placatorem.

127 1736 216 1770 Ecce
245 1737 404 1778 obedivi,
450 1744 484 1771 et
512 1738 662 1777 obedio,
702 1749 797 1770 nunc
828 1737 979 1770 vicissim
1014 1737 1110 1771 iuxta

128 1795 222 1821 tuam
241 1788 501 1820 ordinationem
521 1801 574 1820 me
592 1787 803 1831 glorificato,
829 1788 956 1820 adiuva
974 1800 1039 1827 me,
1065 1800 1109 1821 ne

128 1838 351 1871 succumbam
381 1839 416 1870 in
442 1836 507 1871 hoc
532 1850 661 1881 agone,
696 1845 730 1872 et
754 1838 898 1872 restitue
922 1836 1008 1870 mihi
1032 1839 1108 1881 glo-

128 1890 216 1922 riam
235 1895 435 1930 aeternam,
462 1902 566 1933 quam
592 1890 682 1932 apud
707 1897 740 1922 te
767 1887 893 1927 habui,
920 1896 1107 1933 antequam

128 1940 281 1972 mundus
297 1940 517 1974 conderetur.
568 1939 644 1972 Hoc
662 1940 794 1973 dictum
812 1951 969 1983 expresse
986 1942 1028 1972 de
1045 1940 1108 1972 filii

125 1989 192 2024 Dei
224 1989 407 2023 divinitate
444 1990 691 2031 concionatur,
742 2002 822 2023 nam
860 1990 889 2024 si
928 1991 994 2024 fnit
1028 1998 1109 2023 ante

126 2041 249 2073 mundi
266 2041 504 2074 conditionem
516 2066 525 2080 ,
554 2053 625 2074 non
640 2049 690 2074 est
708 2048 878 2076 creatura.
932 2041 1109 2074 Memine-

129 2091 201 2124 rint
219 2091 324 2133 igitur
340 2092 486 2124 studiosi
502 2089 568 2125 hoc
589 2093 739 2133 dictum,
776 2098 812 2126 et
834 2092 925 2125 inter
951 2092 1106 2125 testimo-

128 2142 186 2174 nia
202 2143 244 2174 de
270 2141 453 2175 divinitate
476 2143 538 2175 filii
564 2149 775 2177 recenseant.
836 2142 953 2185 Pergit
977 2143 1106 2176 deinde

128 2192 312 2236 explicare,
339 2193 467 2237 quibus
485 2194 588 2227 rebus
604 2193 850 2236 glorificaverit
869 2202 1013 2237 patrem,
1040 2195 1106 2227 sci-

127 2243 225 2281 licet,
253 2244 333 2288 quia
348 2241 580 2286 Evangelium
600 2256 639 2277 ex
658 2256 783 2278 arcano
800 2245 880 2278 sinu
901 2245 1006 2288 patris
1024 2257 1105 2287 pro—

126 2295 235 2326 latum
271 2294 456 2328 tradiderit
484 2294 682 2338 ApostoliS‚
724 2295 913 2329 instituerit
947 2295 1106 2329 ministe-

127 2345 217 2377 rium
236 2343 439 2388 Evangelii,
466 2353 499 2379 et
516 2345 691 2379 addiderit
715 2346 913 2379 testimonia
930 2346 1105 2388 miranda,

129 2396 408 2429 resuscitationes
424 2403 661 2437 mortuorum,
696 2403 729 2429 et
750 2397 816 2429 alia
840 2409 929 2442 quae
955 2397 1101 2430 convin-

127 2453 211 2479 cunt
240 2459 361 2480 omnes
387 2455 581 2488 creaturas,
630 2455 667 2481 ut
690 2448 791 2481 fami
814 2455 983 2490 cogantur
1014 2445 1103 2482 hanc

127 2497 320 2531 doctrinam
337 2499 380 2532 ab
398 2496 464 2531 hoc
481 2499 728 2532 concionatore
748 2497 824 2531 lesu
839 2499 1014 2540 traditam,
1044 2512 1104 2532 ve-

127 2559 201 2580 ram
231 2560 311 2584 esse.
378 2548 473 2583 Haec
503 2550 610 2593 igitur
635 2550 740 2582 verba
772 2547 837 2582 hoc
871 2550 946 2583 loco
981 2549 1103 2594 posita,

126 2600 316 2633 ostendunt
345 2600 550 2643 dignitatem
577 2599 765 2634 ministerii
789 2599 989 2643 Evangelii,
1022 2613 1102 2635 cum

123 2649 172 2683 ait
189 2647 358 2693 Chi-Istus,
382 2651 568 2696 glorificari
584 2652 698 2686 Deum
713 2651 972 2697 praedicatione
983 2649 1102 2686 Evan-

123 2700 217 2744 gelli.

638 134 936 171 ENARRATtO
973 134 1021 169 IN
1055 133 1234 170 EVANG.
1263 132 1475 171 IOANNJS.

1527 134 1630 170 CAP.
1660 135 1777 170 xvtt.
2072 135 2144 170 378

1445 226 1530 273 Ego
1553 240 1619 274 pro
1645 228 1734 274 ipsis
1760 240 1857 273 rogo.

1267 302 1395 337 Auexit
1424 317 1502 336 mox
1540 305 1774 348 precationem
1814 317 1874 348 pro
1908 303 2087 347 Apostolis
2115 312 2146 338 et

1165 366 1226 396 pro
1247 361 1315 386 tota
1336 353 1508 393 Ecclesia,
1536 368 1638 398 qnam
1657 356 1892 398 precationem
1913 364 2028 399 postea
2048 368 2147 399 repe-

1164 411 1209 435 tet
1228 412 1259 436 et
1280 405 1430 446 augebit,
1464 404 1565 437 Nunc
1585 407 1735 438 breviter
1755 405 1819 439 hoc
1839 407 1935 441 triste
1959 406 2147 440 discrimen

1164 454 1421 487 consideretur:
1460 455 1536 486 Non
1558 467 1619 497 pro
1645 458 1778 488 mundo
1802 469 1883 495 oro,
1920 464 2017 490 vocat
2043 469 2148 490 mun-

1163 506 1247 536 dum
1266 516 1396 542 omnes,
1426 505 1484 548 qui
1503 506 1728 548 pertinaciter
1747 504 1938 550 Evangelio
1958 508 2148 540 adversan-

1164 563 1239 595 tur,
1274 556 1316 587 de
1343 554 1396 587 his
1421 562 1453 588 et
1478 556 1512 587 in
1538 555 1675 588 Psalmo
1698 556 1833 600 inquit:
1871 557 1949 590 Non
1974 570 2148 591 assumam

1165 606 1308 638 nomina
1327 618 1448 638 eorum
1467 618 1571 648 super
1588 607 1680 639 labia
1699 619 1785 639 mea.
1840 607 1939 650 Quae
1956 609 2068 641 maior
2083 609 2150 640 mi-

1164 657 1252 689 seria
1278 656 1341 688 ulli
1370 664 1548 689 creaturae
1572 658 1728 690 accidere
1754 658 1882 700 potest,
1911 670 2014 702 quam
2032 659 2150 691 exclu-

1164 719 1235 739 sarn
1264 719 1335 739 esse
1368 720 1385 739 a
1417 708 1661 750 deprecatione
1693 706 1845 748 Christi,
1888 709 2107 742 maledictam
2132 722 2150 742 a

1163 757 1259 798 Deo,
1289 765 1318 790 et
1339 766 1499 791 aeternae
1518 758 1588 791 irae
1604 757 1667 791 Dei
1694 760 1883 792 subiectam
1908 759 2004 792 esse?
2055 759 2150 792 Haec

1163 821 1301 841 summa
1321 809 1411 841 mala
1431 809 1673 851 significantur
1692 807 1756 842 hac
1777 810 1986 843 exclusione.

1266 867 1402 900 Deinde
1427 869 1570 901 additur
1594 869 1749 902 laudatio
1768 867 1962 909 Ecclesiae,
1991 881 2079 914 quae
2102 876 2151 903 est

1164 919 1364 951 dulcissima
1391 919 1583 952 consolatio
1608 919 1767 952 omnium
1805 920 2091 964 amplectentium
2118 927 2152 953 et

1166 969 1405 1013 profitentium
1424 969 1655 1013 Evangelium
1669 997 1678 1011 ,
1705 970 1752 1002 sic
1767 971 1860 1003 enim
1880 971 1947 1004 ait:
1981 970 2055 1014 Ego
2075 971 2150 1013 glo-

1166 1021 1317 1052 rificatus
1335 1032 1410 1052 sum
1433 1021 1467 1052 in
1488 1022 1555 1060 eis,
1584 1021 1617 1052 id
1636 1027 1702 1059 est,
1731 1021 1789 1065 qni
1819 1033 1934 1054 meum
1954 1033 2150 1054 sermonem

1165 1071 1424 1113 amplectuntur
1442 1078 1473 1104 et
1493 1072 1744 1104 circumferunt
1770 1073 1861 1115 apud
1886 1084 2008 1105 omnes
2034 1070 2151 1105 homi-

1166 1133 1237 1154 nes.
1283 1121 1356 1153 }los
1375 1122 1440 1153 mei
1458 1122 1630 1155 sermonis
1648 1123 1809 1155 custodes
1827 1134 1845 1154 a
1865 1129 1895 1155 te
1912 1123 2043 1155 servari
2061 1130 2152 1166 peto,

1167 1171 1230 1204 hos
1247 1183 1318 1205 esse
1335 1179 1412 1205 tuos
1428 1173 1575 1205 affirmo.
1627 1171 1703 1205 Hac
1723 1183 1757 1204 se
1775 1173 2016 1205 consolatione
2029 1171 2151 1206 Eccle-

1165 1223 1254 1266 siae,
1283 1229 1314 1255 et
1332 1224 1491 1255 doctores
1510 1223 1557 1266 pii
1575 1223 1793 1263 confirment,
1821 1230 1853 1256 et
1871 1231 2008 1266 sperent
2029 1224 2152 1256 defeu-

1165 1274 1298 1305 sionem
1315 1272 1432 1312 aDeo,
1460 1273 1594 1305 etiamsi
1614 1274 1754 1318 tyranni
1773 1274 1899 1318 passim
1920 1274 1955 1307 in
1973 1281 2047 1308 toto
2066 1276 2151 1308 orbe

1165 1331 1339 1357 terrarum
1365 1324 1480 1356 delere
1503 1321 1736 1367 Evangelium
1768 1332 1960 1366 conantur,
2001 1326 2151 1358 sciamus

1166 1386 1227 1406 nos
1247 1386 1318 1406 non
1336 1386 1353 1406 a
1373 1374 1487 1415 nobis,
1515 1386 1586 1407 non
1606 1386 1623 1407 a
1641 1375 1779 1418 regibus
1797 1376 1934 1416 mundi,
1962 1377 2019 1409 sed
2040 1389 2057 1408 a
2075 1376 2150 1409 Deo

1164 1424 1319 1459 defendi.
1375 1424 1445 1458 Tui
1464 1432 1564 1464 sunt,
1593 1425 1707 1470 inquit
1726 1424 1910 1465 Christus,
1939 1427 1990 1459 illi
2009 1427 2150 1467 scilicet,

1165 1476 1199 1508 in
1226 1475 1354 1519 quilius
1385 1476 1598 1518 glorificatus
1623 1489 1721 1517 sum,
1762 1477 1796 1509 id
1829 1484 1898 1517 est,
1940 1477 2000 1522 qui
2032 1489 2149 1511 meum

1162 1526 1391 1568 Evangeliuin
1409 1528 1685 1570 amplectuntur,
1712 1535 1744 1561 et
1759 1528 1908 1561 fideliter
1925 1536 2092 1572 spargunt
2113 1529 2150 1561 in

1163 1578 1322 1620 populos.
1364 1576 1458 1610 llaec
1476 1585 1649 1620 postrema
1668 1578 1835 1621 particula
1854 1579 2042 1622 diligenter
2057 1580 2149 1622 aspi-

1162 1629 1290 1668 ciatur,
1316 1635 1354 1661 ut
1373 1628 1542 1669 sciamus,
1567 1630 1609 1660 de
1626 1630 1754 1673 quilius
1771 1630 1936 1673 loquatur
1954 1631 2148 1672 promissio.

1163 1678 1233 1711 Nec
1251 1679 1454 1712 inserantur
1471 1676 1538 1711 huc
1554 1679 1809 1722 disputationes
1822 1682 1863 1712 de
1881 1680 2062 1721 electione,
2088 1682 2147 1714 sed

1161 1730 1311 1763 sciamus
1336 1730 1465 1762 diserte
1488 1729 1557 1762 dici
1584 1731 1626 1762 de
1648 1730 1928 1772 glorificantibus
1954 1729 2148 1773 Christum,

1161 1781 1196 1812 id
1214 1787 1274 1820 est,
1301 1781 1343 1813 de
1364 1779 1532 1814 Ecclesiis
1549 1781 1862 1826 amplectentibus,
1888 1789 1919 1815 et
1940 1783 2147 1816 sonantibus

1160 1829 1406 1872 Evangelium.

1262 1889 1423 1924 Pericula
1449 1891 1551 1925 etiam
1576 1904 1696 1925 eorum
1721 1891 1823 1926 unica
1857 1892 2059 1925 brevissima
2084 1904 2146 1937 ap-

1161 1940 1350 1984 pellatione
1366 1942 1555 1984 siguificat,
1580 1956 1657 1976 cum
1676 1943 1741 1976 ait:
1770 1943 1826 1976 Illi
1846 1943 1881 1975 in
1901 1945 2035 1976 mundo
2053 1951 2145 1983 sunt,

1161 1992 1195 2023 id
1225 1998 1294 2034 est,
1330 1992 1449 2026 vivent
1471 1994 1507 2026 in
1531 1991 1595 2026 hac
1628 1994 1835 2027 confusione
1867 1992 2070 2034 hominum,
2108 1995 2144 2027 in

1161 2054 1228 2086 qua
1255 2043 1399 2085 plurimi
1425 2051 1506 2078 sunt
1533 2044 1632 2089 impii
1660 2052 1690 2078 et
1716 2045 1892 2084 crudeles,
1927 2052 1965 2078 ut
1990 2046 2144 2090 tyranni,

1163 2093 1266 2125 multi
1292 2093 1454 2133 fanatici,
1489 2093 1674 2134 haeretici,
1709 2096 1812 2129 multi
1838 2096 1947 2135 leves,
1983 2103 2014 2128 et
2040 2096 2143 2139 perli-

1157 2144 1267 2181 diost,
1293 2144 1354 2188 qui
1373 2157 1494 2178 omnes
1509 2154 1591 2180 sunt
1609 2159 1737 2190 organa
1759 2146 1889 2179 diaboli
1915 2147 2075 2186 incitata,
2104 2154 2142 2180 ut

1157 2194 1323 2228 noticiam
1358 2195 1427 2228 Dei
1458 2197 1617 2236 deleant,
1668 2205 1701 2230 et
1733 2195 1923 2230 Ecclesiam
1959 2197 2141 2240 dissipent.

1155 2244 1293 2278 Deinde
1317 2245 1354 2277 in
1378 2246 1452 2291 ipsa
1476 2247 1628 2281 Ecclesia
1653 2259 1814 2291 magnae,
1848 2254 1880 2280 et
1903 2248 2141 2291 deplorandae

1156 2296 1378 2330 infirmitates
1411 2305 1510 2339 sunt,
1548 2299 1705 2343 undique
1737 2298 1844 2340 igitur
1875 2299 2026 2341 pericula
2059 2307 2140 2334 sunt

1155 2347 1222 2391 piis
1239 2347 1545 2389 gubernatoribus,
1573 2362 1661 2394 quae
1678 2349 1749 2391 regi
1769 2361 1839 2381 non
1859 2357 2003 2392 possunt
2020 2351 2138 2382 omnia

1155 2398 1324 2440 sapientia
1344 2396 1508 2438 humana,
1535 2401 1624 2433 sicut
1640 2399 1725 2432 dicit
1743 2397 1935 2443 Propheta:
1964 2400 2045 2434 Scio
2064 2401 2138 2434 Do-

1154 2449 1261 2492 mine,
1289 2461 1362 2482 non
1378 2457 1428 2483 est
1446 2448 1600 2484 hominis
1619 2450 1672 2483 via
1692 2450 1786 2488 eius,
1815 2462 1877 2483 nee
1896 2450 1961 2482 viri
1981 2458 2028 2484 est
2047 2451 2138 2484 diri-

1153 2510 1233 2542 gere
1248 2511 1384 2543 gressus
1401 2513 1493 2536 suos.
1551 2502 1632 2533 Ideo
1652 2508 1685 2534 et
1703 2498 1760 2534 hic
1778 2499 1937 2535 Christus
1955 2514 2017 2544 pro
2036 2503 2136 2536 nohis

1153 2558 1333 2594 precatur,
1365 2558 1403 2585 ut
1426 2551 1462 2584 in
1490 2549 1553 2585 hac
1579 2558 1675 2585 tanta
1698 2551 1864 2585 varietate
1898 2552 2134 2595 periculorum

1152 2613 1350 2641 servemur,
1377 2609 1410 2635 et
1426 2614 1525 2646 saepe
1541 2601 1626 2636 alias
1642 2602 1860 2646 promittitur
1880 2603 2049 2635 auxilium
2063 2630 2071 2642 ,
2096 2610 2134 2636 ut

1151 2649 1277 2685 Esaiae
1295 2652 1369 2686 46.;
1406 2652 1480 2696 Ego
1503 2660 1739 2687 senescentem
1763 2651 1953 2686 Ecclesiam
1980 2655 2133 2697 gestabO,

1151 2715 1214 2747 ego
1233 2703 1295 2736 feci
1308 2730 1317 2745 ,
1346 2715 1407 2747 ego
1424 2705 1591 2748 portabo,
1617 2711 1650 2740 et
1666 2704 1732 2739 salx
1742 2704 1807 2738 ubo
1826 2717 1910 2738 eain.
