2415 2942
274 106 348 143 995

277 195 476 235 tutio,quae
491 195 541 220 cst
559 187 676 219 futura
698 184 794 229 quasi
815 181 1023 215 resurrectio
1043 193 1082 213 ex
1105 180 1265 214 mortuis.

280 242 459 286 Significat
485 246 598 271 autem
626 237 701 268 ideo
731 235 902 277 reliquam
938 233 1105 264 uiatorem
1135 238 1267 275 partem

282 295 443 328 reiectam
463 301 552 328 esse,
580 288 660 332 quia
681 286 746 318 suit
767 284 932 317 fascinata
959 283 1202 325 persuasione,
1232 293 1268 313 se

282 356 353 377 esse
379 342 547 386 populum
574 337 635 370 Dei
661 344 691 369 et
723 336 929 372 Ecclesiam,
981 341 1121 377 propter
1147 344 1269 376 genus,

283 397 416 438 legem,
451 389 684 426 ceretiiuui.=s,
720 394 751 419 et
780 386 960 418 niernum:
992 396 1053 416 nec
1081 384 1175 416 alind
1214 383 1268 414 in-

284 446 491 479 tellexerunt
525 452 596 472 esse
629 437 844 479 Ecclesiam,
886 436 952 467 nisi
991 433 1078 467 lianc
1111 433 1268 477 politiam

287 495 478 529 Iudaicam.
507 491 607 524 Nunc
626 501 707 521 vero
728 485 776 525 lii„
791 488 849 531 qui
869 487 1106 529 recipiuntur,
1125 486 1270 522 discent,

287 546 383 580 aliud
409 555 480 576 esse
503 541 680 585 politiam,
709 539 803 571 aliud
825 536 1038 576 Ecclesiam,
1067 536 1160 568 aliud
1190 547 1271 578 pro-

287 596 490 630 missionem
517 594 690 624 bonorum
718 588 974 636 corporalium,
1000 587 1094 619 aliud
1123 585 1272 629 promis-

289 648 422 681 sionem
458 643 589 686 gratite
618 649 649 674 et
681 642 769 672 vitae
803 647 974 672 aeternae.
1037 636 1180 669 Discent
1209 635 1272 668 toti

289 697 486 735 Ecclesiae,
517 692 692 726 Gentibus
721 697 751 723 et
778 689 932 728 Iudaeis,
985 688 1078 720 velut
1107 687 1275 726 mortuis,

291 748 392 783 reddi
419 745 592 779 iusticiam
612 750 642 775 et
672 742 776 773 vitam
804 747 979 773 aeternam
1008 744 1150 781 propter
1179 736 1275 770 Mes-

293 801 398 838 siam,
435 804 464 829 et
486 807 544 839 per
563 805 642 827 eum
666 804 736 824 non
765 797 908 835 propter
932 789 1040 832 legem
1066 795 1125 821 aut
1152 787 1274 821 merita

293 849 492 884 hominum.

395 898 448 932 De
475 895 528 929 his
552 893 657 928 tantis
681 893 782 925 rebus
806 889 862 924 bic
885 890 1115 924 concionatur
1138 888 1279 930 Paulus,

297 961 431 994 semper
448 949 483 980 in
499 951 687 988 conspectu
707 955 776 975 esse
794 949 932 986 oportet
959 939 1049 974 hanc
1069 941 1279 977 doctrinam,

298 1002 394 1035 aliud
420 1010 491 1032 esse
511 995 698 1030 Ecclesiam
728 993 808 1033 Dei,
839 993 932 1025 aliud
958 992 1115 1035 politias,
1143 1003 1202 1023 seu
1227 1003 1279 1023 re-

300 1064 366 1096 gna
397 1048 544 1085 mundi,
587 1046 658 1078 sive
693 1043 893 1081 Iudaicum,
939 1044 1010 1075 sive
1046 1042 1281 1085 pontificium:

301 1103 383 1148 quia
409 1101 502 1133 filius
525 1097 610 1137 Dei,
641 1095 699 1140 qui
725 1102 774 1128 est
799 1101 901 1138 caput
929 1092 1122 1132 Ecclesiae,
1150 1092 1282 1133 colligit

303 1166 376 1187 eam
404 1163 486 1185 voce
513 1147 694 1190 Evangelii
723 1146 847 1189 passim
878 1157 917 1177 ex
943 1146 1089 1177 diversis
1115 1143 1284 1185 imperiis,

304 1212 336 1239 et
361 1200 552 1237 sanctificat
576 1211 649 1231 eam
675 1196 811 1240 Spiritu
837 1208 899 1229 suo
925 1202 1062 1235 sancto,
1102 1194 1219 1227 incoat
1248 1193 1284 1225 iu

306 1257 356 1288 eis
373 1260 550 1287 aeternam
568 1249 741 1282 iusticiam
761 1254 793 1281 et
812 1248 918 1280 vitam
939 1247 973 1278 in
994 1247 1108 1279 corde.
1150 1246 1285 1277 Interea

308 1307 342 1339 in
361 1303 425 1337 hac
442 1302 565 1335 vitain
590 1299 685 1332 civili
707 1298 960 1331 consuetudine
985 1296 1068 1329 sinit
1094 1307 1153 1328 sua
1177 1308 1288 1327 mem-

308 1359 370 1390 bra
400 1354 450 1388 uti
476 1352 611 1394 legibus
642 1349 896 1391 imperiorum,
934 1348 970 1378 in
996 1347 1123 1391 quilius
1147 1347 1288 1383 vivunt,

311 1403 586 1448 congruentibus
609 1412 688 1433 cum
717 1399 878 1436 ratione,
922 1398 1008 1430 sicut
1036 1396 1119 1429 sinit
1149 1408 1206 1427 eos
1238 1396 1286 1426 uti

312 1455 543 1491 dissimilibus
572 1451 692 1495 spatiis
721 1450 857 1481 dierum
883 1456 917 1482 et
948 1447 1103 1480 noctium
1130 1455 1193 1480 etc.
1248 1443 1289 1477 Et

313 1508 454 1552 quidem
477 1515 556 1537 vera
574 1501 732 1535 collectio
752 1498 925 1532 Ecclesiae
943 1499 991 1530 sic
1013 1498 1066 1535 fu,
1091 1504 1127 1529 ut
1153 1496 1293 1528 restitu-

313 1560 361 1593 tio
388 1557 479 1590 vitae
504 1566 544 1587 ex
567 1558 696 1590 morte,
733 1551 849 1590 idest,
879 1548 1014 1582 Omnes
1033 1554 1112 1579 sunt
1133 1547 1196 1579 sul)
1216 1558 1294 1589 pec-

315 1616 390 1643 cato
408 1615 438 1639 et
458 1606 507 1639 rei
528 1605 596 1637 irae
613 1601 696 1642 Dei,
726 1614 787 1633 nec
811 1607 951 1643 propter
968 1600 1077 1641 legem
1097 1605 1155 1631 aut
1174 1597 1295 1629 merita

318 1659 459 1705 propria
484 1657 570 1689 fiunt
590 1652 758 1686 haeredes
776 1651 865 1684 vitae
891 1657 1069 1689 aeternae,
1107 1649 1166 1681 sed
1190 1647 1297 1691 gratis

317 1716 460 1757 propter
486 1707 595 1739 filium
619 1704 696 1736 fide.

420 1758 514 1792 Haec
531 1755 690 1789 doctrina
707 1760 738 1786 et
757 1752 949 1785 consolatio
975 1751 1011 1783 in
1033 1747 1088 1782 his
1106 1750 1220 1782 verbis
1246 1760 1299 1780 re-

322 1812 426 1858 petita
455 1816 522 1849 est,
559 1808 594 1839 in
614 1817 681 1850 qua
707 1811 821 1848 postea
848 1809 1104 1841 commoratur,
1127 1801 1211 1833 etin
1231 1799 1299 1831 fine

322 1862 419 1896 addit
444 1857 693 1902 epiphonema:
737 1853 920 1887 Conclusit
944 1865 1066 1885 omnes
1091 1853 1156 1884 sul)
1181 1862 1300 1894 pecca-

321 1923 415 1953 tum,
442 1919 478 1943 nt
496 1909 653 1943 omnium
671 1906 892 1942 misereatur,
922 1904 1018 1948 quasi
1040 1904 1147 1935 dicat:
1176 1901 1302 1943 Argnit

323 1970 517 2010 peccatum,
552 1970 624 1991 non
649 1964 686 1990 ut
713 1957 850 1999 perdat,
888 1956 944 1987 sed
972 1961 1008 1986 ut
1027 1955 1145 1996 agnito
1165 1959 1302 1996 peccato

325 2016 506 2048 credamus
523 2007 758 2054 promissioni,
780 2015 811 2038 et
831 2017 1057 2045 agnoscamus
1074 2005 1197 2041 tilium,
1215 2003 1301 2035 sicut

325 2069 360 2099 in
386 2066 582 2097 iuramento
603 2059 747 2092 dicitur:
785 2056 872 2100 Vigo
898 2069 981 2098 ego,
1019 2054 1305 2091 dicitDominus,

325 2117 409 2150 nolo
436 2120 583 2147 mortem
614 2108 822 2154 peccatoris,
865 2109 924 2140 sed
950 2115 987 2140 ut
1018 2112 1243 2139 convertatur
1275 2111 1304 2137 et

325 2169 428 2200 vivat.

592 2232 694 2268 Nolo
713 2244 771 2265 eos
792 2231 962 2275 ignorare
982 2235 1041 2265 etc.

432 2314 509 2347 Vati
537 2313 569 2343 iu
586 2319 652 2342 =tur
679 2309 807 2341 Paulus
835 2311 875 2338 de
901 2308 1002 2339 ruina
1027 2305 1200 2338 Ecclesiae
1224 2316 1303 2347 gen—

494 2364 530 2396 ld
559 2369 702 2393 eventus
728 2359 891 2392 ostendit.
951 2357 1076 2390 Statim
1104 2363 1180 2398 post
1203 2357 1307 2388 disci-

332 2418 432 2463 pulos
450 2413 701 2461 Apostolorum
720 2417 856 2442 exortae
882 2416 961 2441 sunt
981 2406 1169 2440 horribiles
1185 2416 1307 2447 sectae,

331 2477 363 2502 et
392 2478 469 2500 cum
504 2463 669 2507 paulatim
700 2460 968 2493 dilacerationes
996 2459 1144 2490 maiores
1175 2458 1308 2498 fierent,

331 2369 429 2401 tium.

332 2517 465 2552 invenit
497 2511 720 2546 Maltometus
758 2517 978 2554 praeparatos
1004 2509 1194 2540 multorum
1232 2509 1305 2540 ani-

332 2582 405 2602 mos
431 2568 471 2599 ad
497 2576 604 2607 genus
634 2563 769 2594 doctrin
787 2575 811 2593 ie
846 2561 1029 2603 plausibile
1054 2568 1080 2591 et
1110 2559 1277 2600 politicum
1294 2585 1304 2599 ,

329 2634 399 2666 quo
436 2626 578 2661 prorsus
606 2614 741 2645 deletur
775 2611 1016 2654 Evangelium.
1079 2609 1129 2642 Ita
1167 2610 1201 2641 in
1236 2616 1303 2642 tota

331 2669 482 2715 ξ*ψῂγῐμῃ
507 2673 539 2699 et
566 2666 599 2696 in
629 2677 659 2695 m
687 2676 749 2706 gna
778 2670 870 2705 parte
888 2663 991 2694 Asiae
1021 2674 1161 2705 prorsus
1185 2659 1301 2693 Ereta-

879 93 1005 128 PHlL.
1033 93 1148 130 MEL.
1177 90 1382 129 SCRIPTA
1418 94 1714 132 ExEGETtCA.

2226 96 2301 133 996

1724 181 1769 216 Et
1787 183 1821 215 in
1842 183 1982 228 Europa
2002 183 2151 228 Papatus
2174 183 2304 216 consti—

1322 233 1389 265 tuit
1416 233 1645 276 multiplicem
1671 232 1890 274 idolatriam,
1926 235 2163 268 inxocationes
2189 231 2305 266 homi-

1323 295 1407 315 num
1433 290 1672 321 mortuorum,
1701 284 1979 327 profanationem
2006 298 2133 318 coenae
2158 284 2303 318 Domini

1324 335 1360 365 iu
1387 332 1513 374 Missa,
1552 341 1583 367 et
1611 334 1645 366 iu
1672 335 2010 378 circumgestatione.
2064 335 2167 376 Item,
2205 335 2305 368 satis-

1295 414 1299 439 1
1323 384 1492 417 sactiones
1511 392 1542 417 et
1563 382 1808 417 Mouacliatus.
1864 385 1970 423 Item,
2009 386 2149 418 extinxit
2175 387 2305 418 doctri-

1296 444 1299 487 ,
1325 448 1406 467 uam
1430 436 1473 467 de
1495 435 1617 468 officiis
1636 448 1863 479 personarum
1880 436 2101 476 Divinitatis,
2130 444 2161 469 et
2186 437 2229 468 de
2252 437 2306 469 iu-

1297 489 1300 530 l
1325 485 1543 521 stificatione.
1602 484 1645 519 Et
1672 498 1764 519 nunc
1793 487 1905 530 palam
1939 494 2096 520 exercent
2124 486 2308 519 Pontifices

1326 536 1505 569 saevitiam
1527 537 1560 568 in
1579 549 1655 577 eos,
1683 538 1740 582 qui
1768 538 1953 580 puritatem
1972 537 2155 580 Evangelii
2175 536 2308 581 ample—

1327 593 1482 620 ctuntur.
1537 586 1635 620 Hanc
1655 588 1888 621 desertionem
1910 588 1945 621 in
1966 589 2112 621 maxima
2136 594 2232 632 parte
2250 598 2308 630 ge-

1330 639 1422 670 neris
1447 635 1592 671 humani
1621 639 1787 682 praedicit
1812 636 1868 671 hic
1889 638 2038 679 Paulus,
2066 646 2097 672 et
2119 645 2232 671 tamen
2255 641 2307 670 in·

1329 695 1380 721 ter
1405 685 1467 721 bas
1494 689 1614 721 ruinas
1640 696 1752 722 servat
1774 688 1869 723 Deus
1894 690 2059 734 reliquias
2084 689 2240 734 aliquas,
2268 700 2310 720 ne

1331 745 1443 771 totum
1461 750 1569 782 genus
1597 737 1791 772 humanum
1812 741 1938 773 frustra
1963 748 1995 773 et
2022 747 2158 773 tantum
2179 740 2220 772 ad
2240 738 2312 771 exi—

1332 789 1419 823 tium
1446 798 1619 824 nascatur.
1681 790 1775 824 Haec
1800 791 2079 831 consideremus,
2123 797 2155 823 et
2182 789 2313 822 maiore

1332 851 1413 873 cura
1437 840 1779 885 cirwmspiciamus,
1822 853 1909 886 quae
1936 849 1967 875 et
1992 842 2051 875 ubi
2077 842 2122 875 sit
2144 838 2312 882 Ecclesia,

1334 897 1366 924 et
1391 902 1454 923 nos
1476 892 1518 924 ad
1542 903 1616 924 eam
1635 892 1876 935 adiungamus.

1322 181 1392 213 site
1417 182 1550 214 deletae
1577 189 1669 215 sunt.

1439 965 1547 1000 Addit
1575 967 1678 999 etiam
1706 966 1834 1000 Paulus
1860 968 2064 1000 vaticinium
2090 969 2133 1000 de
2161 968 2316 1000 ‘convcr—

1336 1019 1433 1051 sione
1468 1017 1693 1057 ludaeorum,
1734 1022 1826 1062 quod
1859 1019 1907 1051 sic
1939 1018 2118 1060 intelligo,
2159 1018 2317 1050 futurum

1338 1080 1428 1108 esse,
1456 1075 1493 1101 ut
1510 1069 1660 1101 subinde
1685 1080 1793 1112 usque
1817 1070 1858 1101 ad
1886 1070 1988 1101 finem
2007 1069 2129 1101 mnndi
2149 1068 2258 1112 aliqui
2278 1079 2318 1099 ex

1340 1119 1476 1152 ludaeis
1501 1127 1762 1154 convertantur.
1814 1119 1954 1151 Essaiae
1980 1119 2111 1152 dictum
2131 1119 2319 1152 conciona-

1341 1177 1398 1203 tur
1421 1171 1464 1202 de
1489 1172 1642 1202 adventu
1663 1169 1822 1202 Messiae.
1874 1169 1963 1203 Cum
1991 1182 2029 1202 ex
2057 1170 2192 1211 virgine
2219 1175 2320 1201 natus

1340 1229 1406 1260 est,
1435 1228 1517 1253 tunc
1535 1221 1646 1264 palam
1666 1222 1804 1260 dot-uit,
1832 1221 1943 1254 edidit
1965 1221 2182 1257 testimonia,
2210 1221 2322 1252 factus

1341 1279 1386 1304 est
1416 1271 1573 1311 victima,
1611 1272 1815 1313 resurrexit,
1845 1272 1938 1305 misit
1956 1271 2127 1314 Spiritum
2151 1277 2322 1309 sanctum,

1343 1329 1374 1355 et
1398 1322 1550 1354 incoavit
1574 1321 1755 1364 Evangelii
1784 1323 2090 1366 praedicationem.

1450 1395 1538 1429 Nota
1565 1397 1605 1428 sit
1632 1405 1746 1429 autem
1774 1403 1844 1429 tota
1869 1397 1991 1429 concio
2007 1395 2131 1430 Esaiae
2155 1396 2190 1428 in
2213 1395 2324 1438 capite

1345 1445 1425 1486 59.‚
1456 1447 1536 1490 quia
1559 1447 1711 1480 continet
1729 1448 1965 1479 dulcissimam
1991 1448 2184 1480 doctrinam
2204 1447 2246 1478 (le
2262 1447 2322 1478 be-

1348 1497 1477 1529 neflciis
1500 1495 1631 1529 Clu-isti
1661 1505 1692 1530 et
1716 1499 1757 1529 de
1787 1496 1960 1537 Ecclesia,
1986 1498 2137 1530 ostendit
2165 1497 2248 1541 quid
2280 1496 2322 1528 sit

1350 1559 1427 1579 vera
1453 1545 1625 1585 Ecclesia,
1661 1555 1691 1579 et
1717 1548 1866 1580 affirmat
1890 1560 2026 1590 semper
2049 1548 2202 1592 aliquam
2231 1547 2325 1579 futu-

1351 1609 1423 1630 ram
1449 1609 1537 1630 esse:
1575 1596 1702 1629 Veniet
1727 1609 1765 1629 ex
1790 1597 1877 1630 Sion
1901 1599 2095 1636 redemtor,
2135 1597 2195 1630 ubi
2226 1609 2325 1628 voca-

1353 1648 1423 1680 buli
1451 1646 1626 1690 empbasis
1648 1655 1729 1680 nota
1754 1648 1816 1686 sit,
1843 1647 2036 1682 Redemtor
2054 1655 2121 1685 est,
2162 1647 2220 1692 qni
2246 1648 2325 1679 dato

1353 1698 1463 1741 pretio
1498 1699 1605 1730 alium
1642 1699 1777 1731 liberat.
1836 1697 1882 1731 Et
1915 1705 2046 1732 avertet
2076 1698 2277 1742 iniquitates
2309 1711 2326 1730 a

1356 1749 1475 1782 lac-oli:
1522 1749 1599 1781 ideo
1619 1750 1771 1782 mittitur
1787 1747 1965 1790 Christus,
2011 1756 2049 1783 ut
2074 1761 2192 1781 revera
2218 1749 2330 1781 deleat

1355 1807 1490 1844 peccata
1516 1801 1694 1839 omnium,
1722 1800 1780 1844 qui
1806 1802 1953 1834 credunt
1977 1800 2012 1832 in
2032 1812 2121 1834 eum,
2173 1798 2216 1831 Et
2236 1799 2330 1838 cogi-

1355 1858 1446 1885 tetur
1470 1851 1642 1893 integrum
1669 1851 1893 1890 beneficium,
1921 1851 2072 1883 restituit
2096 1851 2201 1883 vitam
2226 1858 2256 1882 et
2277 1849 2330 1880 iu-

1357 1902 1489 1935 sticiam
1511 1910 1708 1943 aeternam,
1743 1902 1829 1935 sicut
1846 1909 1877 1934 et
1894 1901 2020 1933 Daniel
2040 1901 2207 1945 loquitur.
2260 1899 2331 1932 Dc-

1359 1953 1440 1984 inde
1472 1952 1520 1984 ibi
1552 1950 1672 1985 Esaias
1701 1953 1798 1985 addit
1828 1953 2033 1985 concionem
2067 1953 2108 1984 de
2137 1949 2329 1984 Ecclesiae:

1359 2002 1434 2036 Hoc
1458 2010 1506 2035 est
1536 2004 1658 2036 foedus
1682 2015 1796 2036 meum
1825 2016 1901 2036 cum
1927 2003 1991 2042 eis,
2029 2003 2113 2035 dicit
2146 2000 2333 2039 Dominus,

1359 2054 1504 2097 spiritus
1522 2066 1635 2093 meus,
1663 2054 1722 2099 qui
1747 2061 1795 2086 est
1818 2054 1852 2086 in
1878 2061 1928 2094 te,
1955 2061 1986 2087 et
2003 2054 2105 2085 verba
2125 2065 2218 2090 mea,
2247 2063 2334 2096 quae

1363 2105 1459 2149 posui
1482 2105 1516 2136 in
1536 2117 1594 2137 ore
1613 2113 1691 2143 tuo,
1721 2117 1791 2136 non
1809 2106 1971 2137 recedent
1987 2105 2029 2137 al)
2051 2116 2110 2137 ore
2135 2111 2212 2141 tuo,
2241 2110 2272 2136 et
2290 2104 2333 2135 ab

1362 2168 1420 2187 ore
1447 2155 1588 2188 seminis
1612 2157 1682 2196 tui,
1712 2168 1804 2188 nunc
1828 2163 1859 2189 et
1881 2167 1990 2200 usque
2014 2155 2050 2187 in
2072 2154 2334 2198 sempiternum,

1364 2207 1396 2238 id
1417 2213 1485 2244 est,
1520 2203 1602 2237 baec
1617 2214 1661 2238 est
1694 2219 1770 2238 vera
1791 2205 1961 2244 Ecclesia,
1997 2206 2031 2238 in
2052 2218 2117 2249 qna
2139 2211 2238 2238 sonat
2259 2216 2334 2235 ver-

1364 2258 1445 2289 bum
1470 2258 1587 2288 datum
1615 2257 1733 2289 Esaiae
1755 2259 1797 2289 de
1821 2259 2014 2289 redemtore
2048 2256 2191 2289 tollente
2218 2267 2335 2298 peeca-

1364 2315 1449 2347 tum⁷
1466 2315 1495 2340 et
1515 2308 1550 2339 iu
1571 2321 1606 2338 ea
1626 2316 1716 2340 certo
1735 2308 1994 2341 sanctificantur
2010 2309 2189 2339 credentes
2201 2306 2335 2349 Spiritu

1363 2366 1492 2392 sancto.
1547 2358 1669 2390 'l'alvm
1687 2357 1875 2392 Ecclesiam
1890 2370 2024 2401 semper
2042 2369 2238 2393 mansuram
2264 2367 2334 2388 esse

1362 2409 1532 2447 aslirmat,
1554 2422 1753 2453 quanquam
1775 2410 1858 2441 alias
1881 2410 2006 2452 magis,
2033 2408 2117 2441 alias
2134 2408 2249 2440 miuus
2267 2407 2335 2440 sre-

1363 2471 1472 2504 quens
1501 2466 1566 2492 est:
1609 2467 1640 2493 et
1666 2461 1745 2503 quia
1773 2472 1872 2503 saepe
1904 2461 1961 2492 lux
1993 2459 2172 2491 doctrinae
2202 2456 2240 2491 fit
2271 2459 2335 2490 ob-

1361 2510 1514 2549 scurior,
1550 2510 1641 2543 filius
1668 2509 1733 2544 Dei
1762 2512 1911 2543 subinde
1940 2524 2013 2541 eam
2044 2509 2211 2549 restituit,
2248 2509 2336 2540 sicut

1359 2560 1460 2593 Luna
1495 2561 1579 2593 alias
1614 2562 1716 2595 aliter
1749 2562 1867 2594 lumen
1901 2574 1916 2593 a
1947 2561 2026 2594 Sole
2055 2561 2188 2603 accipit.
2244 2558 2337 2592 Haec

1330 2624 1333 2688 Ιι
1360 2611 1546 2654 descriptio
1572 2610 1745 2646 Ecclesiae
1775 2613 1867 2656 apud
1903 2610 2042 2644 Esaiam
2072 2611 2236 2644 omnibus
2274 2621 2336 2642 no-

1330 2693 1333 2702 ,
1360 2662 1490 2694 tissima
1519 2663 1574 2697 sit.
