2415 2942
272 87 341 122 491
865 76 990 113 prun
1018 76 1134 116 MEL.
1159 75 1371 113 scmPTA
1397 75 1695 115 ExaemtcA.
2224 81 2296 116 492

270 171 327 207 chi
347 168 607 216 pollicebantur
628 163 771 198 divitias
787 163 985 198 cultoribus
1003 162 1149 203 Annae,
1176 175 1260 208 pro-

270 223 455 256 mittebant
480 217 616 251 coelum
642 214 874 248 induentibus
896 214 1091 255 cucullum,
1115 221 1148 248 et
1165 226 1260 248 nunc

271 269 523 313 Anabaptistae
546 267 634 300 mira
658 265 771 310 specie
794 263 1004 299 humilitatis
1025 277 1061 298 se
1081 277 1261 299 commen-

270 323 355 355 dant
381 320 506 362 vulgo,
533 318 701 350 damnant
725 327 846 349 omnes
873 317 1115 360 magistratus,
1141 316 1259 351 omnia

271 370 412 416 publica
430 370 525 408 iura,
549 379 689 401 omnem
707 366 915 400 doctrinam.
969 365 1065 400 Haec
1093 378 1173 401 cum
1196 379 1261 400 na-

271 431 350 456 tura
367 420 491 463 vulgus
508 419 640 459 oderit,
667 428 834 460 magnum
857 424 1075 451 momentum
1097 418 1261 452 adferunt

272 474 315 506 ad
333 471 565 516 impellendos
588 469 736 503 animos.
788 467 858 502 Sed
879 468 988 502 altera
1005 480 1086 513 pars
1109 468 1262 513 imponit

272 523 375 557 etiam
387 520 678 570 prudentioribus
687 519 782 564 quod
794 518 945 553 afferunt
955 519 1090 554 erudite
1101 519 1262 563 cogitata,

273 585 361 619 quae
389 584 462 606 non
487 569 682 605 abhorrent
707 581 725 603 a
749 569 881 604 iudicio
911 570 1079 611 rationis,
1116 576 1156 604 ut
1179 581 1259 603 cnm

274 626 419 664 docent,
460 622 555 668 quod
579 632 686 667 opera
710 627 830 656 nostra
858 620 1071 656 satisfaciant
1094 632 1158 665 pro
1179 631 1260 666 pec-

1310 163 1418 206 catis,
1451 164 1548 210 quod
1572 162 1709 198 iusticia
1732 161 1798 198 Dei
1821 163 1914 199 nihil
1937 165 1982 201 sit
2006 165 2074 199 nisi
2098 163 2183 200 haec
2206 166 2295 200 cix-i-

1310 215 1396 249 lium
1414 227 1559 260 operum
1575 214 1764 249 simulatio.
1816 214 1912 250 Haec
1928 217 2167 251 defenduntur
2190 228 2294 261 argu-

1310 266 1437 299 mentis
1462 266 1500 299 in
1525 265 1661 300 ratione
1685 265 1797 309 natis,
1825 267 1884 299 sed
1900 278 1964 300 nos
1988 279 2176 313 sequamur
2191 267 2294 301 Pauli

1310 316 1589 350 admonitionem
1601 342 1611 358 ‚
1636 323 1671 350 et
1687 316 1785 349 nulla
1802 316 1964 360 dogmata
1980 318 2191 362 recipiamus
2208 330 2294 352 con-

1311 375 1363 401 tra
1387 367 1608 412 scripturam.
1666 366 1756 400 Nam
1782 366 1819 399 in
1842 366 1973 400 iudicio
1994 366 2060 401 Dei
2083 381 2156 402 non
2181 375 2295 414 potest

1311 415 1465 452 humana
1487 430 1587 452 mens
1609 417 1799 451 consistere
1826 416 1902 451 sine
1926 418 2033 451 verbo
2058 417 2136 452 Dei.
2185 417 2294 454 Chri-

1312 475 1384 502 stus
1408 469 1574 503 exuscitet
1600 469 1705 502 corda
1729 475 1869 509 nostra,
1895 474 1936 502 ut
1960 480 2041 501 vere
2068 480 2294 512 agnoscamus

1313 519 1449 562 ipsum,
1475 526 1509 553 et
1533 519 1718 564 dissipatas
1735 517 1910 553 Ecclesias
1930 519 2066 563 redigat
2089 521 2127 553 in
2149 531 2295 554 concor-

1311 570 1407 604 diam
1427 569 1520 615 piam
1538 576 1570 604 et
1589 577 1804 615 perpetuam.

1735 618 1863 654 Arnen.
