2415 2942
272 121 320 157 59

828 194 903 227 Ibe
936 198 1157 237 portentosae
1181 189 1259 234 opi-

957 243 1039 276 [deo
1069 252 1126 275 eas
1159 251 1259 284 prae·

275 217 354 240 nos,
398 204 531 235 diversa
564 201 762 233 con-lentes.

274 256 396 288 nioues
429 253 527 285 facile
555 249 695 284 refutari
737 252 890 290 possunt.

276 314 379 338 lesen.

652 395 782 447 Caput
824 393 877 433 11.

376 482 485 515 Lucas
518 479 563 511 ait
598 475 779 511 Christum
813 475 1026 519 baptizatum
1058 486 1146 511 esse,
1182 486 1260 506 cum

276 542 376 568 natus
393 538 478 564 esset
497 540 608 561 annos
629 527 689 567 30,
713 539 750 560 ac
769 533 912 559 narrant
930 538 1003 558 eam
1023 525 1115 557 diem
1136 524 1259 557 lanua-

276 585 336 623 rii,
365 594 452 627 quae
473 587 618 612 vocatur
639 575 655 623 ᾗ
681 574 891 622 ἐῖιιᾳάιέια,
929 577 1020 609 diem
1050 587 1121 607 esse
1148 575 1261 618 bapti·
1288 587 1290 591 ’

276 635 355 668 smi.
411 632 521 676 quue.
542 641 670 662 nomen
695 628 881 661 iustissime
904 627 955 659 illi
986 626 1055 658 diei
1082 626 1262 665 tribuitur,

277 684 370 730 quod
389 682 555 715 diviuitas
572 681 618 712 ita
634 691 667 712 se
684 678 855 717 ostendit,
880 684 917 711 ut
938 677 1121 710 distinctae
1146 688 1262 719 perso-

277 747 341 769 nae
369 734 654 776 conspicerentur
678 742 694 762 a
719 728 896 771 Baptista,
940 735 977 760 ut
1003 739 1105 769 supra
1130 727 1262 759 dictum

278 793 338 818 est.
395 783 477 816 Post
500 783 712 826 baptismum
736 778 897 813 Christus
922 778 1059 811 secessit
1083 778 1119 809 in
1147 779 1261 809 deser-

278 844 373 872 tum,
401 834 462 867 ubi
485 834 558 865 dies
581 834 629 865 40
654 836 902 867 commoratus,
941 836 1057 871 postea
1082 828 1123 859 ad
1142 826 1263 869 Bapti-

279 894 365 920 stam
383 885 506 922 rediit,
537 884 616 915 iude
635 881 735 914 tertio
760 880 816 912 die
839 879 931 912 venit
950 880 985 910 in
1005 876 1200 910 Galilaeam
1220 877 1261 909 ad

281 936 441 980 nuptias,
470 935 557 966 circa
576 934 679 965 tinem
699 930 824 962 mensis
842 928 1043 965 Februarii,
1072 927 1168 960 brevi
1188 932 1264 970 post

279 992 435 1020 recenset
469 990 582 1017 textus
606 979 754 1019 Pascha,
794 980 886 1024 quod
921 978 1075 1021 primum
1108 984 1158 1010 est
1188 983 1266 1020 post

280 1036 490 1080 baptismum
519 1031 662 1065 Christi.
716 1029 810 1062 Haec
838 1041 876 1061 eo
904 1039 1159 1066 commemoro,
1183 1027 1264 1071 quia

282 1095 478 1129 temporum
499 1082 678 1116 distinctio
696 1081 848 1113 iucunda
873 1086 923 1111 est
947 1079 1087 1117 lectori,
1121 1084 1152 1109 et
1174 1089 1266 1109 non-

281 1134 372 1170 nihil
399 1135 484 1167 lucis
509 1134 617 1166 affert.
671 1132 831 1174 Suntque
862 1129 961 1162 initia
995 1128 1181 1161 ministerii
1205 1128 1267 1159 ad-

283 1186 463 1223 miranda,
487 1185 522 1216 in
543 1183 715 1227 baptismo
735 1182 867 1214 editum
891 1187 939 1212 est
959 1180 1092 1212 illustre
1112 1178 1268 1211 testimo-

283 1239 404 1273 nium,
438 1248 507 1280 quo
540 1241 572 1267 et
598 1233 821 1266 confirmatus
847 1237 897 1263 est
922 1230 994 1273 ipse
1017 1227 1197 1266 Christus,
1236 1234 1269 1261 et

284 1287 526 1321 commendata
543 1284 645 1317 nobis
661 1283 734 1315 eius
753 1281 921 1314 autoritas
947 1278 1011 1312 hac
1036 1291 1135 1312 voce:
1164 1278 1269 1311 IIunc

284 1338 414 1371 audite.
459 1335 552 1368 Haec
573 1334 725 1371 vocatio,
751 1330 834 1365 haec
854 1331 1050 1375 promotio,
1077 1337 1115 1363 ut
1132 1336 1270 1369 vocant,

284 1387 368 1421 haec
393 1386 568 1420 ordinatio
594 1385 732 1429 publica
761 1389 811 1415 est
837 1380 941 1414 huius
965 1380 1129 1414 doctoris.
1190 1379 1270 1413 Non

285 1439 392 1482 igitur
410 1437 582 1479 obrepsit,
609 1447 680 1467 non
706 1434 783 1466 sine
807 1433 989 1465 manifesta
1015 1432 1198 1465 vocatione
1215 1430 1271 1463 in-

285 1489 371 1522 vasit
391 1489 426 1520 in
448 1487 704 1525 ministerium,
740 1485 796 1517 sed
823 1483 1041 1516 vocationem
1068 1481 1273 1526 expectavit,

285 1547 323 1573 ut
339 1538 602 1572 meminerimus
625 1534 916 1579 gubernationem
943 1533 1076 1566 nullam
1100 1533 1272 1565 invaden-

286 1592 365 1623 dam
383 1600 454 1622 esse
474 1589 547 1621 sine
564 1599 642 1619 vera
666 1587 870 1624 vocatione,
904 1584 1000 1618 iuxta
1024 1584 1112 1616 illud
1130 1584 1172 1616 ad
1189 1581 1273 1616 Ebr.

286 1640 336 1675 5.:
364 1638 474 1672 Nemo
493 1639 558 1671 sibi
577 1644 689 1670 sumat
708 1634 894 1678 honorem,
923 1636 981 1667 sed
1000 1641 1141 1667 vocetur
1161 1633 1274 1673 aDeo,

287 1693 375 1724 sicut
394 1691 523 1722 Aaron.
581 1689 650 1721 Mc
669 1687 761 1719 enim
779 1686 860 1718 felix
881 1692 929 1718 est
947 1685 1154 1727 gubernatio
1168 1712 1177 1725 ,
1205 1683 1273 1716 nisi

288 1742 366 1775 Deo
383 1741 588 1778 adiuvante,
624 1745 659 1771 ut
684 1737 840 1780 Baptista
866 1736 999 1779 inquit:
1028 1735 1137 1767 Nemo
1165 1741 1276 1778 potest

290 1793 475 1838 quicquam
493 1790 557 1822 sibi
577 1800 732 1828 sumere,
759 1787 827 1818 nisi
843 1786 887 1819 sit
906 1787 934 1817 ei
954 1786 1072 1818 datum
1092 1787 1251 1828 desuper.

392 1848 485 1881 llaec
517 1848 677 1880 doctrina
715 1846 901 1887 diligenter
940 1844 1123 1886 cogitanda
1156 1850 1206 1876 est
1238 1841 1275 1874 in

290 1900 425 1943 magnis
455 1900 579 1938 rebus,
616 1910 660 1929 ne
692 1896 816 1929 fiducia
850 1893 1022 1932 humana,
1065 1894 1141 1927 sine
1172 1904 1276 1926 voca-

291 1953 407 1989 tione,
441 1950 516 1982 sine
540 1947 704 1991 legitimis
728 1946 854 1985 causis,
889 1957 944 1978 res
971 1956 1113 1987 magnas
1136 1955 1276 1976 movea-

293 2015 389 2037 mus,
418 2008 452 2033 ut
473 1999 584 2033 Levit.
608 1999 663 2033 10.
690 1997 769 2030 Duo
793 1996 855 2028 filii
871 1996 992 2028 Aaron
1018 1995 1159 2027 maximi
1181 2002 1278 2034 natu,

295 2052 416 2086 Nadab
442 2057 474 2083 et
499 2047 642 2089 Abihu,
675 2049 753 2081 freti
777 2047 1034 2091 praerogativa,
1069 2047 1162 2090 quod
1182 2052 1280 2078 ante-

295 2104 452 2135 cederent
480 2107 631 2134 caeteros
658 2106 786 2138 aetate,
821 2098 1061 2130 sacrificabant
1085 2097 1159 2128 sine
1177 2108 1279 2128 voca-

295 2154 407 2192 tione,
451 2158 484 2184 et
513 2152 551 2183 in
578 2150 683 2184 Num.
715 2162 786 2192 cap.
813 2148 870 2181 16.
900 2146 1035 2188 Chore,
1081 2144 1222 2179 Dathan
1249 2153 1281 2179 et

296 2204 441 2236 Abit-am
462 2208 625 2244 pereunt,
655 2212 731 2233 cum
759 2200 932 2232 invadunt
956 2197 1187 2231 sacerdotium
1206 2197 1281 2230 sine

296 2253 490 2286 vocatione.
550 2252 608 2285 Sic
640 2250 915 2283 innumerabiles
948 2250 1051 2282 duces
1091 2248 1281 2291 perierunt,

298 2310 481 2351 propterea
501 2303 592 2346 quod
611 2302 756 2345 imperia
775 2301 849 2333 sine
866 2300 1050 2333 vocatione
1070 2299 1284 2339 invaserunt,

299 2361 336 2387 ut
356 2353 552 2391 Antonius,
581 2359 614 2385 et
637 2353 707 2386 alii.
760 2350 855 2384 Haec
877 2357 915 2384 ut
940 2349 1144 2383 brevissime
1162 2350 1203 2382 de
1222 2362 1283 2382 vo-

301 2404 437 2436 catione.
455 2403 623 2442 dicerem,
653 2404 737 2434 ordo
756 2400 924 2435 historiae
942 2401 1158 2445 postulabat,
1187 2412 1284 2433 curn-

301 2467 367 2499 que
389 2455 482 2486 locus
509 2453 553 2485 sit
576 2453 826 2496 amplissimum,
860 2452 968 2485 multa
997 2451 1120 2484 lectori
1146 2448 1202 2484 hic
1227 2463 1285 2483 co—

302 2505 442 2547 gitanda
465 2510 556 2537 sunt.

406 2561 486 2594 Post
505 2562 720 2594 vocationem
741 2558 1137 2604 praeparaturChristus
1154 2560 1286 2592 miran-

304 2613 356 2645 dis
375 2612 647 2647 tcntationibus,
683 2624 744 2643 nec
770 2612 884 2644 verbis
911 2612 1058 2644 describi
1088 2612 1146 2644 illa
1169 2622 1286 2656 pugna

845 110 978 144 mm..
1008 107 1121 143 MEL.
1150 104 1357 141 SCRIPTA
1385 99 1683 139 EXEGETICA.

2237 101 2285 136 60

1309 189 1461 229 catione,
1498 194 1537 221 ut
1561 186 1728 219 moliatur
1749 195 1804 218 res
1824 185 1990 228 gloriosas
2013 191 2108 219 extra
2133 185 2288 220 vocatio-

1309 252 1389 273 nem
1402 266 1410 279 ,
1437 246 1476 272 ut
1494 238 1636 271 invadat
1653 236 1777 269 mundi
1796 235 1955 278 imperia,
1981 243 2019 269 nt
2037 236 2190 269 stabiliat
2209 237 2287 269 ido-

1309 290 1459 324 latriam.
1511 287 1590 322 Non
1608 288 1650 320 de
1670 286 1786 330 parvis
1804 287 1908 319 rebus
1923 287 2100 320 dimicatio
2116 287 2182 321 suit
2199 286 2291 320 inter

1310 339 1489 375 Christum
1514 346 1547 372 et
1571 338 1769 371 diabolum:
1806 343 1838 369 et
1862 348 2061 381 quanquam
2084 348 2147 370 nos
2170 334 2290 370 iubae

1311 397 1429 425 nostra
1444 389 1646 422 infirmitate
1662 388 1764 433 quale
1780 387 1885 421 suerit
1907 387 1994 419 illud
2019 394 2193 420 certamen
2218 399 2291 420 non

1312 441 1559 484 intelligimus,
1586 446 1701 472 tamen
1726 445 1868 481 propter
1894 438 2016 470 seriem
2042 435 2206 471 historiae
2227 438 2293 471 ali-

1313 493 1396 538 quid
1414 491 1568 524 breviter
1584 491 1626 523 de
1642 489 1894 523 tentationibus
1910 488 2086 521 adiiciam.

1413 541 1571 575 Primum
1588 540 1724 585 quoties
1740 540 1782 572 de
1806 537 1860 572 his
1884 546 1917 572 et
1939 539 2016 571 aliis
2040 538 2294 571 tentationibus

1315 591 1448 628 Christi
1471 591 1618 629 dicitur,
1661 590 1762 623 initio
1788 589 1978 632 cogitemus
2002 595 2174 622 certamen
2199 589 2294 634 quod

1314 644 1381 678 fuit
1399 643 1435 675 in
1452 641 1631 675 Paradiso.
1685 639 1800 682 Quam
1828 637 1947 672 hostili
1965 639 2082 672 animo
2105 639 2145 672 sit
2171 639 2296 672 diaho-

1315 696 1369 727 lus
1388 706 1466 736 erga
1484 703 1592 736 genus
1617 689 1835 733 humanum,
1862 690 1912 723 ibi
1937 690 2145 728 declaravit,
2180 696 2212 722 et
2235 690 2296 722 de·-

1317 746 1449 777 clarant
1466 750 1582 787 postea
1599 742 1734 774 infinita
1751 741 1906 784 exempla
1924 738 2120 773 horrendae
2136 739 2297 783 impieta-

1316 796 1378 834 tis,
1405 802 1435 828 et
1453 793 1548 826 exitii
1567 792 1737 825 maximae
1755 791 1861 835 partis
1878 788 2074 823 hominum.
2109 789 2297 832 Quomodo

1317 845 1420 878 etiam
1443 844 1632 888 praelietur
1655 842 1838 881 diabolus,
1872 841 1921 873 ibi
1948 841 2119 878 ostendit,
2146 840 2298 883 primum

1289 923 1293 957 Ι
1317 895 1443 928 avertit
1458 893 1570 927 Evam
1592 906 1609 925 a
1628 893 1734 925 verbo
1753 893 1841 932 Dei,
1875 893 1916 924 ad
1942 891 2100 935 proprias
2123 897 2155 924 et
2182 890 2301 934 splen-

1317 946 1416 978 didas
1434 944 1674 986 cogitationes:
1701 942 1781 975 Non
1802 942 2014 976 moriemini.
2056 940 2163 974 Item:
2192 940 2300 975 Eritis

1318 997 1404 1029 sicut
1430 995 1498 1034 dii,
1535 1001 1597 1028 etc.
1656 991 1744 1026 Cum
1776 999 1890 1026 autem
1915 993 2051 1025 vicisset
2073 991 2233 1025 diabolus
2262 991 2300 1023 in

1319 1045 1498 1081 Paradiso,
1517 1050 1547 1076 et
1563 1054 1683 1076 rursus
1699 1043 1853 1076 mirabili
1869 1043 2015 1076 consilio
2033 1048 2175 1086 propter
2189 1041 2300 1075 filium

1320 1096 1482 1128 misertus
1500 1092 1594 1126 Deus
1611 1093 1746 1134 generis
1771 1090 1935 1133 humani,
1963 1093 2144 1137 recepisset
2172 1092 2303 1136 primos

1320 1152 1494 1190 parentes:
1529 1141 1583 1176 hic
1607 1143 1738 1175 bellum
1763 1143 1853 1176 inter
1869 1141 2057 1176 Ecclesiam
2075 1150 2105 1175 et
2123 1142 2304 1176 diabolum

1321 1208 1390 1230 esse
1421 1194 1552 1238 coepit,
1594 1205 1631 1225 ac
1663 1193 1770 1226 sensit
1801 1200 1917 1236 postea
1950 1193 2129 1232 diabolus,
2171 1204 2205 1225 se
2231 1204 2304 1225 non

1320 1257 1454 1290 semper
1485 1244 1646 1286 vincere,
1682 1250 1738 1283 ut,
1773 1255 1973 1288 quanquam
2006 1243 2192 1286 impulerat
2216 1241 2305 1276 Cain

1321 1298 1363 1330 ad
1384 1296 1515 1333 scelus,
1544 1301 1659 1327 tamen
1679 1306 1750 1326 non
1769 1294 1816 1326 sic
1834 1294 2013 1336 impellere
2033 1291 2159 1333 Adam,
2183 1291 2306 1333 Evam,

1322 1345 1426 1386 Seth,
1451 1343 1593 1385 Enoch,
1618 1343 1711 1384 Noe,
1751 1351 1783 1377 et
1807 1344 1939 1377 similes
1961 1345 2003 1376 ad
2035 1343 2245 1387 impietatem
2274 1350 2308 1376 et

1322 1396 1598 1441 desperationem
1619 1395 1743 1438 potuit.
1795 1393 1840 1427 Et
1856 1395 1943 1426 vidit
1958 1391 2085 1426 horum
2106 1394 2234 1426 multas
2251 1393 2306 1425 in-

1322 1449 1435 1491 signes
1452 1446 1631 1483 victorias,
1662 1452 1695 1478 et
1712 1445 1936 1478 liberationes
1961 1444 2111 1476 divinas.
2163 1442 2215 1477 De
2239 1441 2307 1476 hoc

1323 1499 1416 1533 bello
1445 1497 1559 1530 statim
1581 1497 1615 1528 in
1633 1495 1798 1528 paradiso
1824 1496 1956 1528 dictum
1979 1503 2045 1528 est:
2081 1493 2210 1528 Semen
2230 1506 2308 1527 mu—

1325 1550 1420 1583 lieris
1437 1553 1593 1580 conteret
1609 1553 1713 1590 caput
1730 1547 1920 1589 serpentis,
1949 1553 1978 1578 et
2002 1557 2143 1588 serpens
2165 1545 2308 1578 morde-

1324 1601 1374 1634 bit
1392 1600 1589 1632 calcaneum
1613 1598 1698 1632 eius.
1752 1597 1948 1629 Promissus
1966 1603 2015 1628 est
2033 1606 2113 1638 ergo
2131 1595 2310 1634 liberator,

1324 1651 1383 1696 qni
1405 1656 1526 1693 caput,
1562 1648 1594 1680 id
1625 1654 1694 1685 est,
1729 1647 1920 1691 potentiam
1947 1654 1978 1679 et
2005 1658 2150 1688 regnum
2176 1645 2310 1678 diaboli

1325 1707 1500 1738 conterat,
1546 1699 1593 1730 sic
1621 1697 1766 1730 loannes
1802 1697 1934 1741 inquit:
1977 1697 2033 1729 Ad
2060 1694 2125 1728 hoc
2148 1695 2311 1740 apparuit

1326 1752 1416 1784 filius
1433 1749 1516 1786 Dei,
1545 1755 1583 1781 ut
1600 1750 1753 1781 destruat
1769 1759 1873 1791 opera
1892 1746 2036 1780 diaboli.

1428 1800 1547 1842 Quare
1586 1798 1761 1842 principio
1804 1798 1978 1830 discamus
2011 1808 2083 1828 non
2111 1808 2182 1829 esse
2205 1796 2310 1829 inane

1327 1850 1650 1884 terriculamentum
1685 1859 1814 1880 nomen
1847 1847 1999 1884 diaboli,
2039 1847 2097 1878 sed
2132 1858 2212 1878 vere
2239 1857 2312 1879 esse

1330 1900 1462 1935 hostem
1482 1900 1541 1933 Dei
1554 1925 1562 1937 ‚
1591 1906 1623 1931 et
1638 1898 1773 1941 generis
1791 1895 1934 1930 humani
1953 1896 2151 1936 diabolum,
2179 1902 2211 1929 et
2227 1893 2312 1929 hor-

1328 1951 1479 1985 ribiliter
1502 1949 1668 1993 grassari,
1703 1956 1735 1982 et
1760 1949 1891 1981 multos
1917 1948 2072 1990 perdere.
2135 1945 2312 1981 Ecclesiae

1330 2014 1412 2035 vero
1430 2002 1548 2034 datum
1567 2011 1638 2032 esse
1663 1999 1773 2031 filium
1792 1997 1878 2036 Dei,
1906 2004 1944 2031 ut
1961 2008 2025 2030 nos
2040 1998 2222 2037 defendat,
2248 1999 2311 2030 ad-

1330 2055 1443 2092 iuvet,
1467 2051 1592 2084 liberet
1614 2060 1771 2092 represso
1798 2048 1958 2089 diabolo,
1984 2059 2117 2092 nosque
2133 2048 2258 2081 fiducia
2280 2055 2313 2082 et

1331 2103 1551 2137 invocatione
1565 2101 1627 2133 filii
1644 2100 1706 2134 Dei
1725 2100 1852 2133 dehere
1869 2099 2019 2143 impetus
2038 2099 2172 2131 diaboli
2191 2099 2313 2141 depel—

1332 2156 1421 2194 lere,
1455 2160 1490 2186 et
1512 2152 1560 2185 sic
1585 2151 1678 2184 vinci
1703 2157 1915 2194 grassantem
1941 2147 2095 2189 hostem,
2125 2156 2165 2182 ut
2188 2146 2314 2192 Ioseph

1333 2204 1507 2248 superavit
1526 2202 1719 2241 diabolum,
1749 2213 1826 2234 cum
1846 2200 1970 2233 vitavit
1987 2199 2213 2233 adulterium.
2241 2199 2313 2232 Da-

1333 2257 1393 2289 vid
1417 2253 1592 2298 superavit
1617 2252 1820 2292 diabolum,
1861 2263 1939 2284 cum
1963 2251 2084 2294 pulsus
2110 2250 2148 2282 in
2173 2250 2313 2282 exilium

1334 2319 1406 2340 non
1438 2306 1566 2338 fractus
1602 2310 1651 2336 est
1685 2302 1937 2346 desperatione.
2002 2299 2097 2334 Haec
2126 2301 2316 2333 certamina

1335 2358 1453 2402 aliquo
1479 2356 1583 2388 modo
1608 2355 1645 2386 in
1669 2352 1822 2387 Ecclesia
1847 2352 1950 2385 nobis
1978 2357 2061 2384 nota
2084 2362 2155 2384 esse
2177 2351 2317 2392 debent,

1335 2415 1368 2441 et
1387 2407 1491 2440 simul
1509 2404 1657 2448 intelligi
1675 2417 1692 2437 a
1709 2405 1812 2437 nobis
1835 2404 1938 2436 debet
1963 2402 2155 2445 praesentia
2183 2399 2314 2434 Christi

1336 2457 1536 2492 adiuvantis
1553 2467 1636 2496 1108,
1664 2455 1723 2500 qui
1740 2461 1788 2487 est
1805 2453 1998 2492 EmanueL
2032 2459 2066 2485 et
2089 2452 2205 2485 adsuit
2225 2463 2316 2484 sem-

1337 2522 1398 2553 per
1414 2507 1590 2541 Ecclesiae
1606 2506 1642 2538 in
1659 2506 1788 2539 talibus
1813 2503 2076 2537 certaminibus.
2127 2501 2229 2535 Haec⁴
2245 2503 2317 2546 pri-

1338 2571 1432 2592 mum
1456 2559 1492 2592 in
1520 2556 1583 2591 hac
1607 2554 1751 2590 historia
1774 2555 2062 2593 considerentur,
2089 2554 2183 2597 quod
2204 2565 2319 2597 oppu-

1338 2622 1487 2657 gnemur
1502 2607 1685 2648 atrociter,
1722 2615 1753 2640 et
1779 2607 1871 2651 quod
1896 2605 2021 2637 fiducia
2046 2603 2107 2636 filii
2125 2602 2191 2637 Dei
2209 2601 2319 2637 hostis

305 2670 436 2707 potest,
466 2663 499 2694 in
519 2675 585 2706 qua
603 2662 694 2695 filius
708 2661 772 2694 Dei
792 2668 965 2701 tentatur,
988 2669 1026 2695 ut
1042 2662 1176 2695 deficiat
1191 2674 1209 2695 a
1227 2673 1289 2695 vo-
1310 2670 1316 2695 t
1339 2660 1582 2705 reprimendus
1604 2659 1666 2700 sit,
1693 2664 1725 2691 et
1750 2657 1843 2702 quod
1869 2655 1960 2688 filius
1977 2655 2046 2688 Dei
2071 2654 2143 2697 ipse
2168 2660 2320 2688 tentatus
