2415 2942
242 86 333 120 1331

241 173 283 206 iis
301 172 361 218 qui
387 169 572 204 discedunt
589 180 604 200 a
623 167 866 200 defensoribus
889 166 1065 198 idolorum
1089 173 1122 199 ct
1146 165 1230 209 legis

241 224 283 256 de
303 223 493 258 coelibatu,
521 230 646 261 magua
671 218 865 251 consolatio
891 224 957 257 est,
985 218 1077 261 quod
1099 216 1227 250 Paulus

243 285 399 317 expresse
426 271 587 304 nominat
610 269 706 302 illam
730 269 839 312 legem
865 267 1060 301 doctrinam
1087 269 1229 300 daemo-

245 324 396 363 niorum,
425 329 462 355 ut
481 320 669 354 certissime
686 320 834 353 sciamus
853 330 926 352 eam
945 318 1130 362 displicere
1144 319 1231 358 Deo,

245 381 277 407 et
302 373 533 406 couscienti.2e
561 373 670 404 sciant
700 370 901 413 fugiendam
934 381 1006 401 esse
1033 370 1229 402 societatem

244 425 318 457 eius
337 424 567 462 defensionis,
596 422 688 454 iuxta
717 422 821 453 illud:
850 420 887 454 Si
905 420 982 464 quis
1001 420 1094 452 aliud
1114 418 1230 452 Evau-

243 475 371 518 gelium
397 476 516 513 docet,
551 477 735 505 anatliema
764 472 817 506 sit.
871 470 929 503 Sic
954 479 1067 504 autem
1095 471 1138 503 ab
1162 470 1232 502 illis

243 526 482 562 discedamus,
525 536 596 556 nou
626 533 661 557 ut
691 523 823 566 priores
853 522 971 554 sordes
1008 522 1232 560 retineamus,

245 577 302 608 sed
325 577 515 609 efficiamur
540 576 694 607 membra
721 574 782 605 filii
803 573 865 606 llei
894 584 973 605 vera
999 572 1233 611 invocatione,

245 627 418 667 castitate,
447 633 481 660 et
499 626 578 658 aliis
594 626 684 657 veris
703 625 868 657 cultibus,

623 793 757 846 Caput
790 794 862 833 111.

245 903 396 952 Siquis
423 901 604 950 Episcopi
635 913 768 935 munus
806 898 1006 940 desiderat,
1045 896 1235 932 honestum
1262 919 1264 928 ι

579 973 669 1008 opus
707 958 902 994 desiderat.

348 1052 622 1087 Admonitiones
646 1052 768 1084 breves
794 1058 893 1083 autea
913 1051 955 1082 de
977 1049 1135 1082 doctriua
1156 1049 1237 1082 fidei

247 1111 279 1140 et
297 1117 443 1149 operum
460 1103 622 1143 tradidit,
653 1114 746 1135 nuuc
771 1102 869 1134 addit
895 1101 1174 1133 admonitionem
1194 1101 1237 1133 de

247 1155 419 1189 ministris
435 1153 631 1196 Evangelii,
660 1153 757 1197 quasi
780 1151 954 1185 Ecclesiae
977 1151 1133 1194 politiam
1152 1163 1237 1183 con-

247 1207 405 1240 stituens.
458 1204 525 1238 Hic
550 1205 656 1247 igitur
679 1206 722 1236 de
748 1203 930 1236 vocatione
953 1210 982 1235 et
1011 1202 1237 1235 ordinatione

248 1258 437 1290 dicendum
456 1263 516 1289 est.

247 1309 373 1350 plicem
398 1318 470 1339 esse
489 1306 726 1339 vocationem:
762 1304 918 1337 Alteram
937 1315 1025 1346 quae
1053 1304 1089 1336 fit
1113 1305 1237 1335 imme-

247 1359 340 1391 diate
357 1370 375 1390 a
392 1356 480 1390 Deo.
532 1355 687 1389 Alteram
707 1367 795 1399 quae
815 1355 851 1387 fit
871 1355 1018 1386 mediate
1043 1366 1103 1396 per
1120 1352 1235 1385 hoini-

248 1421 308 1442 ues
327 1408 416 1441 iusto
431 1408 547 1441 modo.
603 1405 804 1438 immediata
832 1405 930 1448 prior
947 1412 1014 1441 est,
1043 1404 1124 1447 quia
1143 1402 1237 1436 Deus

247 1460 330 1492 imm
343 1471 423 1492 ensa
450 1458 603 1490 bonit-ste
626 1464 766 1499 propter
786 1456 896 1488 filium
916 1463 947 1488 et
966 1467 1025 1498 per
1040 1455 1150 1487 filium
1170 1454 1235 1487 sibi

250 1511 326 1544 vult
349 1517 524 1542 aeternam
544 1507 676 1540 Ecclesi
692 1519 733 1538 ,ιιι
761 1507 942 1549 colligere,
979 1506 1058 1537 ideo
1084 1505 1235 1548 primum

249 1560 430 1594 constituit
449 1570 623 1591 summurn
642 1558 855 1589 sacerdotem
871 1557 980 1588 fllium
993 1583 1002 1595 ,
1028 1553 1085 1587 liic
1103 1555 1237 1597 primus

248 1624 287 1644 ex
304 1612 383 1644 sinu
398 1609 528 1642 aeterni
554 1609 660 1652 patris
679 1608 810 1651 profert
827 1606 1077 1649 Evangelium,
1107 1604 1162 1638 liic
1178 1617 1236 1637 or-

249 1663 389 1695 dinatus
414 1668 446 1693 et
471 1667 594 1693 unctus
621 1666 668 1691 est
693 1658 914 1701 plenitudine
940 1657 1092 1700 Spiritus
1115 1656 1236 1694 sancti,

572 1255 729 1288 Primum
747 1261 861 1286 autern
881 1254 1060 1286 sciendum
1082 1261 1149 1292 est,
1172 1255 1238 1285 du-

249 1723 286 1746 ut
307 1711 430 1746 Esaiae
446 1711 504 1744 61.
523 1711 671 1743 dicitur:
707 1709 859 1750 Spiritus
883 1707 1027 1740 Dori-ini
1048 1719 1152 1749 super
1172 1719 1237 1746 me,
1263 1727 1264 1735 ι

249 1776 289 1797 eo
328 1764 422 1807 quod
461 1761 562 1794 unxit
593 1772 656 1792 ine.
712 1757 757 1791 Et
791 1759 930 1792 Psalmo
968 1757 1235 1802 quadragesimo

250 1822 392 1859 quarto:
430 1811 536 1846 [nxit
565 1818 596 1844 te
615 1809 726 1849 Deus,
755 1808 849 1842 Deus
873 1816 952 1842 tuus
980 1809 1058 1840 oleo
1085 1808 1237 1841 laetitiae
1261 1810 1263 1824 ³

251 1872 396 1909 propter
413 1869 591 1896 consortes
610 1873 698 1894 tuos.
751 1860 817 1892 Hic
835 1861 926 1892 filius
945 1860 1072 1891 deiude
1085 1887 1093 1898 ,
1120 1865 1159 1892 ut
1179 1859 1235 1890 iu-

250 1923 323 1950 εοέι
342 1921 375 1947 et
391 1913 541 1947 subinde
559 1913 726 1945 instauret
749 1909 960 1949 Ecclesiam,
990 1909 1119 1949 Patres,
1147 1909 1235 1942 Pro-

252 1965 372 2010 phetas
400 1972 432 1998 et
455 1963 644 2007 Apostolos
674 1962 873 1994 immediate
891 1973 949 1994 sua
977 1973 1059 1993 voce
1084 1966 1183 1993 vocat
1205 1968 1238 1993 et

251 2017 376 2053 mittit,
401 2015 503 2057 ungit
519 2025 578 2046 eos
595 2013 696 2045 donis
715 2013 867 2055 Spiritus
881 2013 1010 2054 sancti,
1040 2018 1072 2044 et
1096 2018 1143 2043 est
1163 2011 1236 2043 effi-

252 2079 310 2099 cax
329 2078 388 2110 pet
404 2065 638 2098 ministerium
666 2076 785 2096 eorum
799 2090 806 2103 ,
833 2070 869 2096 ut
887 2061 1014 2106 Ephes.
1033 2062 1066 2095 4.
1088 2062 1235 2095 dicitur:

251 2117 353 2150 Doua
377 2118 436 2149 dat
468 2114 694 2154 homiuibus,
736 2114 822 2147 alios
857 2114 997 2158 quidem
1033 2110 1238 2156 Prophetas,

251 2169 337 2201 alios
354 2167 562 2211 Apostolos,
589 2165 759 2199 pastores.

354 2242 568 2286 Quanquam
593 2248 707 2274 autem
735 2237 819 2272 haec
847 2239 980 2272 vocatio
1009 2247 1036 2272 vt
1065 2240 1183 2272 missio
1201 2240 1236 2273 fit

253 2294 438 2327 autoritate
455 2293 594 2332 divina,
623 2298 739 2324 tnrwn
763 2291 835 2333 ipse
853 2289 946 2322 Dens
969 2291 1063 2323 addit
1080 2291 1236 2323 testiino-

252 2346 331 2384 nia,
358 2352 394 2376 ut
412 2342 566 2376 Ecclesia
585 2350 617 2376 et
633 2342 696 2386 ipsi
717 2342 827 2374 vocati
851 2341 896 2372 sci
913 2348 961 2373 »ut
985 2338 1005 2372 h
1020 2353 1072 2373 uic
1100 2341 1237 2373 utissio-
1262 2344 1263 2347 ’

251 2407 331 2428 nem
354 2405 424 2426 esse
441 2394 615 2427 divinam:
645 2405 707 2425 nec
726 2392 798 2424 vult
824 2391 897 2424 fieri
918 2403 968 2423 res
987 2398 1099 2424 tantas
1118 2392 1152 2423 iu
1169 2391 1236 2423 tic-

253 2445 355 2478 clesia
388 2444 462 2476 sine
497 2444 715 2478 testimoniis.

252 2506 339 2540 opus
355 2501 403 2527 est
422 2494 522 2527 etiam
548 2501 690 2537 propter
716 2505 812 2525 suam
838 2493 1084 2525 conscientiam
1109 2490 1235 2525 habs-1⁴0

251 2545 493 2579 testimonium
539 2545 752 2583 vocationis,
795 2543 875 2587 quia
918 2543 1016 2574 valde
1059 2551 1235 2585 anguntur

251 2595 503 2635 conscientiae,
531 2607 608 2628 cum
636 2595 693 2627 illa
712 2606 793 2626 voce
810 2594 1001 2626 feriuntur:
1040 2592 1232 2626 (timebant
1259 2609 1261 2622 i

251 2655 279 2680 et
304 2659 374 2679 uon
407 2645 585 2679 mittebam
619 2657 694 2685 eos,
734 2644 898 2677 termulae
930 2644 1093 2677 xio-simo
1121 2646 1232 2677 tert'o.

822 80 947 117 plut„
982 79 1098 116 MEL.
1137 78 1345 115 SCRIPTA
1381 77 1679 115 EXEGETICA.

779 2442 830 2475 Ac
861 2442 942 2484 ipsis
974 2443 1104 2474 vocatis
1135 2442 1261 2482 xalde

2175 81 2270 116 1532

1287 166 1408 211 ltaque
1441 173 1478 199 ut
1505 172 1538 199 et
1567 163 1722 199 Ecclesia
1761 172 1793 199 et
1824 167 2035 200 conscientia
2064 166 2176 201 vocati
2204 166 2273 201 siut

1285 218 1358 250 siue
1376 217 1616 256 dubitatione,
1650 229 1695 249 an
1719 215 1784 250 hoc
1810 216 2044 251 ministerium
2070 219 2114 252 sit
2141 230 2159 251 a
2180 218 2272 257 Deo,

1285 269 1465 301 adduntur
1484 268 1604 300 diuina
1633 268 1852 308 testimonia,
1883 275 1920 301 ut
1938 268 2047 308 Abel,
2075 268 2188 310 Noae,
2214 266 2273 301 Io-

1285 317 1387 361 seph,
1423 317 1559 363 Moysi,
1600 315 1716 359 Euae,
1753 318 1920 351 Helisaeo
1955 326 1987 352 et
2017 319 2160 352 caeteris
2184 318 2274 352 Pro-

1287 368 1399 413 phetis
1431 376 1463 402 et
1496 367 1676 413 Apostolis
1712 370 1922 404 tribuuntur
1953 369 2134 403 manifesta
2176 370 2274 403 testi-

1287 433 1415 453 monia.

1393 477 1579 511 Interdum
1601 484 1632 510 et
1651 477 1811 520 patefacit
1830 478 1921 512 Deus
1947 478 2148 511 missionem
2172 478 2274 513 certis

1290 528 1506 567 hominibus,
1535 535 1573 562 ut
1589 528 1731 574 Bloyses
1753 529 1815 562 scit
1836 529 2001 563 constitui
2020 530 2142 562 ducem
2160 528 2273 568 losue,

1287 589 1316 613 et
1336 580 1364 612 ei
1385 591 1506 612 manus
1525 580 1694 622 imponit,
1722 587 1759 613 ut
1787 581 1954 622 scriptum
1985 587 2034 613 est
2051 578 2274 613 Deuterono-

1287 631 1346 663 mii
1368 631 1503 663 ultimo.
1534 628 1590 663 Eli
1611 630 1674 662 scit
1691 631 1810 663 vocari
1829 630 2038 669 Samuelem,
2065 637 2096 663 et
2114 629 2275 664 dePaulo

1287 682 1322 714 in
1344 680 1438 714 Actis
1455 681 1599 721 dicitur,
1627 682 1737 724 capite
1767 683 1842 716 13.:
1878 681 2060 723 segregate
2079 678 2166 713 mihi
2184 680 2276 715 Pau·-

1288 733 1359 765 lum
1378 739 1410 764 et
1429 730 1626 764 Bai-nabau}
1647 733 1686 763 ad
1708 745 1796 775 opus
1813 733 1852 765 ad
1877 733 1971 776 quod
1989 731 2109 764 vocavi
2131 743 2200 766 θος.
2227 731 2276 767 Et

1289 784 1324 815 in
1344 783 1472 815 talibus
1491 783 1561 825 ipsa
1579 783 1695 815 missio
1713 783 1830 816 diviua
1851 789 1899 815 est
1922 782 2120 820 ordinatio,
2146 782 2182 814 in
2207 794 2275 827 qua

1290 834 1382 866 filius
1409 832 1473 865 Dei
1500 833 1603 865 simul
1630 841 1661 865 et
1687 835 1786 877 ungit
1811 846 1886 871 eos,
1922 841 1955 866 et
1978 844 2101 866 manus
2126 833 2278 877 imponit

1259 855 1264 912 l
1290 885 1357 923 eis,
1385 884 1419 916 id
1439 890 1508 921 est,
1537 884 1712 917 benedicit
1737 885 1804 923 eis,
1833 892 1865 918 et
1893 891 1942 917 est
1967 884 2085 916 efficax
2109 885 2147 916 in
2168 884 2276 916 mini-

1289 935 1395 968 sterio
1421 946 1562 974 eorum,
1595 934 1684 967 sicut
1707 936 1750 968 ad
1776 935 1926 980 Moysen
1951 934 2052 974 dicit,
2088 932 2200 968 Exod.
2224 934 2276 970 4.:

1290 984 1365 1028 Ego
1389 997 1447 1018 ero
1463 985 1499 1017 in
1517 996 1577 1017 ore
1599 991 1660 1017 tuo
1686 992 1718 1018 et
1743 986 1780 1018 in
1804 998 1864 1018 ore
1889 985 1995 1018 illius.
2048 984 2091 1019 Et
2111 983 2278 1019 Ieremiae

1294 1037 1366 1071 10.:
1395 1034 1484 1069 Ecce
1498 1036 1543 1068 do
1563 1036 1667 1068 verba
1683 1048 1758 1068 mea
1774 1037 1811 1069 in
1831 1049 1890 1069 ore
1907 1043 1979 1069 tuo.
2007 1032 2052 1069 Et
2063 1034 2188 1069 Esaiae
2198 1034 2275 1072 55.:

1262 1091 1267 1168 Ι
1295 1087 1448 1119 Verbum
1468 1087 1562 1131 quod
1581 1087 1760 1128 egreditur
1777 1088 1820 1120 de
1845 1099 1906 1120 ore
1930 1098 2026 1124 meo,
2060 1097 2133 1118 non
2158 1098 2276 1120 rever-

1291 1145 1384 1171 tetur
1404 1139 1447 1170 ad
1468 1149 1522 1169 me
1538 1148 1699 1171 vacuum.
1753 1137 1847 1171 Haec
1873 1139 1915 1170 de
1942 1137 2125 1170 vocatione
2150 1137 2277 1171 imme-

1263 1179 1265 1222 ξ
1294 1190 1387 1222 diata
1407 1188 1559 1231 priunum
1577 1188 1794 1221 observanda
1814 1196 1906 1223 snut.

1393 1245 1514 1280 Altera
1539 1254 1587 1279 est
1614 1248 1749 1280 vocatio
1773 1249 1941 1286 mediata,
1970 1259 2057 1292 quae
2079 1248 2116 1281 fit
2134 1259 2195 1291 per
2210 1244 2274 1280 ho-

1290 1298 1403 1330 mines
1421 1298 1511 1330 iusto
1527 1298 1641 1331 mods).
1671 1297 1762 1340 Quia
1773 1298 1867 1331 Deus
1883 1299 1924 1331 ad
1943 1298 2031 1331 illud
2049 1298 2197 1331 alterum
2214 1298 2277 1331 be-

1291 1349 1452 1381 neficium
1488 1345 1557 1380 hoc
1588 1361 1728 1393 quoque
1766 1350 1945 1392 adiungit,
1982 1350 2055 1382 vult
2082 1347 2276 1382 Ecclesiam

1262 1398 1265 1403 ’
1290 1400 1398 1442 ipsam
1418 1411 1541 1431 vocare
1558 1399 1756 1440 ministros,
1782 1407 1814 1433 et
1838 1401 1987 1433 affirmat
2011 1412 2046 1433 se
2063 1397 2191 1432 horum
2207 1399 2277 1432 rni-

1262 1441 1265 1481 ἰ
1291 1449 1436 1481 nisterio
1455 1449 1559 1481 etiam
1578 1449 1749 1482 efficacem
1771 1463 1852 1484 esse.
1903 1449 1980 1483 Hoc
1996 1451 2120 1492 ingens
2139 1450 2274 1483 bonum

1262 1496 1265 1505 ’
1291 1500 1549 1542 agnoscendum
1575 1506 1644 1539 est,
1681 1507 1715 1533 et
1739 1500 1812 1534 Deo
1838 1502 1967 1543 gratiae
1996 1501 2150 1543 agendae
2175 1506 2273 1534 sunt:

1262 1550 1265 1590 ζ
1290 1563 1328 1583 ac
1346 1551 1496 1582 tenenda
1514 1550 1726 1591 consolatio,
1753 1553 1847 1595 quod
1872 1550 1937 1583 hoc
1958 1553 2064 1585 modo
2081 1551 2177 1586 Deus
2191 1562 2276 1583 con·

1261 1594 1265 1620 ³
1290 1601 1387 1633 tinua
1412 1599 1500 1632 serie
1525 1600 1592 1632 sibi
1619 1600 1753 1643 colligit
1776 1600 1990 1642 Ecclesiam,
2022 1609 2055 1635 et
2079 1601 2276 1634 ministerio

1289 1657 1381 1684 recte
1399 1650 1603 1683 docentium
1620 1652 1727 1686 adest.

1394 1708 1565 1754 Expresse
1591 1710 1757 1751 scriptum
1777 1717 1825 1743 est
1843 1711 1884 1743 ad
1903 1710 2042 1744 Titum:
2077 1709 2278 1745 constituas

1290 1761 1510 1805 presbyteros
1526 1772 1588 1802 per
1605 1761 1777 1800 civitates,
1804 1762 1892 1795 sicut
1907 1762 2004 1796 iussi.
2057 1760 2143 1795 Item
2159 1763 2195 1796 2.
2210 1760 2276 1794 Ti-

1290 1808 1399 1843 moth.
1421 1812 1474 1844 2:
1512 1810 1612 1852 Quae
1646 1812 1812 1844 audivisti
1836 1825 1853 1844 a
1879 1824 1933 1845 me
1965 1813 2086 1846 multis
2117 1812 2276 1852 testibus,

1262 1860 1374 1912 ¹haec
1407 1863 1614 1894 commenda
1652 1862 1814 1895 fidelibus
1848 1860 2073 1900 hominibus,
2111 1863 2172 1907 qni
2203 1862 2275 1896 sint

1262 1913 1264 1925 ³
1289 1912 1410 1945 idonei
1431 1913 1472 1944 ad
1500 1913 1676 1945 docendos
1703 1914 1802 1947 alios.
1858 1912 1964 1954 Item,
1996 1916 2026 1949 1.
2044 1910 2204 1949 Timoth.
2220 1911 2274 1947 5.:

1289 1963 1431 1997 Nemini
1451 1963 1518 1995 cito
1538 1975 1663 1997 manus
1680 1964 1864 2008 imponito.

1391 2021 1486 2054 Haec
1525 2023 1614 2055 dicta
1654 2023 1834 2056 manifeste
1873 2023 2064 2056 ostendunt
2097 2021 2276 2056 Ecclesiae

1262 2110 1264 2118 Ι
1290 2072 1462 2116 praecipi,
1504 2080 1542 2106 ιιι
1574 2074 1755 2107 ministros
1785 2074 1900 2113 eligat.
1969 2072 2122 2116 Ideoque
2145 2072 2277 2107 Paulus

1262 2124 1263 2143 ἶ
1290 2124 1347 2156 dat
1374 2130 1553 2166 praecepta
1577 2125 1695 2166 quales
1720 2125 1789 2157 sint
1818 2124 1988 2165 eligendi,
2016 2125 2096 2169 quia
2114 2125 2190 2158 vult
2204 2125 2275 2158 ele-

1261 2166 1264 2233 ἔ
1290 2175 1462 2215 ctionem,
1491 2186 1577 2219 quae
1603 2175 1638 2208 fit
1658 2187 1741 2208 xoce
1760 2174 1955 2216 Ecclesiae,
1982 2182 2092 2209 ratam
2109 2186 2194 2209 esse.

1393 2240 1465 2273 Iam
1485 2239 1553 2273 huc
1577 2243 1754 2275 addantur
1780 2241 1978 2275 testimonia
2003 2243 2045 2274 de
2070 2241 2274 2283 ministerio,

1262 2332 1263 2335 Ἰ
1290 2304 1377 2335 quae
1394 2292 1565 2324 affirmant
1586 2293 1702 2325 Deum
1732 2305 1804 2325 esse
1832 2293 2004 2325 efficacem
2029 2305 2089 2336 per
2113 2292 2274 2326 ministe—

1289 2343 1381 2375 rium
1409 2340 1611 2385 Evangelii,
1654 2343 1688 2376 id
1725 2351 1792 2381 est,
1831 2355 1891 2386 per
1927 2354 2046 2376 vocem
2075 2341 2272 2385 Evangelii,

1260 2390 1263 2396 ‘
1289 2404 1392 2437 quam
1409 2401 1533 2426 sonant
1552 2395 1696 2427 eandem
1715 2393 1862 2434 Paulus,
1890 2393 2008 2434 Titus,
2030 2399 2063 2426 et
2079 2392 2153 2426 Titi
2171 2395 2272 2428 audi-

1289 2450 1344 2476 tor
1359 2443 1513 2476 retineus
1532 2445 1724 2478 doctrinam
1749 2445 1998 2487 incorruptam.
2051 2442 2203 2480 Roman.
2222 2447 2270 2480 1.:

1259 2517 1261 2523 ι
1286 2492 1517 2537 Evangelium
1536 2503 1583 2528 est
1603 2496 1756 2539 potentia
1773 2494 1838 2528 Dei
1857 2496 1898 2527 ad
1919 2495 2062 2527 salutem
2082 2495 2180 2528 omni
2198 2507 2272 2529 cre-

1259 2541 1261 2590 *3
1288 2545 1394 2578 denti.
1450 2544 1731 2582 2.·C0rimh.3.:
1767 2545 1863 2579 Fecit
1885 2556 1950 2578 nos
1973 2544 2155 2578 ministros
2187 2547 2270 2579 novi

1287 2596 1497 2635 testamenti,
1524 2609 1594 2628 non
1617 2598 1753 2634 literae,
1783 2597 1839 2629 sed
1861 2595 2017 2639 spiritus.
2071 2593 2197 2639 Ephes.
2215 2597 2267 2632 4.:

1288 2645 1474 2687 Ascendit,
1523 2648 1616 2681 dedit
1656 2649 1748 2681 dona
1783 2645 2003 2687 homiuibus,
2039 2644 2200 2680 Pastor-’s
2237 2656 2269 2682 et

2383 2836 2385 2845 c
2383 2826 2385 2831 -
2383 2722 2391 2789 -ρᾸει,
