2415 2942
51 122 124 159 581
232 120 333 156 x111.

53 210 192 252 Deum,
226 219 301 241 non
326 219 407 241 vere
434 208 580 241 credens
606 208 705 248 Deo,
740 219 813 241 non
836 207 1040 241 existimans

53 272 131 293 eum
150 259 251 292 irasci
267 265 426 303 peccato,
453 265 513 292 aut
534 259 690 291 misereri
709 258 888 301 agentium
915 260 1039 302 poeni-

51 310 218 350 tentiam,
245 310 303 342 sed
330 310 519 353 dubitans,
542 310 740 353 negligens,
767 309 932 342 diffidens
949 308 1038 344 Deo.

52 360 190 394 Horum
221 367 440 404 peccatorum
475 367 508 393 et
535 358 658 393 harum
696 360 922 393 tenebrarum
954 361 1038 392 reli-

50 411 152 456 quiae
175 418 257 444 sunt
282 412 386 444 etiam
413 411 451 444 in
477 411 622 449 sanctis,
658 410 738 443 ideo
768 410 870 444 dicit:
907 408 1038 443 Omnis

51 460 158 495 homo
175 463 335 495 mendax.
391 461 549 494 Pendent
566 461 672 504 igitur
689 461 938 504 promissiones
964 474 1036 494 non

51 525 90 545 ex
125 513 294 557 dignitate
328 519 467 553 nostra,
504 512 562 544 sed
598 524 637 545 ex
673 523 712 544 eo
741 514 834 556 quod
863 511 956 544 Deus
987 520 1037 545 est

51 576 167 599 verax.

75 646 127 681 Ut
151 646 357 692 iustificeris
383 646 421 680 in
445 645 672 680 sermonibus
702 646 793 688 iuis,
826 651 857 680 et
891 646 1013 681 vincas

393 709 471 731 cum
498 695 688 730 iudicaris.

150 764 261 800 Addit
275 765 369 799 aliud
394 765 655 806 testimonium,
683 766 776 810 quod
804 763 958 799 detrahit
981 766 1035 799 di-

49 816 217 859 gnitatem
242 828 300 850 seu
326 817 472 859 gloriam
498 816 656 849 iusticiae
683 824 715 850 et
738 817 944 850 meritorum
970 830 1034 850 no-

50 868 120 908 bis,
146 874 179 900 et
197 868 346 900 celebrat
362 868 478 900 Deum
497 867 629 900 iustum
652 874 685 901 et
712 874 906 901 servantem
935 875 1031 912 pacta

47 924 190 961 propter
204 929 301 950 suam
320 918 512 953 veritatem.
552 917 621 951 Sed
639 925 838 962 repetamus
858 919 1032 962 integrum

46 968 267 1002 versiculum.
323 967 491 1003 Continet
522 969 616 1001 enim
652 969 867 1002 uberrimam
902 971 1033 1003 doctri-

46 1031 149 1061 nam,
176 1030 214 1052 ac
239 1018 422 1052 evidenter
447 1020 576 1053 refutat
601 1017 803 1065 hypocritas
829 1027 860 1053 et
886 1033 1033 1064 persua-

46 1069 160 1102 siones
183 1070 326 1112 legales,
369 1077 401 1104 et
433 1071 627 1104 doctrinam
663 1068 938 1111 monachorum,
971 1072 1032 1115 qui

45 1121 181 1163 fingunt
198 1118 361 1153 homines
380 1129 522 1165 propter
539 1122 718 1165 propriam
737 1121 954 1164 dignitatem,
969 1134 1030 1156 seu

46 1177 190 1214 propter
214 1171 324 1214 legem
348 1172 483 1214 placere
500 1171 588 1205 Deo.
661 1171 800 1206 Rursus
826 1173 928 1205 etiam
952 1174 1032 1206 dul-

45 1222 219 1254 cissimam
252 1223 528 1255 consolationem
562 1224 730 1266 proponit
761 1224 1030 1265 agnoscentibus

46 1284 143 1305 suam
170 1272 452 1312 immunditiem,
492 1280 525 1306 et
555 1273 739 1316 agentibus
769 1274 1030 1316 poenitentiam.

46 1321 161 1355 Verba
188 1321 273 1355 haec
298 1330 394 1355 sunt:
424 1323 508 1356 Tibi
533 1330 667 1356 tantum
692 1332 852 1367 peccator
867 1336 963 1364 sum,
990 1331 1030 1358 ut

45 1373 240 1406 iustificeris
266 1373 301 1404 in
325 1374 546 1406 sermonibus
573 1374 661 1411 tuis,
689 1381 720 1407 et
741 1374 859 1407 vincas
875 1386 953 1406 cum
974 1375 1029 1407 iu-

42 1423 184 1456 dicaris,
259 1422 320 1455 Est
354 1430 469 1456 autem
499 1424 671 1456 confessio
703 1425 830 1467 peccati
864 1425 965 1468 plana
996 1433 1028 1458 et

42 1473 191 1517 simplex
207 1498 222 1517 ³.
256 1474 376 1517 quales
408 1474 539 1507 multae
572 1482 654 1507 sunt
689 1475 724 1507 in
758 1475 837 1508 aliis
862 1475 1027 1509 Psalmis:

40 1525 201 1567 Agnosco
218 1536 272 1557 me
291 1536 362 1557 non
380 1525 515 1558 adferre
530 1525 572 1558 ad
591 1531 622 1558 te
645 1525 818 1559 iusticiam
832 1550 841 1564 ‚
872 1527 1027 1567 dignita-

39 1582 126 1613 tem,
149 1576 289 1608 merita:
317 1577 373 1608 sed
393 1582 528 1609 tantum
546 1587 617 1609 esse
635 1584 860 1620 peccatorem.
907 1575 952 1610 Et
970 1575 1027 1610 hic

38 1627 254 1659 observanda
274 1633 321 1659 est
342 1624 477 1670 phrasis
496 1624 657 1662 Ehraica.
697 1627 785 1660 Nam
804 1629 908 1660 verba
927 1640 1027 1671 saepe

39 1677 121 1720 ipsis
133 1676 327 1720 significant
342 1676 497 1710 habitus:
516 1676 600 1710 Tibi
612 1689 724 1720 pecco,
740 1678 775 1710 id
788 1685 935 1718 est,sum
948 1691 1026 1721 pec-

38 1735 141 1762 cator.
191 1727 235 1760 Et
256 1735 306 1761 est
331 1728 518 1770 singularis
540 1726 715 1771 emphasis
733 1728 769 1761 in
791 1729 1027 1772 appellatione

36 1779 176 1823 peccati.
214 1778 370 1811 Tantum
387 1790 463 1811 sum
481 1785 654 1822 peccator,
672 1779 706 1811 id
725 1786 786 1819 est,
813 1791 904 1819 reus,
926 1781 1026 1812 dam-

37 1836 150 1870 natus,
165 1830 388 1869 maledictus,
403 1825 597 1875 κάθαρμα.
633 1828 724 1862 Nam
740 1830 928 1874 appellatio
948 1843 1026 1875 pec-

37 1881 102 1914 cati
116 1878 199 1914 haec
211 1881 280 1913 duo
295 1879 478 1924 significat,
494 1887 553 1913 aut
565 1880 658 1912 enim
671 1888 849 1923 peccatum
862 1888 910 1914 est
921 1882 1024 1927 quid·

37 1933 116 1964 dam
139 1943 299 1976 pugnans
325 1943 403 1964 cum
429 1931 502 1974 tege
524 1929 609 1971 Dei,
636 1932 730 1975 quod
758 1940 910 1965 meretur
935 1934 1024 1965 iram

37 1982 106 2016 Dei
133 1990 165 2015 et
190 1994 339 2025 poenas,
374 1982 444 2014 nisi
473 1982 690 2021 remittatur,
732 1989 793 2016 aut
818 1983 1026 2026 simpliciter

39 2034 82 2065 de
105 2033 228 2065 effectu
251 2033 476 2075 intelligitur,
500 2033 662 2066 videlicet
680 2045 743 2077 pro
761 2045 798 2066 re
816 2034 933 2078 aliqua
952 2047 1022 2075 rea,

40 2094 97 2115 seu
122 2084 303 2116 damnata:
337 2091 373 2116 ut
400 2095 478 2115 cum
502 2081 654 2125 hostiae,
690 2095 750 2117 seu
779 2085 935 2132 piacula,
963 2099 1023 2118 vo-

41 2140 163 2167 cantur
189 2140 336 2175 peccata.
389 2132 456 2166 Hie
479 2145 560 2176 ergo
585 2147 663 2168 cum
690 2135 821 2169 fatetur
846 2134 1022 2179 Propheta

39 2196 74 2216 se
95 2196 167 2216 esse
187 2191 416 2224 peccatorem,
444 2190 476 2217 et
492 2185 590 2218 addit
606 2186 838 2227 exclusivam‚
874 2194 1024 2228 tantum,

37 2235 157 2268 abiicit
186 2235 390 2274 dignitatem
426 2235 624 2278 propriam,
655 2238 813 2278 agnoscit
835 2249 870 2270 se
895 2236 1023 2271 habere

36 2286 294 2318 immunditiem
313 2292 525 2328 pugnantem
543 2298 621 2319 curn
637 2286 711 2329 lege
728 2286 806 2328 Dei,
821 2301 858 2321 ac
876 2301 909 2322 se
927 2302 1023 2322 reum

37 2347 108 2368 esse
125 2348 162 2369 ac
179 2337 342 2369 meritum
363 2338 449 2369 iram
466 2335 532 2370 Dei
548 2343 580 2369 et
598 2349 737 2380 poenas.
778 2337 872 2372 Haec
889 2341 1025 2373 conses-

40 2386 89 2419 sio
108 2387 190 2430 quid
214 2388 274 2427 sit,
311 2388 346 2420 in
375 2399 454 2420 vera
478 2387 691 2421 contritione
716 2389 763 2431 pii
786 2391 1024 2433 experiuntur.

40 2435 81 2469 ln
106 2435 160 2470 his
190 2439 376 2480 pavoribus
409 2439 583 2472 excutitur
615 2440 812 2482 arrogantia
838 2447 871 2473 et
898 2442 1024 2475 fiducia

39 2489 197 2532 propriae
215 2490 411 2532 dignitatis,
440 2501 498 2522 seu
519 2489 676 2523 iusticiae
700 2490 796 2533 legiS.

154 2538 200 2573 Ut
231 2548 344 2573 autem
376 2541 504 2574 clarius
540 2541 778 2574 refutarentur
809 2538 1023 2586 hypocritae,

40 2589 172 2622 adiecta
199 2597 248 2622 est
272 2591 360 2624 ratio
387 2591 630 2626 confessionis.
685 2591 768 2625 Ideo
793 2604 848 2625 me
867 2600 1023 2636 peccato-

40 2653 112 2674 rem
140 2652 212 2673 esse
235 2642 422 2676 confiteor:
458 2649 498 2675 ut
522 2643 722 2676 iustificeris
741 2643 777 2676 in
802 2645 1024 2679 sermonibus

37 2691 128 2736 tuis,
155 2691 190 2725 id
216 2698 286 2731 est,
312 2699 351 2727 ut
374 2700 408 2727 te
432 2694 546 2728 solum
573 2695 772 2741 praedicem
789 2694 920 2729 iustum
941 2707 1025 2737 esse,

385 122 422 157 2,
457 119 820 159 COMMENTARII
850 121 899 157 IN
925 121 1083 159 EPIST.
1113 118 1263 157 PAULI
1293 120 1364 156 AD
1392 118 1654 159 ROMANOS.
1706 121 1810 160 cAt'.
1840 124 1905 163 III.

2016 128 2090 163 532

1096 219 1175 241 cum
1197 219 1338 241 accusas
1368 219 1453 250 nos,
1476 208 1542 243 tibi
1566 210 1632 243 soli
1659 210 1837 245 tribuatur
1858 212 1968 256 gloria
1990 213 2089 247 iusti-

1094 259 1177 292 ciae.
1232 258 1336 291 Item:
1367 266 1406 292 ut
1430 260 1550 293 vincas
1572 272 1650 294 cum
1679 262 1862 304 iudicaris,
1890 264 1925 297 id
1953 272 2020 302 est,
2051 273 2086 298 ut

1094 309 1213 342 vincas
1237 316 1268 342 et
1287 309 1353 342 tibi
1370 310 1547 344 tribuatur
1565 312 1641 345 laus
1660 312 1838 354 iusticiae,
1869 327 1946 348 cum
1972 313 2085 360 hypo-

1094 360 1200 391 critae
1221 367 1384 392 accusant
1407 367 1458 400 te,
1487 373 1525 393 ac
1550 362 1713 395 tribuunt
1735 364 1800 396 tibi
1819 364 2033 399 iniusticiam
2053 374 2085 399 et

1095 409 1336 443 crudelitatem
1371 412 1514 454 quando
1552 414 1751 455 puniuntur
1783 422 1815 447 et
1855 417 2083 452 abiicinntur.

1093 460 1175 492 Saul
1197 460 1302 493 tantis
1324 461 1428 492 rebus
1447 461 1549 503 gestis
1568 474 1631 505 pro
1656 463 1767 497 salute
1784 467 1904 507 populi
1925 467 1988 500 Dei
2008 469 2080 500 exi-

1092 511 1209 543 stimat
1234 522 1270 542 se
1295 511 1460 543 meritum
1489 524 1579 552 esse,
1607 525 1650 545 ne
1670 515 1855 548 abiiciatur
1878 528 1896 549 a
1917 517 2010 558 Deo,
2041 531 2082 550 ne

1092 562 1252 594 eiiciatur
1275 574 1314 594 ex
1332 573 1451 603 regno.
1510 562 1628 607 ltaque
1647 564 1682 596 in
1699 565 1899 599 calamitate
1917 568 2078 601 irascitur

1091 611 1166 644 Deo
1193 619 1329 645 accusat
1360 612 1434 643 eius
1470 614 1652 646 iudicium.
1719 613 1872 649 Econtra
1899 616 2010 650 David
2045 621 2081 652 in

1091 663 1286 696 calamitate
1320 663 1453 695 fatetur
1476 675 1511 696 se
1543 665 1633 697 iuste
1663 666 1803 707 puniri,
1839 679 1911 699 non
1945 678 2080 703 accusat

1091 712 1218 754 Deum,
1245 714 1303 747 sed
1325 721 1474 755 praestat
1492 715 1742 751 obedientiam,
1770 718 1858 750 sicut
1875 719 1958 750 alibi
1980 732 2080 762 prap-

1090 765 1228 808 cipitur.
1297 763 1547 797 Humiliamini
1584 768 1649 799 sub
1684 768 1816 809 potenti
1857 780 1963 802 mann
2000 770 2077 806 Dei.

1089 814 1184 848 Haec
1198 823 1247 848 est
1263 815 1429 858 simplex,
1461 828 1540 848 vera
1560 823 1591 850 et
1612 817 1715 860 plana
1734 819 1896 851 versiculi
1915 819 2078 853 Dar-idivi

1090 866 1351 910 interpretatio,
1380 868 1475 910 quod
1499 868 1660 900 videlicet
1679 868 1723 901 sit
1742 870 1914 902 confessio
1935 874 2077 912 peccati,

1089 918 1220 950 adiecta
1238 915 1423 956 antithesi,
1450 925 1487 950 ut
1505 917 1598 951 Deus
1616 919 1836 961 praedicetur
1853 921 1976 957 iustus,
2005 936 2076 955 nen

1089 975 1269 1001 accusetur
1286 969 1379 1013 quod
1402 969 1558 1001 insontes
1577 970 1718 1012 puniat,
1747 972 1841 1014 quod
1866 970 1955 1005 hanc
1980 973 2078 1005 infir-

1088 1031 1179 1051 mam
1201 1026 1362 1051 naturam
1386 1019 1516 1052 iniuste
1532 1020 1639 1053 tantis
1656 1021 1915 1055 calamitatibus
1931 1035 2075 1067 oppres-

1087 1071 1188 1103 serit:
1218 1070 1305 1102 sicut
1325 1082 1403 1100 eum
1429 1078 1591 1104 accusant
1609 1068 1829 1115 hypocritae,
1855 1072 1958 1115 Saul,
1985 1073 2070 1109 Cato

1087 1128 1118 1153 et
1135 1121 1279 1153 similes.
1308 1119 1480 1153 Fortassis
1500 1119 1583 1154 haec
1599 1122 1769 1155 sententia
1789 1123 2002 1157 subobscura
2025 1134 2074 1160 est

1085 1169 1291 1204 hominibus
1311 1171 1447 1208 otiosis,
1474 1178 1505 1204 et
1523 1170 1694 1215 Epicurea
1721 1173 1906 1207 securitate
1924 1175 2074 1210 fruenti-

1086 1223 1162 1255 bus.
1218 1221 1285 1255 Sed
1312 1228 1426 1254 tamen
1447 1221 1547 1254 facile
1565 1222 1712 1265 intelligi
1731 1230 1840 1266 potest
1859 1226 1903 1257 ab
1921 1226 1983 1267 iis,
2011 1229 2072 1272 qui

1085 1284 1156 1305 non
1182 1280 1262 1305 sunt
1288 1272 1434 1304 omnino
1461 1274 1565 1305 rudes
1592 1285 1693 1306 verae
1718 1276 1974 1318 poenitentiae,
2012 1289 2072 1312 seu

1084 1323 1328 1362 contritionis,
1356 1329 1392 1354 ut
1413 1330 1548 1358 vocant.

1184 1372 1369 1406 Caeterum
1389 1374 1622 1407 Grantmatici
1647 1372 1705 1408 hic
1730 1376 1974 1420 intempestive
1998 1379 2069 1413 dis-

1083 1430 1206 1465 putant
1226 1425 1268 1456 de
1294 1425 1428 1463 verbis,
1458 1436 1501 1456 an
1529 1426 1598 1458 sint
1626 1426 1760 1469 passive
1786 1429 2003 1472 accipienda:
2032 1439 2070 1464 ut

1083 1475 1298 1512 iustificeris,
1333 1473 1435 1507 ltem:
1468 1487 1546 1509 cum
1570 1477 1748 1512 iudicaris.
1807 1477 1915 1512 Recte
1940 1479 2072 1514 Paulus

1083 1526 1217 1568 passive
1247 1526 1382 1565 reddit,
1426 1532 1458 1558 et
1485 1528 1659 1571 quadrant
1699 1529 1855 1572 passivae
1890 1543 1990 1564 voces
2024 1535 2068 1565 ad

1081 1574 1172 1609 hanc
1195 1576 1489 1618 simplicissimam
1518 1579 1746 1620 sententiam,
1782 1593 1885 1624 quain
1909 1583 2070 1615 recitavi-

1082 1639 1170 1660 mus.
1239 1626 1332 1658 Volo
1360 1627 1504 1659 retineri
1537 1629 1691 1672 passivas
1716 1642 1835 1668 voces,
1877 1639 1909 1664 et
1937 1634 1979 1665 ad
2005 1631 2066 1667 has

1081 1677 1243 1720 congruit
1259 1675 1407 1710 Ebraica
1424 1675 1572 1722 phrasis,
1599 1686 1636 1713 ut
1653 1681 1780 1714 eruditi
1797 1682 1897 1715 facile
1915 1683 2068 1719 iudicare

1083 1735 1238 1772 possunt.

1184 1779 1274 1811 lllud
1294 1785 1408 1811 autem
1428 1780 1603 1815 adiiciam.
1671 1780 1758 1814 Cum
1778 1783 1843 1817 ait:
1879 1791 1918 1818 ut
1941 1785 2066 1819 iustifi-

1081 1830 1167 1863 ceris
1198 1830 1236 1862 in
1267 1830 1491 1863 sermonibus
1521 1832 1615 1872 tuis,
1659 1833 1829 1866 referatur
1861 1836 1993 1869 dictum
2024 1841 2066 1871 ad

1080 1888 1283 1925 utrunque,
1329 1882 1372 1913 ad
1407 1881 1516 1924 legem
1551 1890 1582 1916 et
1616 1884 1883 1926 promissionem
1925 1888 2065 1929 gratiae.

1080 1931 1241 1975 Agnosco
1259 1943 1314 1963 me
1334 1943 1406 1964 esse
1420 1941 1660 1975 peccatorum,
1690 1947 1805 1974 reum,
1832 1944 1869 1970 ut
1895 1937 2007 1971 fateor
2033 1946 2064 1973 te

1080 1984 1210 2017 iustum
1235 1994 1306 2015 esse
1324 1990 1542 2016 accusantem
1561 1996 1599 2018 ac
1615 1985 1817 2028 punientem
1834 1999 1907 2021 nos.
1943 1988 2066 2032 Agno-

1079 2047 1136 2068 sco
1157 2046 1214 2066 me
1233 2045 1304 2066 esse
1326 2041 1567 2077 peccatorum,
1601 2042 1633 2069 et
1656 2036 1731 2069 iure
1758 2038 1818 2070 abs
1842 2045 1875 2071 te
1900 2041 2064 2082 accusari,

1079 2098 1117 2118 ac
1142 2085 1279 2118 celebro
1305 2091 1338 2118 te
1360 2085 1473 2118 solum
1506 2097 1579 2120 esse
1610 2087 1760 2130 iustum,
1803 2101 1866 2122 nos
1894 2102 1966 2124 non
1990 2103 2063 2126 esse

1079 2137 1199 2170 iustos.

1180 2185 1274 2220 Haec
1296 2187 1538 2231 interpretatio
1557 2185 1672 2221 adhuc
1689 2202 1754 2222 vox
1773 2197 1822 2224 est
1851 2191 1935 2234 legis
1959 2203 2061 2229 accu-

1078 2238 1186 2270 santis
1211 2249 1293 2278 nOS,
1328 2240 1487 2271 nondum
1512 2239 1594 2272 facit
1618 2241 1830 2274 mentionem
1855 2243 2061 2286 promissio-

1082 2288 1143 2323 nis.
1200 2288 1281 2321 ldeo
1300 2287 1365 2321 hoc
1383 2290 1534 2322 dictum:
1563 2297 1600 2323 ut
1619 2290 1812 2324 iustificeris
1829 2293 1864 2326 in
1889 2297 2060 2329 sermoni->-

1082 2341 1144 2372 bus
1169 2340 1255 2377 tuis,
1296 2341 1571 2378 transferamus,
1612 2353 1684 2374 non
1715 2342 1827 2376 solnm
1861 2346 1902 2377 ad
1936 2346 2060 2390 Iegem,

1080 2392 1135 2423 sed
1156 2391 1258 2423 etiam
1275 2392 1315 2423 ad
1336 2391 1595 2434 promissiones.
1648 2391 1860 2437 Quanquam
1878 2408 1954 2428 sum
1973 2410 2062 2441 reus,

1080 2449 1112 2474 et
1138 2440 1228 2473 nihil
1250 2442 1371 2474 adsero
1388 2442 1430 2474 ad
1451 2449 1483 2474 te
1502 2443 1570 2475 nisi
1591 2443 1804 2485 agnitionem
1828 2448 1980 2489 peccati,
2007 2456 2061 2486 ta«

1081 2505 1158 2525 men
1186 2493 1350 2535 confugio
1373 2494 1416 2525 ad
1440 2493 1643 2535 promissam
1668 2495 1942 2530 misericordiam
1958 2526 1967 2538 ,
2001 2511 2058 2533 ex-

1079 2550 1178 2587 pecto
1204 2544 1361 2576 veniam:
1391 2550 1430 2576 ut
1454 2543 1650 2576 iustificeris
1672 2544 1707 2577 in
1735 2549 1957 2582 sermonibus
1978 2552 2058 2591 tuis,

1078 2601 1116 2627 ut
1135 2594 1375 2638 praedicemus
1392 2600 1424 2626 te
1439 2605 1511 2627 esse
1529 2607 1685 2628 veracem
1703 2604 1735 2629 et
1756 2608 1952 2633 servantem
1975 2613 2057 2643 pro-

1079 2645 1201 2686 missa,
1236 2653 1268 2678 et
1298 2644 1522 2688 recipientem
1553 2645 1753 2680 invocantes
1776 2661 1837 2692 pet
1861 2651 2059 2687 misericor-

1075 2697 1192 2738 diam,
1219 2695 1446 2729 etiamsinon
1471 2696 1632 2731 adferant
1643 2699 1781 2734 merita.

1414 2743 1499 2780 57*
