2415 2942
103 96 199 132 1277

101 182 266 216 omnibus
285 179 486 224 haereticis,
513 185 679 218 omnibus
696 185 874 218 idolorum
895 186 1090 220 cultoribus

101 240 134 267 et
152 233 319 266 omnibus
336 235 670 277 praestigiatoribus.
713 235 799 269 Item
816 238 851 271 2.
866 234 1023 270 Timoth.
1040 239 1088 271 1.;

100 282 265 316 Formam
298 285 411 318 retine
442 297 608 318 sanorum
633 297 848 320 sermonum.
902 286 949 321 Ut
971 295 1087 321 autem

100 334 248 367 iudicari
265 341 297 368 et
314 335 416 368 vitari
433 337 653 380 corruptelae
668 344 700 370 et
717 337 923 380 praestigiae
940 339 1087 381 possint,

99 396 236 418 necesse
255 392 304 419 est
321 394 412 419 recte
430 387 549 420 doceri
567 384 748 426 homines,
774 389 1034 421 commonefieri
1054 395 1086 421 et

98 437 275 468 emendari
303 436 406 469 falsas
431 437 637 481 opiniones,
672 438 760 471 sicut
786 446 818 472 et
839 437 1006 474 Proverb.
1026 439 1084 473 30.

96 486 243 519 dicitur:
271 484 390 519 Omne
411 489 556 520 verbum
576 487 642 520 Dei
666 495 852 532 purgatum
879 489 1011 532 clipeus
1035 496 1085 522 est

97 537 318 579 sperantibus
356 545 500 582 propter
540 539 667 582 ipsum.
721 538 912 581 Purgatum
958 541 1082 585 inquit,

95 587 184 620 sicut
218 587 357 620 metalla
388 596 607 633 coquuntur,
650 596 689 623 ut
716 589 774 622 fiat
804 591 994 632 segregatio
1024 602 1080 623 ar-

94 638 199 680 gendi
232 644 264 670 et
295 639 440 672 scoriae.
493 639 551 673 Sic
593 639 760 673 discendo
796 644 995 684 quaerenda
1031 649 1077 674 est

95 689 234 731 propria
262 696 293 722 et
317 689 434 722 nativa
455 690 648 730 sententia,
688 698 721 724 et
743 693 977 724 removendae
999 699 1080 725 sunt

93 740 223 773 sordes,
277 739 357 773 ldeo
389 740 518 773 Paulus
545 741 660 775 addit:
702 740 876 775 Docentes
900 749 933 775 et
959 754 1079 775 emen-

92 790 214 823 dantes
238 802 297 822 vos
324 798 459 824 mutuo,

193 855 283 890 Cum
316 857 424 900 igitur
449 857 613 891 audimus
638 859 791 902 praecipi
823 860 978 892 studium
1014 860 1080 892 do-

92 908 193 940 cendi
220 914 252 940 et
277 908 457 951 discendi,
492 909 700 942 obediamus
715 909 810 950 Deo,
847 917 880 943 et
899 908 962 943 hos
979 911 1079 943 labo-

91 969 145 990 res
172 959 322 991 docendi
346 965 379 991 et
404 959 561 992 discendi
594 966 737 1004 propter
770 962 975 994 mandatum
1010 961 1079 993 Dei

91 1020 266 1047 amemus,
296 1016 329 1042 et
348 1009 483 1052 placere
501 1021 558 1042 eos
577 1008 652 1043 Deo
670 1012 830 1046 sciamus.
886 1011 953 1044 Sed
972 1011 1078 1044 simul

89 1059 253 1092 adiuncta
286 1060 329 1093 sit
365 1060 562 1101 invocatio,
613 1061 702 1094 sicut
734 1062 850 1106 inquit
883 1060 1077 1095 Dominus:

90 1106 201 1143 Orate
219 1122 262 1142 ne.
280 1111 416 1143 intretis
436 1111 471 1143 in
494 1112 735 1144 tentationem.
786 1113 891 1146 ltem:
921 1112 1075 1155 Quando

89 1161 199 1204 magis
225 1167 322 1204 pater
353 1168 465 1195 vester
490 1163 648 1195 coelestis
674 1164 770 1197 dabit
794 1163 965 1207 Spiritum
996 1176 1076 1196 san-

88 1218 181 1244 ctum
208 1212 419 1255 petentibus,
473 1212 525 1246 Sit
550 1214 652 1245 etiam
678 1215 832 1247 studium
857 1214 932 1246 sine
953 1212 1075 1257 sophi-

87 1262 191 1303 stica,
230 1263 305 1295 sine
331 1263 532 1296 curiositate
553 1265 745 1308 quaerendi
771 1277 843 1297 non
868 1265 1075 1306 necessaria,

85 1319 125 1346 ut
144 1312 329 1358 Syracides
347 1314 533 1358 praecipit:
564 1315 615 1347 Ne
631 1316 766 1349 curiose
785 1327 931 1361 quaeras
949 1316 985 1348 in
1002 1328 1073 1349 ser-

85 1364 252 1397 monibus
275 1364 344 1398 tuis
369 1376 440 1397 non
467 1366 668 1398 necessaria.

84 1462 203 1500 Omne
220 1464 457 1514 quodcunque
475 1465 612 1515 facitis
628 1466 666 1500 in
686 1466 789 1501 verbo
806 1472 871 1502 aul
889 1479 990 1516 opere
1007 1474 1070 1505 etc.

185 1550 323 1594 Regula
360 1552 468 1585 vitae.
485 1558 554 1585 est:
607 1553 828 1587 Commenda
862 1555 941 1587 Deo
976 1556 1069 1588 viam

84 1610 179 1635 tuam
192 1628 200 1641 ‚
228 1608 260 1634 et
278 1613 377 1645 spera
395 1602 430 1633 in
449 1614 527 1634 eum
540 1629 547 1643 ‚
577 1610 608 1635 et
628 1603 700 1646 ipse
716 1604 829 1637 faciet.
881 1604 973 1638 Psal.
994 1606 1069 1641 36.:

84 1652 150 1685 Via
167 1652 336 1695 significat
356 1653 572 1685 vocationem
592 1660 622 1686 et
639 1654 757 1686 omnia
777 1654 890 1687 officia
915 1657 1070 1689 vocatio-

83 1704 158 1741 nis,
179 1704 215 1736 id
233 1710 301 1743 est,
328 1703 459 1735 laboris
478 1701 635 1743 honesti,
662 1705 704 1736 ad
725 1717 827 1749 quem
846 1712 936 1738 recte
954 1708 1068 1740 vocati

82 1753 214 1789 sumus.
259 1753 406 1787 Vocatio
425 1754 517 1786 enim
536 1766 608 1787 non
627 1761 675 1787 est
693 1755 794 1799 impii
811 1756 952 1789 laboris,
994 1756 1068 1790 Do—

82 1812 134 1838 cet
150 1805 258 1848 igitur
277 1804 435 1837 Psalmus
452 1817 574 1838 omnes
592 1812 729 1838 nostras
747 1806 901 1840 actiones
918 1808 989 1850 regi
1007 1810 1068 1841 de-

80 1857 163 1889 bere
190 1856 264 1899 lege
288 1854 353 1888 Dei
374 1862 406 1888 et
425 1854 628 1899 Evangelio.
682 1856 752 1890 Lex
776 1859 949 1900 ostendit,
979 1872 1067 1903 qnae

80 1907 235 1940 actiones
256 1905 331 1939 Deo
349 1907 524 1950 placeant,
552 1906 784 1950 Evangelium
807 1910 960 1942 ostendit
978 1923 1067 1954 quo-

79 1958 186 1990 modo
211 1957 389 2001 placeant,
435 1957 616 1998 videlicet,
657 1971 735 1991 cum
763 1960 939 2002 praelucet
968 1961 1066 2004 fides,

80 2019 272 2052 agnoscens
303 2009 414 2041 filium
440 2007 525 2049 Dei,
568 2015 601 2042 et
626 2010 799 2053 accipiens
824 2011 1064 2045 remissionem

78 2066 302 2103 peccatorum
321 2066 354 2092 et
369 2059 690 2093 reconciliationem
705 2087 713 2099 ‚
739 2068 770 2094 et
788 2061 956 2095 invocans
973 2075 1065 2104 eum,

76 2321 153 2354 tur,
182 2325 246 2346 nec
270 2320 388 2347 tamen
412 2313 487 2346 fore
509 2313 647 2354 irritos,
685 2322 717 2347 et
740 2315 892 2348 reserens
916 2317 1060 2350 consilia

75 2365 120 2397 ad
145 2362 240 2397 hunc
263 2365 388 2405 finem,
421 2371 460 2397 ut
477 2362 571 2397 Deus
588 2372 679 2399 recte
695 2373 902 2408 agnoscatur
921 2375 953 2401 et
972 2368 1060 2400 cele-

74 2415 218 2458 bretur,
237 2422 374 2449 maneat
390 2413 563 2455 Ecclesia,
591 2422 624 2449 et
642 2428 714 2449 non
733 2417 944 2451 dilaceretur
960 2431 1059 2451 scan-

75 2465 166 2499 dalis
183 2472 216 2499 et
232 2466 397 2499 dissidiis.
456 2465 539 2499 Ideo
565 2467 602 2498 in
627 2464 694 2500 hoc
721 2467 816 2501 dicto
840 2467 971 2501 Psalmi
995 2471 1058 2502 ad-

74 2516 172 2549 ditur
207 2517 415 2560 promissio:
459 2516 536 2561 Ipse
562 2517 677 2552 faciet.
728 2516 947 2552 Commenda
981 2519 1057 2553 Deo

73 2566 168 2599 viam
191 2573 308 2605 tuam,
341 2568 377 2601 id
401 2574 469 2610 est,
503 2568 541 2600 in
567 2568 691 2601 officiis
717 2570 931 2613 vocationis,
967 2582 1056 2615 quae
1081 2601 1082 2612 ,

72 2616 169 2650 iuxta
192 2620 357 2652 mandata
378 2618 448 2652 Dei
468 2619 574 2660 facis,
601 2626 693 2652 recte
710 2620 835 2654 invdca
855 2619 968 2654 Deum
988 2621 1056 2655 fide
1080 2617 1082 2650 J
1107 2618 1228 2658 cissae,
1264 2626 1380 2652 lamen
1404 2620 1520 2664 regula
1547 2623 1727 2658 verissima
1750 2633 1818 2661 esi:
1861 2626 2011 2662 Vincula
2035 2629 2091 2662 di-

73 2673 106 2701 et
123 2678 201 2712 spe,
228 2680 293 2702 nec
318 2669 525 2703 deterrearis
551 2676 610 2704 tua
634 2670 845 2715 indignitate
871 2678 931 2706 aut
954 2672 1054 2705 infir-

274 96 375 132 xm.
405 95 440 131 5.
469 95 803 133 ENARRRATIO
831 98 882 134 IN
908 97 1063 136 EPIST.
1091 98 1236 136 PAULI
1265 98 1332 135 AD
1356 100 1710 142 COLOSSENSES.
1761 104 1863 143 CAP.
1893 107 1957 142 ΙΙΙ.

2038 111 2135 148 1278

1143 186 1283 228 mitam,
1325 188 1383 221 sed
1413 190 1500 223 scias
1526 190 1641 225 Deum
1668 191 1732 225 tibi
1758 193 2010 236 opitulaturum
2037 207 2126 237 esse,

1142 243 1180 270 ut
1204 237 1340 271 labores
1364 239 1433 274 sint
1457 241 1592 282 felices,
1619 242 1708 275 sicut
1731 244 1815 276 alibi
1843 245 1957 290 inquit
1974 245 2123 279 Paulus:

1140 286 1259 320 Labor
1276 296 1388 321 vester
1410 302 1480 322 non
1505 292 1570 324 erit
1587 293 1702 325 inanis
1721 293 1757 326 in
1776 295 1945 331 Domino.
2001 295 2124 333 Iohan.

1143 337 1217 370 15.:
1248 338 1318 380 Qui
1340 348 1457 374 manet
1477 342 1513 373 in
1536 354 1590 373 mc
1606 350 1635 375 et
1654 355 1714 385 ego
1732 344 1768 377 in
1786 358 1844 385 eo,
1872 344 1928 379 hic
1946 348 2031 381 feret
2049 349 2123 380 fru—

1139 395 1232 421 ctum
1252 389 1445 432 copiosum.
1500 391 1640 424 Psalmo
1663 396 1710 428 1.;
1746 393 1792 429 Et
1816 397 1939 429 solium
1959 399 2033 430 eius
2051 411 2122 431 nnn

1139 439 1266 472 defluet
1280 466 1287 478 ,
1317 448 1349 473 et
1367 441 1483 474 omnia
1505 454 1594 486 quae
1614 444 1733 485 faciet,
1760 454 1862 479 erunt
1879 460 2056 491 prospera.

1239 489 1340 523 Hanc
1376 497 1482 524 t'otam
1518 494 1673 536 regulam
1712 495 1842 530 Psalmi
1878 500 2122 542 complectitur

1136 539 1266 573 Paulus
1284 541 1462 586 inquiens:
1493 541 1624 576 Omnia
1644 546 1744 578 facite
1761 548 1795 579 in
1815 550 1958 582 nomine
1976 550 2120 584 Domini

1136 590 1232 631 lesu,
1267 592 1301 624 id
1325 598 1391 630 est,
1428 593 1463 625 in
1488 606 1567 626 vera
1592 596 1770 637 agnitione
1796 599 1860 630 filii
1887 598 1970 640 Dei,
1997 601 2063 633 fide
2089 610 2121 635 et

1135 642 1375 684 invocatione,
1404 650 1435 677 et
1454 644 1653 678 referantur
1680 648 1798 680 omnia
1818 650 1859 681 ad
1885 651 2031 693 gloriam
2056 652 2121 686 filii

1135 691 1211 726 Dei.

1236 742 1288 776 Ac
1318 756 1418 788 saepe
1447 746 1716 781 considerentur
1742 749 1918 784 actionum
1945 752 2117 786 bonarum

1133 805 1254 827 causae
1270 795 1458 829 efficientes
1474 804 1505 829 et
1527 798 1658 831 finales.
1702 797 1904 835 Efficientes
1922 810 2003 836 sunt
2021 816 2118 837 mens

1132 845 1273 877 intuens
1304 854 1482 891 praecepta
1510 846 1594 889 Dei,
1637 856 1670 883 et
1693 851 1848 893 cogitans
1874 851 2118 896 Evangelium,

1131 896 1293 929 videlicet
1334 899 1603 940 promissionem
1636 902 1766 943 gratiae
1793 910 1825 935 et
1850 904 1935 936 alias
1967 906 2117 948 promis-

1130 946 1257 981 siones.
1310 947 1361 980 Ibi
1386 949 1477 981 filius
1502 949 1539 982 in
1564 952 1726 985 credente
1750 954 1850 987 docet
1878 961 2050 995 mentem,
2080 964 2112 990 et

1132 997 1242 1029 lucem
1269 1000 1447 1039 accendit,
1475 1007 1506 1033 et
1532 1002 1637 1033 simul
1656 1011 1769 1036 movet
1794 1006 2010 1039 voluntatem
2033 1006 2116 1050 Spi-

1130 1049 1199 1080 ritu
1222 1056 1360 1087 sancto,
1389 1057 1428 1083 ut
1451 1051 1667 1094 obtemperet
1696 1061 1728 1087 et
1755 1055 1799 1087 sit
1824 1056 1943 1094 firma,
1972 1064 2064 1100 petat
2083 1066 2115 1091 et

1128 1105 1241 1142 speret
1260 1100 1429 1133 auxilium
1447 1100 1530 1142 Dei,
1559 1110 1650 1146 petat
1669 1104 1781 1137 bonos
1797 1113 1960 1147 eventus,
1978 1108 2113 1141 etiamsi

1129 1161 1253 1192 magna
1271 1151 1424 1192 pericula
1443 1154 1688 1189 ostenduntur.
1724 1155 1867 1189 Finales
1884 1170 2005 1191 causae
2020 1166 2115 1200 sunt,

1127 1207 1166 1232 ut
1191 1200 1385 1235 celebretur
1405 1200 1517 1243 Deus,
1545 1212 1682 1238 maneat
1700 1204 1874 1247 Ecclesia,
1902 1215 1935 1241 et
1959 1210 2114 1243 vitentur

1127 1263 1260 1294 poenae
1283 1258 1346 1285 etc.
1400 1252 1475 1285 Hae
1491 1266 1613 1287 causae
1630 1268 1708 1288 cum
1726 1257 1763 1289 in
1782 1257 1908 1301 Ioseph
1925 1261 1995 1293 sint
2013 1262 2114 1293 valde

1126 1302 1300 1342 illustres,
1344 1304 1540 1346 exemplum
1573 1306 1647 1338 eius
1680 1318 1781 1350 saepe
1812 1309 2013 1352 cogitemus.
2066 1309 2113 1345 Et

1126 1349 1188 1384 has
1214 1364 1334 1385 causas
1358 1365 1480 1387 omnes
1505 1356 1694 1389 efficientes
1713 1365 1746 1391 et
1765 1359 1886 1392 finales
1910 1362 2111 1406 complecti-

1125 1409 1182 1435 tur
1209 1402 1359 1444 Paulus,
1398 1416 1477 1437 cum
1501 1405 1597 1439 iubet
1623 1409 1741 1441 omnia
1769 1410 1880 1443 facere
1908 1411 1944 1444 in
1968 1413 2112 1446 nomine

1127 1451 1224 1493 lesu,
1266 1454 1301 1486 id
1329 1461 1397 1494 est,
1441 1455 1478 1488 in
1511 1457 1693 1500 agnitione
1723 1460 1817 1501 eius,
1858 1462 1925 1496 fide
1951 1470 1984 1497 et
2010 1464 2112 1497 invo-

1123 1504 1273 1539 catione.

1411 1631 1548 1686 Caput
1582 1640 1784 1688 quartum.

1120 1726 1299 1773 Domini,
1350 1730 1452 1779 quod
1479 1732 1616 1767 iustum
1647 1740 1698 1769 est
1724 1741 1754 1770 et
1779 1737 1951 1786 aequale,
1996 1740 2109 1776 serris

1478 1790 1663 1830 praestate
1687 1792 1747 1824 ele.

1221 1855 1354 1890 lustum
1376 1858 1547 1901 significat
1565 1861 1723 1895 debitum
1745 1875 1805 1897 seu
1831 1866 2033 1900 ordinatum
2055 1868 2106 1901 le—

1118 1906 1219 1949 gibus
1243 1908 1374 1941 divinis
1398 1918 1429 1943 et
1453 1911 1624 1953 positivis.
1696 1913 1763 1948 Hic
1788 1916 1882 1948 enim
1904 1918 1947 1950 de
1970 1918 2106 1953 iusticia

1118 1958 1220 2000 legali
1252 1959 1399 1998 dicitur,
1438 1968 1475 1994 ut
1507 1974 1577 1995 non
1604 1971 1653 1997 est
1679 1965 1808 1998 iustum
1832 1968 1941 2001 servis
1971 1969 2105 2014 eripere

1117 2009 1299 2051 coniuges,
1327 2017 1386 2044 aut
1409 2011 1484 2044 sine
1503 2013 1590 2046 iusta
1610 2026 1710 2048 causa
1731 2028 1787 2049 eos
1804 2017 2016 2060 interficere,
2044 2029 2106 2056 aut

1117 2071 1189 2091 non
1214 2061 1297 2092 dare
1325 2063 1469 2097 victum.
1533 2063 1615 2098 ldeo
1648 2067 1828 2109 Augustus
1860 2077 1951 2103 recte
1976 2071 2104 2106 liberat

79 2117 119 2143 ut
136 2121 199 2142 nos
216 2110 377 2150 adiuvet,
405 2110 493 2143 sicut
511 2111 643 2154 inquit:
672 2111 756 2144 Sine
779 2124 833 2144 me
857 2110 947 2145 nihil
968 2121 1065 2156 pote-
1090 2125 1091 2163 ζ
1115 2121 1273 2151 servum,
1309 2124 1412 2155 quem
1438 2114 1605 2148 dominus
1628 2117 1739 2152 voluit
1761 2119 1974 2162 interficere,
2008 2124 2103 2167 qnod

79 2162 141 2195 stis
163 2161 295 2201 facere,
327 2159 440 2194 Petite
461 2167 493 2193 et
517 2161 713 2205 accipietis,
749 2169 780 2195 et
804 2169 959 2196 statuens
992 2164 1063 2198 Deo
1089 2190 1091 2208 :

76 2212 214 2256 placere
241 2209 304 2244 hos
329 2212 485 2249 labores,
513 2224 716 2256 quanquam
742 2225 863 2246 sumus
882 2215 981 2247 valde
1006 2215 1063 2248 in-
1088 2235 1090 2241 ·

76 2263 169 2295 firmi
186 2270 218 2296 et
237 2263 394 2305 indigni,
423 2269 456 2295 et
475 2263 584 2295 multa
610 2263 860 2307 impedimenta
885 2266 1062 2298 obiiciun-
1088 2296 1089 2301 ,

1087 2325 1089 2329 ’
1113 2320 1145 2346 et
1177 2314 1358 2347 beneficos.

1116 2172 1195 2194 casu
1212 2162 1361 2205 fregerat
1377 2165 1593 2208 crystallum.
1646 2166 1691 2201 Et
1710 2170 1791 2213 quia
1816 2171 2021 2206 demensum
2043 2186 2103 2207 ve-

1114 2217 1170 2244 tus
1191 2212 1257 2245 suit
1275 2213 1434 2256 largum,
1466 2224 1610 2259 apparet
1634 2225 1764 2252 veteres
1788 2221 1963 2264 sapienter
1986 2225 2102 2257 consi-

1113 2263 1269 2300 derasse,
1299 2265 1383 2308 quid
1406 2272 1530 2298 natura
1548 2267 1639 2301 ferre
1661 2277 1793 2311 posset,
1820 2278 1852 2304 et
1869 2272 1975 2306 fuisse
1992 2275 2100 2309 iustos

1414 2315 1484 2349 Uni
1514 2318 1607 2350 enim
1638 2321 1788 2354 dabatur
1814 2323 1971 2366 quotidie
2000 2327 2107 2369 panis.

1112 2364 1231 2397 valens
1262 2366 1375 2398 tribus
1407 2368 1562 2400 nummis
1594 2368 1776 2412 Misnicis,
1821 2373 1905 2406 item
1930 2377 2099 2410 sextarius

1111 2415 1203 2453 vini,
1227 2423 1340 2449 certus
1356 2419 1481 2450 modus
1498 2419 1676 2463 carnium,
1701 2422 1847 2455 ficorum
1871 2431 1930 2458 aut
1947 2426 2097 2460 aliorum

1110 2466 1355 2503 obsoniorum.
1408 2466 1503 2500 Haec
1526 2470 1742 2512 obligatione
1760 2474 1857 2507 civili
1878 2484 1978 2511 erant
1997 2478 2096 2511 debi-

1110 2522 1163 2557 ta,
1192 2529 1281 2561 quae
1291 2517 1422 2552 Paulus
1441 2520 1600 2554 nominat
1620 2520 1725 2557 Iusta.
1779 2523 1856 2558 Etsi
1874 2527 1966 2560 enim
1987 2527 2095 2561 Iuris-

1108 2568 1260 2600 consulti
1287 2577 1478 2612 quaerunt,
1513 2582 1556 2603 an
1575 2574 1778 2617 coniugium
1802 2576 1846 2610 sit
1869 2578 1959 2610 servi
1980 2585 2014 2612 et
2031 2590 2097 2612 an-

1107 2669 1188 2702 vina
1205 2676 1238 2702 et
1256 2671 1428 2705 naturalia
1451 2672 1561 2715 ligant
1578 2686 1695 2709 servos
1716 2684 1748 2711 et
1774 2678 1916 2712 liberos.
1969 2678 2094 2714 Caele—-
