2415 2942
15 530 23 711 μψᾼηῇ-ΑΑΊΑ
21 277 25 299 .-

124 117 198 152 313
511 112 592 147 ΧΠ.

129 208 242 244 tegam
258 199 438 236 ministros
452 197 653 241 Evangelii,
672 192 844 230 Eccles'ias
856 223 863 235 ,
883 193 1036 235 scliolas,
1056 195 1112 238 pia

129 252 264 291 studia,
284 250 422 284 etiamsi
441 251 595 282 mundus
614 250 735 281 furens
755 248 870 280 delere
882 244 1115 288 Evangelium

128 308 288 336 conatur.
329 300 457 333 Tristis
467 301 595 344 species
611 306 657 332 est
669 297 843 331 Ecclesiae
858 297 1026 335 desertae,
1043 296 1114 327 sin-

129 353 318 394 gulietiam
332 352 458 394 privati
478 352 513 383 in
532 357 660 389 morte,
680 356 714 382 et
730 348 807 380 aliis
823 347 958 389 magnis
979 346 1117 389 pericu-

129 404 172 436 lis
191 403 359 442 sentiunt,
377 402 535 447 quamsit
554 401 719 432 miserum
738 398 897 431 amittere
915 397 1032 429 omnia
1050 395 1116 428 hu-

127 466 230 486 mana
252 454 399 490 auxilia,
436 453 472 484 in
489 452 617 485 talibus
639 448 819 491 angustiis.
872 446 1118 491 Proponamus

128 505 232 537 nobis
253 502 337 536 haec
353 504 456 542 dicta,
474 502 602 547 quibus
621 501 646 532 si
667 501 767 532 fidem
780 498 1018 537 excitabimus,
1037 510 1117 530 sen-

127 555 253 588 tiernus
269 566 350 587 vere
367 554 469 587 nobis
484 554 601 585 adesse
612 548 805 588 Christum,
818 561 881 582 nos
893 549 1017 587 iuvari,
1035 548 1118 591 regi,

129 605 283 639 defendi.

229 653 274 688 Et
294 654 501 688 nominatim
521 650 579 685 hic
596 651 771 696 promittit
788 649 949 684 Christus
965 650 1036 683 suis
1055 662 1118 683 au—

128 706 304 739 ditoribus
322 706 444 738 vitam:
473 702 547 745 Ego
567 703 666 744 vivo,
694 710 724 735 et
742 714 802 735 vos
814 702 955 740 vivetis,
984 701 1118 734 etiamsi

127 757 328 789 crudelibus
340 754 520 799 suppliciis
530 766 591 786 vos
610 753 817 786 interficient
836 753 989 798 tyranni,
1003 759 1119 785 tamen

127 819 188 850 ego
209 807 307 840 vobis
323 806 430 839 vitam
449 805 605 846 reddam,
622 805 659 837 in
679 815 746 849 qua
763 810 896 848 patrem
923 810 955 837 et
979 815 1034 836 me
1061 815 1119 836 co-

126 870 200 891 ram
220 857 397 891 videbitis.

186 937 266 986 Qui
291 936 401 972 habet
427 935 611 971 mandata
640 948 740 978 mea,
775 940 805 969 et
832 940 973 981 serrat,
1000 940 1060 972 etc.

230 1008 372 1042 Dictum
391 1014 440 1041 est
463 1018 588 1049 supra,
616 1005 754 1038 misceri
781 1005 1059 1044 consolationes,
1087 1012 1118 1038 et

128 1060 325 1094 doctrinam
345 1070 405 1091 seu
421 1059 603 1097 mandata,
631 1065 669 1091 ut
688 1057 723 1088 in
751 1056 928 1100 colloquio
955 1056 1119 1089 adeuntis

127 1117 289 1144 mortem.
343 1109 410 1141 llic
430 1108 551 1141 inserit
569 1109 611 1140 de
630 1106 783 1140 Ecclesia
802 1108 888 1150 quid
905 1107 968 1144 sit,
1004 1114 1037 1140 et
1056 1107 1117 1139 ubi

127 1162 191 1202 sit,
218 1167 338 1205 estque
357 1158 413 1192 liic
431 1160 528 1192 locus
552 1159 740 1200 diligenter
763 1158 1004 1190 observandus
1028 1155 1118 1189 hanc

128 1212 238 1255 ipsam
258 1212 302 1243 ob
321 1222 478 1247 causam,
505 1209 585 1253 quia
606 1207 694 1241 lianc
715 1207 988 1240 controversiam
1002 1233 1010 1247 ,
1032 1208 1115 1250 quid

127 1263 171 1295 sit
205 1261 380 1299 Ecclesia,
421 1260 602 1293 diiudicat.
669 1257 844 1301 Perpetuo
879 1257 946 1290 viri
979 1258 1116 1301 politici

130 1312 281 1355 pingunt
304 1309 516 1347 Ecclesiam,
551 1316 590 1341 ut
612 1320 758 1351 regnum
786 1309 1026 1346 mundanum,
1063 1308 1116 1340 di-

131 1369 216 1395 cunt
230 1372 301 1393 esse
324 1368 460 1392 coetum
486 1366 689 1392 renatorum
705 1385 712 1399 ‚
749 1366 779 1391 et
802 1371 875 1391 non
899 1365 1116 1397 renatorum,

128 1411 414 1455 amplectentium
437 1410 690 1452 Evangdium,
719 1410 899 1452 alligatum
926 1410 967 1441 ad
984 1408 1116 1442 Roma-

131 1474 216 1496 num
245 1460 480 1505 Episcopum,
524 1467 728 1503 regnantem
766 1461 860 1493 iuxta
898 1460 1114 1493 ordinariam

130 1513 401 1550 successionem,
445 1519 476 1544 et
500 1509 595 1544 bunc
620 1509 834 1555 Episcopum
860 1508 989 1544 habere
1018 1519 1115 1555 pote-

130 1571 253 1598 statem
278 1563 453 1596 condendi
480 1563 589 1606 leges,
625 1570 657 1595 et
682 1561 1115 1606 interpretandiEvange-

130 1615 190 1658 lii,
218 1621 253 1647 et
269 1626 390 1647 omnes
407 1611 571 1646 homines
589 1613 630 1646 ad
657 1610 719 1646 has
746 1613 838 1656 leges
858 1614 901 1646 ab
928 1625 968 1645 eo
991 1614 1114 1646 condi-

130 1672 199 1705 tas,
228 1672 261 1697 et
278 1665 352 1697 eius
368 1664 695 1707 interpretationem
713 1664 874 1706 alligatos
889 1675 979 1703 esse,
1007 1671 1039 1697 et
1054 1665 1115 1696 ad·-

133 1716 223 1749 dunt
250 1714 454 1748 Romanum
481 1713 697 1757 Episcopum
731 1726 792 1747 seu
823 1714 1012 1747 concilium
1043 1715 1116 1747 eius

133 1778 206 1799 non
224 1776 322 1808 posse
348 1777 463 1798 errare
486 1765 524 1796 in
551 1765 620 1797 fide
644 1776 703 1797 seu
730 1765 767 1797 in
792 1765 1011 1805 necessariis,
1045 1766 1117 1798 imo

133 1816 245 1861 aliqui
273 1817 428 1854 addunt,
463 1815 567 1848 etiam
603 1815 728 1848 mnndi
765 1815 923 1859 imperia.
984 1815 1117 1849 Dicunt

133 1865 228 1900 hunc
244 1877 420 1899 summum
439 1864 652 1909 Episcopum
680 1863 808 1898 habere
834 1872 1039 1910 potestatem
1064 1879 1118 1899 re-

133 1929 200 1960 gna
218 1917 475 1958 transferendi,
511 1922 542 1948 et
558 1924 719 1959 oportere
743 1918 919 1950 munitum
945 1928 1018 1949 esse
1041 1918 1119 1961 opi-

131 1968 198 2002 bus
225 1974 255 2000 et
280 1967 507 2007 exercitibus,
549 1978 588 1999 ac
612 1978 708 2009 reges
730 1968 856 2000 debere
880 1968 911 2000 ei
943 1968 1120 2001 defensio-

132 2031 213 2052 nem
239 2025 271 2051 et
297 2018 372 2051 eius
396 2018 544 2052 arbitrio
575 2017 666 2050 bella
699 2029 836 2051 sumere
872 2025 903 2051 et
933 2019 1121 2062 deponere,

132 2070 175 2103 ad
193 2067 260 2102 lioc
276 2069 428 2112 allegant
445 2068 597 2107 dictum,
624 2070 717 2113 quod
736 2081 814 2102 cum
834 2070 876 2102 de
893 2070 967 2102 solo
979 2067 1120 2103 Christo

134 2120 316 2164 loquatur,
355 2120 421 2163 ipsi
444 2120 654 2163 detorquent
680 2120 722 2152 ad
745 2119 947 2154 Romanum
972 2119 1119 2164 Episco-

134 2182 235 2215 pum:
263 2169 351 2204 Data
370 2177 419 2204 est
437 2167 524 2202 mihi
545 2170 659 2202 omnis
678 2177 828 2214 potestas
846 2171 882 2204 in
901 2172 996 2204 coelo
1023 2178 1056 2206 et
1081 2172 1117 2204 in

133 2228 246 2262 terra,
273 2221 352 2254 talis
378 2221 511 2264 pictura
527 2218 703 2253 Ecclesiae
725 2228 816 2256 extat
839 2222 876 2254 in
900 2222 1001 2255 libris
1025 2223 1118 2256 mul—

133 2278 263 2306 torum.
324 2271 393 2306 Sed
431 2283 574 2315 prorsus
604 2272 831 2306 transformat
854 2271 1046 2306 Ecclesiam
1080 2274 1117 2306 in

134 2334 280 2366 regnum
296 2324 517 2355 mundanum
535 2330 655 2356 contra
672 2323 782 2356 multa
800 2325 961 2358 mandata
974 2322 1116 2366 Christi,

135 2374 196 2418 qui
213 2374 343 2418 inquit:
362 2374 474 2417 Reges
492 2373 648 2417 gentium
667 2374 906 2415 dominantur,
924 2387 985 2408 vos
1002 2382 1116 2409 autem

136 2436 210 2457 non
242 2426 302 2459 sic.
365 2425 467 2460 Item:
510 2425 607 2459 Sicut
633 2436 688 2458 me
713 2425 807 2458 misit
832 2432 950 2470 pater,
985 2427 1034 2459 sic
1056 2438 1117 2470 ego

133 2474 235 2509 mitto
251 2487 324 2511 VOS.

239 2525 328 2559 Cum
361 2532 476 2559 autem
501 2524 657 2560 Ecclesia
690 2524 817 2560 habeat
838 2527 1118 2570 promissionem,

138 2576 234 2621 quod
250 2576 295 2610 sit
312 2577 474 2610 columna
491 2577 668 2619 veritatis,
694 2584 727 2612 et
742 2576 970 2624 illiEpiscopi
988 2591 1117 2614 nomen

138 2625 315 2661 Ecclesiae
331 2629 373 2660 ad
399 2639 433 2661 se
455 2629 687 2670 transferant,
721 2636 755 2662 et
783 2642 822 2662 eo
848 2636 1026 2673 praetextu
1048 2637 1118 2665 sta-

139 2678 268 2712 biliant
283 2678 377 2712 idola
394 2685 427 2713 et
444 2691 596 2722 errores,
622 2691 661 2714 ac
677 2680 815 2715 infinita
839 2681 1029 2717 multitudo
1053 2679 1119 2716 ho·-

647 109 945 147 ENARRATtO
975 109 1025 145 IN
1051 109 1230 145 EVANG.
1261 106 1476 145 IOANNIS.
1535 108 1636 145 CAP.
1674 108 1772 143 XIV.

1143 761 1145 780 t
1171 758 1264 784 tetur
1298 758 1392 784 extra
1423 748 1518 783 hunc
1543 750 1716 783 visibilem
1745 757 1894 781 coctum.

2081 106 2156 142 314

1171 195 1306 227 minum
1325 201 1506 228 moveatur
1524 195 1596 227 solo
1622 194 1767 227 nomine
1785 190 1980 230 Ecclesiae,
2016 203 2154 224 necesse

1170 252 1217 277 est
1233 246 1349 278 doceri
1366 247 1474 278 bonas
1490 252 1642 288 mentes,
1671 246 1753 289 quid
1775 244 1817 277 sit
1837 251 1868 276 et
1887 244 1947 275 ubi
1973 243 2016 275 sit
2033 240 2155 275 Eccle-

1169 296 1235 332 sia,
1264 302 1295 327 et
1313 293 1403 328 lianc
1422 296 1616 329 docti-inam
1637 308 1735 339 saepe
1754 295 1920 327 inculcari
1938 305 2074 325 necesse
2092 300 2153 326 est.

1170 345 1247 377 Non
1274 345 1434 388 fingenda
1458 353 1506 378 est
1532 347 1720 378 invisibilis
1747 344 1921 384 Ecclesia,
1966 345 2052 376 sicut
2078 343 2154 376 idea

1170 395 1367 433 Platonica,
1410 408 1473 428 nec
1497 403 1610 429 tamen
1637 397 1870 437 imaginemur
1890 395 2080 427 Ecclesiam
2107 394 2154 426 si—

1170 446 1288 478 milem
1324 447 1506 478 mundano
1536 458 1663 488 regno,
1706 447 1763 478 sed
1802 443 1967 478 honestae
2004 443 2154 477 scholae.

1171 496 1318 539 Quoties
1344 503 1459 530 autem
1484 498 1525 529 de
1549 496 1703 529 Ecclesia
1731 496 1876 535 dicitur,
1911 507 2048 538 semper
2073 502 2153 528 ante

1170 548 1288 580 omnia
1320 547 1430 590 cogita
1458 548 1590 580 dictum
1617 547 1734 580 Pauli:
1772 546 1871 588 Quos
1896 546 2050 585 vocavit,
2090 543 2154 577 lios

1171 598 1292 641 elegit,
1321 598 1456 631 vocatio
1475 605 1588 631 autem
1615 598 1764 630 visibilis
1789 604 1849 630 est.
1902 596 1991 628 Nam
2015 603 2156 628 vocato-

1171 661 1247 682 1um
1266 655 1384 682 coetus
1404 655 1453 682 est
1470 657 1587 682 coetus
1613 655 1751 681 externa
1782 647 2000 694 professione
2023 647 2155 689 ample-

1171 701 1338 733 ctentium
1357 698 1603 741 Evangelium.
1657 699 1760 732 Nulla
1786 698 1893 740 igitur
1915 698 2036 730 electio
2064 697 2157 739 cogi-

1955 748 2006 780 Ac
2030 759 2155 789 magna

1172 803 1363 835 consolatio
1382 809 1430 835 est
1447 802 1513 845 piis
1531 802 1637 840 scire,
1672 802 1764 844 quod
1790 811 1929 831 necesse
1953 799 1994 831 sit
2021 810 2157 841 semper

1172 853 1208 885 in
1228 851 1294 886 hoc
1313 853 1445 886 visibili
1469 861 1588 893 coetu,
1623 851 1661 885 in
1687 849 1740 884 his
1763 850 1901 893 templis
1929 856 1960 882 et
1983 847 2037 881 liis
2058 846 2160 881 scho-

1173 904 1214 936 lis
1246 905 1382 948 aliquos
1411 916 1482 936 esse
1515 904 1656 943 electos,
1694 909 1727 935 et
1750 903 1842 946 quod
1869 912 2041 944 nusquam
2071 899 2157 931 alibi

1170 956 1241 989 sint
1264 955 1328 988 ulli
1353 955 1463 987 electi.
1517 954 1698 987 Amandus
1724 960 1772 986 est
1796 952 1902 995 igitur
1928 949 1983 983 hic
2009 951 2158 982 visibilis

1171 1014 1289 1039 coetus
1317 1013 1347 1040 et
1374 1004 1440 1038 hoc
1461 1005 1714 1042 ministerium,
1755 1011 1785 1036 et
1804 1010 1895 1035 certo
1919 1002 2157 1040 statuendum,

1172 1058 1263 1102 quod
1285 1068 1507 1101 perseverans
1530 1057 1567 1088 in
1594 1055 1752 1088 doctrina
1776 1052 1882 1086 huius
1905 1052 2054 1084 visibilis
2078 1063 2158 1084 coe-

1171 1116 1225 1141 tus
1240 1116 1329 1141 recte
1345 1108 1520 1144 docentis,
1551 1108 1679 1139 electus
1701 1105 1744 1137 sit
1767 1105 1809 1136 ad
1835 1104 1941 1136 vitam
1968 1109 2157 1136 aeternam.

1170 1158 1264 1191 Haec
1285 1159 1435 1201 cogitare
1454 1159 1495 1189 ad
1515 1157 1695 1200 pietatem,
1714 1161 1746 1187 et
1765 1154 2054 1198 tranquillitatem
2073 1164 2158 1185 con-

1170 1210 1352 1248 scientiae,
1382 1215 1413 1241 et
1430 1207 1604 1240 Ecclesiae
1620 1207 1705 1239 utile
1730 1212 1799 1245 est,
1832 1211 1865 1238 et
1887 1216 1964 1236 cnm
1990 1201 2052 1236 hac
2077 1215 2157 1236 sen-

1171 1260 1277 1291 tentia
1294 1258 1394 1291 Pauli
1413 1264 1613 1300 congruunt
1636 1257 1745 1290 multa
1769 1257 1859 1289 dicta
1888 1255 1923 1287 in
1951 1252 2016 1287 hoc
2041 1261 2154 1288 textu:

1170 1308 1241 1352 Qui
1254 1309 1374 1351 diligit
1392 1321 1446 1341 me
1459 1336 1467 1349 ,
1494 1320 1688 1341 sermonem
1706 1320 1822 1340 meum
1841 1306 2004 1339 servabit.

1270 1360 1325 1393 Sit
1358 1371 1438 1402 ergo
1472 1357 1556 1392 haec
1593 1359 1751 1391 definitio
1783 1357 1960 1391 Ecclesiae
1991 1356 2156 1389 visibilis:

1168 1409 1324 1444 Ecclesia
1342 1417 1391 1443 est
1409 1418 1526 1444 coetus
1542 1409 1826 1454 amplectentium
1845 1407 2098 1450 Evangelium‚
2124 1413 2157 1440 et

1168 1462 1330 1494 societate
1360 1468 1658 1494 sacramentorum
1682 1467 1714 1493 et
1748 1459 1935 1493 ministerii
1967 1458 2159 1501 evangelici

1168 1514 1458 1553 coniunctorum,
1497 1524 1536 1545 ac
1561 1518 1763 1545 renatorum
1792 1523 1853 1554 per
1877 1510 2049 1554 Spiritum
2076 1521 2157 1542 san-

1169 1571 1285 1604 ctum,
1313 1564 1369 1596 cui
1395 1564 1507 1596 coetui
1535 1563 1637 1596 multi
1660 1574 1734 1595 non
1758 1561 1870 1595 renati
1894 1560 2037 1593 admixti
2063 1567 2158 1600 sunt,

1169 1615 1229 1659 qui
1249 1622 1365 1647 tamen
1385 1614 1420 1646 in
1438 1614 1654 1657 professione
1672 1625 1772 1645 verae
1789 1612 1968 1645 doctrinae
1985 1610 2055 1643 illis
2071 1623 2157 1643 con-

1169 1665 1346 1705 sentiunt,
1390 1677 1454 1698 nec
1486 1671 1630 1709 propter
1653 1664 1840 1697 manifesta
1863 1663 1991 1696 scelera
2017 1673 2156 1695 excom-

1170 1716 1338 1749 municati
1356 1722 1450 1749 sunt.

1271 1765 1366 1800 Haec
1385 1765 1543 1799 definitio
1562 1765 1742 1809 perspicua
1761 1771 1829 1803 est,
1858 1770 1892 1797 et
1909 1769 2021 1797 sumta
2041 1769 2091 1796 est
2118 1774 2158 1796 ex

1170 1817 1291 1851 multis
1311 1817 1541 1858 testimoniis,
1573 1823 1611 1850 ut
1635 1828 1674 1849 ex
1699 1816 1793 1850 dicto
1809 1813 1960 1855 Christi,
1993 1826 2070 1861 cap.
2100 1814 2158 1849 10.

1173 1867 1289 1901 loan.:
1325 1865 1421 1901 Oves
1451 1879 1547 1900 meae
1570 1879 1689 1900 vocem
1714 1878 1826 1900 meam
1853 1866 2021 1906 audiunt,
2055 1871 2087 1897 et
2112 1866 2156 1897 ad

1172 1916 1300 1962 Ephes.
1324 1919 1374 1953 2.:
1419 1917 1513 1952 Estis
1543 1919 1650 1961 igitur
1672 1917 1852 1951 domestici
1878 1916 1967 1954 Dei,
2009 1915 2157 1949 extructi

1172 1981 1276 2013 snper
1293 1970 1561 2002 fundamentum
1575 1969 1827 2012 Apostolorum
1846 1963 2158 2011 etProphetarum,

1173 2021 1339 2054 existente
1372 2020 1487 2063 lapide
1515 2020 1674 2063 angulari
1702 2018 1780 2052 Iesu
1810 2016 1973 2058 Christo,
2019 2018 2056 2049 in
2088 2029 2159 2062 quo

1172 2071 1288 2104 omnis
1318 2078 1490 2104 structura
1521 2077 1760 2114 coagmentata
1784 2071 1906 2103 crescit
1927 2069 1964 2101 in
1986 2068 2157 2111 templum

1172 2129 1328 2155 sanctum
1348 2122 1512 2162 domino,
1539 2134 1601 2165 per
1619 2134 1721 2166 quem
1738 2128 1770 2155 et
1787 2133 1848 2154 vos
1873 2119 2043 2154 aedificati
2066 2119 2159 2160 estis,

1171 2180 1210 2206 ut
1229 2173 1303 2206 sitis
1327 2171 1567 2206 habitaculum
1587 2172 1740 2216 Spiritus
1766 2172 1884 2205 sancti.
1935 2169 2015 2203 Huc
2037 2176 2070 2203 et
2094 2181 2156 2213 pa-

1172 2224 1314 2257 rabolae
1337 2225 1535 2268 pertinent,
1579 2222 1707 2258 Matth.
1734 2223 1789 2256 13.
1824 2223 1866 2254 de
1894 2217 2155 2263 sagena'missa

1171 2275 1208 2308 in
1227 2287 1340 2316 mare,
1367 2283 1399 2309 et
1416 2276 1513 2308 aliae.
1566 2274 1636 2307 Nec
1655 2281 1769 2317 partes
1786 2285 1873 2317 quae
1892 2271 1927 2304 in
1949 2270 2013 2304 hac
2030 2271 2156 2305 defini-

1172 2326 1268 2359 tione
1298 2333 1543 2364 recensentur,
1585 2326 1628 2357 al)
1656 2325 1737 2357 ullis
1763 2321 1971 2367 reprehendi
1998 2329 2156 2366 possunt.

1171 2376 1238 2411 Sed
1255 2377 1387 2422 aliquid
1407 2377 1488 2409 addi
1506 2376 1631 2409 nolunt
1648 2373 1868 2420 hypocritae,
1893 2373 2054 2407 fascinati
2081 2373 2158 2416 opi-

1170 2428 1339 2460 nionibus
1358 2428 1529 2472 politicis,
1565 2428 1606 2459 (le
1629 2438 1735 2468 regno
1756 2425 1952 2469 pontificio,
1987 2436 2052 2457 nec
2079 2430 2161 2457 sunt

1170 2479 1345 2520 contenti,
1373 2491 1449 2512 cum
1467 2479 1615 2511 audiunt
1631 2476 1823 2510 Ecclesiam
1840 2482 1975 2509 coetum
1993 2486 2063 2508 esse
2084 2486 2159 2507 am-

1170 2530 1397 2574 plectentium
1429 2529 1682 2572 Evangelium,
1730 2527 1958 2560 coniunctum
1996 2526 2156 2559 societate

1170 2588 1468 2614 sacramentorum
1495 2587 1527 2613 et
1549 2578 1738 2612 ministerii
1764 2577 1974 2621 evangelici,
2011 2577 2069 2610 sed
2093 2588 2157 2609 vo-

1170 2632 1248 2665 lunt
1272 2632 1374 2675 addi,
1410 2631 1590 2673 alligatum
1614 2631 1656 2663 ad
1675 2629 1882 2664 Romanum
1896 2628 2101 2663 Pontificem
2127 2632 2160 2659 et

1142 2715 1146 2723 ,
1170 2682 1386 2717 ordinariam
1403 2682 1655 2716 successionem
1672 2681 1948 2729 Episcoporum,
1977 2686 2009 2713 et
2033 2689 2155 2713 eorum
