2415 2942
290 110 363 144 885

286 204 358 228 tum
381 198 535 225 §.uictum
556 188 590 219 in
611 183 866 221 consolatione,
894 183 928 214 in
958 195 1026 226 qna
1048 183 1113 214 fule
1130 181 1267 226 acquie-

288 246 413 278 scimus
448 241 483 272 in
516 237 723 273 mediatore,
765 240 795 266 et
826 235 966 265 accendi
1006 240 1121 265 motus
1145 233 1228 265 tales
1253 244 1271 264 a

877 97 1000 133 run„
1039 71 1151 130 Mat.
1183 94 1389 130 semma
1429 95 1724 131 exeom‘tCA.

2237 95 2311 131 884

1324 194 1394 215 sose
1416 183 1516 216 nobis
1534 182 1808 216 communicabit
1825 183 1861 215 iu
1879 181 2069 216 clarissima
2087 181 2185 222 luce,
2205 188 2238 215 et
2257 182 2311 214 vi-

1327 234 1477 267 vificabit
1505 245 1568 266 nos
1599 233 1667 267 vita
1695 241 1854 274 aeterna,
1880 239 1913 266 et
1934 233 2119 276 fulgebunt
2147 233 2181 265 in
2208 231 2312 265 nobis

290 293 422 337 Spiritu
447 296 587 325 sancto,
621 286 733 331 qualis
767 285 839 326 ipse
862 291 926 316 est:
968 291 1083 316 tamen
1109 282 1191 316 haec
1218 283 1273 314 in-
1326 284 1433 328 ipsius
1465 284 1653 328 sapientia,
1690 283 1825 316 iusticia
1860 290 1894 316 et
1926 283 2077 323 laetitia,
2113 290 2145 317 et
2179 294 2313 328 nequa-

290 352 384 377 coata
411 339 611 374 obedientia
649 337 683 368 in
718 335 818 367 nobis
843 332 955 367 adbuc
989 335 1110 377 procul
1135 335 1231 366 abest
1257 345 1273 364 a

293 393 504 439 persi-ctione
532 389 627 431 tegis.
690 386 797 420 Recte
829 386 911 417 dicit
937 384 1133 423 Osiander,
1162 383 1274 416 Deum

1326 347 1428 379 quam
1447 335 1551 368 simul
1570 341 1669 367 eruut
1690 335 1724 366 in
1743 334 1845 367 nobis
1864 333 2032 377 reliquiae
2055 334 2195 376 peccati.

1429 384 1503 418 Hoc
1537 392 1819 418 consummatum
1857 384 2064 417 beneficium
2100 383 2314 424 intueamur,

292 444 450 478 bibitare
469 442 504 474 in
523 438 767 476 credemibus,
795 437 852 468 sed
881 436 985 468 simul
1012 433 1125 468 adhuc
1151 436 1186 466 in
1212 432 1275 466 bu-
1300 442 1303 470 ι
1329 448 1405 468 cum
1424 437 1567 469 dicitnr:
1587 435 1663 469 Nou
1684 436 1761 468 voni
1781 436 1915 468 solvere
1934 434 2061 475 legem,
2077 435 2134 465 sed
2156 433 2312 476 implere.

293 495 447 528 minibus
480 502 604 532 magna
638 488 746 521 molus
780 494 827 519 est
862 487 1002 530 peccati.

294 546 387 579 Deus
409 544 473 577 erit
492 541 609 575 omnia
627 540 662 571 in
683 537 867 575 omuibus,
897 537 930 569 id
949 543 1016 574 cst,
1034 549 1111 569 cum
1131 535 1276 578 fulgebit

297 599 331 629 in
358 595 484 631 beatis,
513 593 549 624 in
572 591 699 635 quibus
725 600 795 620 non
821 588 885 620 erit
911 595 1108 630 peccatum,
1147 587 1194 618 ibi
1224 587 1258 617 in

296 647 491 688 t‹·lligemus
510 643 594 687 qnid
621 642 664 673 sit
688 639 770 682 legis
796 639 976 682 impletio,
1013 638 1059 669 ibi
1079 638 1207 670 erimus
1227 636 1286 682 iit--

296 699 337 731 sti
372 697 441 730 Deo
477 694 630 735 fulgente
654 691 689 722 in
715 691 827 724 nobis.
889 688 956 721 Sed
991 685 1115 720 iubae
1149 688 1280 719 vitain

298 755 393 782 tanta
419 744 621 777 infirmitate
645 741 693 773 sic
723 739 918 772 accedimus
947 740 988 770 ad
1017 737 1148 776 Deum,
1176 744 1213 770 ut
1238 738 1279 769 ad

300 795 576 832 misericordiam
617 798 758 835 propter
804 790 1032 822 mediatorem
1077 789 1282 832 promissam

300 848 557 888 confugiamus,
592 851 623 875 et
646 849 803 883 tegamur
839 852 855 871 a
882 840 1093 879 mediatore⁷
1128 840 1214 872 sicut
1246 839 1281 870 in

301 900 401 933 Esaia
421 895 622 929 nominatur
642 892 813 924 mediator
833 889 1097 924 Umbraculum.
1131 888 1175 922 Et
1194 888 1283 922 Pau-
1308 895 1311 936 ¹.

302 953 355 983 lus
381 948 510 992 inquit:
549 944 614 977 Per
632 941 724 975 bunc
744 943 913 974 audemus
941 944 1102 973 accedere
1131 941 1166 972 in
1195 940 1282 972 fidn-

301 1002 350 1033 cia
364 1027 370 1038 ,
388 1011 447 1043 per
464 997 564 1029 fidem
585 995 618 1026 in
640 994 764 1035 ipsum.
819 992 1000 1032 sicigitur
1025 999 1202 1035 utcunque
1221 993 1282 1022 (tn-

302 1051 401 1083 cendi
423 1059 522 1081 causa
541 1046 638 1083 «lico,
667 1045 772 1084 legen·
792 1042 939 1075 stabiliri
960 1043 1025 1074 fide
1044 1042 1238 1085 tripliciter.

405 1100 582 1132 Primum,
610 1094 829 1127 consessione
848 1093 1020 1130 veritatis,
1044 1094 1136 1137 quod
1165 1094 1206 1124 sit
1235 1093 1284 1124 lex

304 1152 368 1186 Dei
394 1152 482 1183 iuste
511 1147 667 1180 indicans
699 1155 729 1177 et
758 1145 927 1176 damnans
951 1156 1031 1183 uos,
1058 1150 1089 1176 et
1109 1146 1202 1188 quod
1223 1156 1284 1175 no-
1311 1144 1313 1149 ¹

305 1211 374 1236 stra
399 1200 532 1233 iusticia
563 1209 633 1229 uun
660 1202 832 1227 mereatur
856 1195 1198 1234 reconciliationem,
1225 1206 1286 1226 nec

309 1255 348 1286 sit
373 1253 455 1292 togis
475 1249 644 1291 impletio.

413 1302 592 1336 Secundo,
629 1297 859 1338 imputatione
884 1295 1036 1327 iusticiae
1060 1302 1201 1338 propter
1218 1308 1287 1327 tut·-

307 1357 489 1388 ‹liatm-em.
551 1350 641 1389 Quia
669 1348 760 1378 eniti·
784 1347 849 1377 tide
875 1346 1093 1385 agnoscimus
1119 1346 1287 1377 mediato—

310 1418 401 1444 rem,
427 1410 456 1436 et
482 1403 655 1433 credimus
682 1398 782 1429 nubis
811 1406 951 1438 propter
976 1409 1052 1427 eum
1072 1397 1146 1427 dari
1167 1397 1287 1427 reinis-

309 1458 442 1489 sionem
460 1460 675 1495 peccatorum
694 1457 722 1480 ct
743 1447 1080 1484 reconciliationem‚
1106 1454 1133 1478 vt
1157 1458 1217 1478 nos
1236 1460 1287 1478 re.-

313 1506 424 1547 putari
452 1504 557 1535 iustos
582 1507 721 1542 propter
748 1499 853 1540 ipsius
880 1497 1134 1535 obedientiam,
1171 1509 1289 1528 smnus

312 1557 389 1589 iusti
416 1562 446 1587 et
471 1551 597 1594 accepti
627 1550 699 1582 Deo
728 1549 759 1579 in
783 1546 843 1579 liar
862 1550 927 1579 vita
956 1556 1095 1590 propter
1121 1548 1285 1578 obedio„-

311 1610 393 1641 tiam
418 1605 498 1643 filii,
536 1604 613 1635 fide.
665 1599 850 1633 Stabiltt-ar
876 1610 955 1639 ergo
982 1598 1050 1636 lex,
1079 1599 1157 1641 quia
1182 1610 1288 1639 agno-

312 1659 438 1690 scimus
458 1657 565 1697 legent
594 1663 665 1684 nou
689 1661 759 1682 esse
785 1650 888 1680 inane
914 1661 1090 1685 murmur,
1119 1649 1176 1680 sed
1210 1660 1291 1691 poe-

315 1723 392 1741 nam
416 1719 478 1750 pro
501 1715 626 1747 genere
643 1699 796 1733 humano
816 1700 920 1732 fuisse
947 1699 1230 1741 persolvendam,
1261 1706 1291 1731 et

315 1760 403 1792 banc
421 1755 692 1801 persolutionem
712 1751 813 1783 nobis
832 1753 994 1782 donatam
1021 1761 1103 1784 esse.
1157 1748 1291 1792 Regula

315 1818 361 1843 est
388 1817 500 1840 autem
526 1803 673 1838 stabiliri
691 1810 722 1834 et
742 1801 940 1833 confirmari
966 1801 1056 1842 leges
1073 1812 1193 1843 poena.
1247 1799 1289 1833 Et

316 1871 515 1906 quanquam
536 1857 571 1888 in
589 1853 652 1886 bac
671 1853 739 1884 vita
759 1853 918 1883 incoatur
933 1851 1149 1890 obedientia,
1178 1858 1292 1883 tamen

315 1909 429 1944 adhuc
447 1907 565 1951 procul
584 1906 748 1937 absumus
766 1916 781 1934 a
801 1902 1010 1945 pet-sectione
1030 1902 1131 1941 legis,
1161 1903 1218 1933 sed
1241 1914 1293 1934 re-

317 1970 481 2006 putamur
498 1958 596 1994 iusti,
626 1956 658 1987 id
677 1961 744 1993 est,
773 1951 939 1985 babentes
957 1953 1196 1984 remissionem
1218 1964 1295 1995 pec-

317 2019 471 2045 catorum
499 2016 527 2040 et
556 2005 872 2039 reconciliationum
901 2010 1042 2045 propter
1067 2004 1292 2035 mediatorem

317 2064 397 2095 fide:
427 2062 474 2094 sic
501 2057 672 2092 habemus
697 2053 761 2087 hoc
781 2056 872 2098 quod
894 2054 945 2085 lvx
963 2053 1195 2096 significabat,
1223 2066 1292 2085 non

319 2120 436 2146 nostra
458 2109 660 2153 impletione
678 2106 751 2139 tolli
773 2106 858 2137 iram
878 2103 962 2143 Dei,
990 2110 1019 2135 et
1047 2104 1118 2135 fieri
1139 2105 1292 2136 reconci-

320 2164 518 2200 liationi-m,
566 2160 624 2192 sed
657 2155 856 2189 tiu-diatoris
897 2154 1133 2186 obedientiam
1170 2155 1293 2187 donari

319 2213 550 2247 credentibus,
591 2209 648 2242 Sic
666 2207 770 2241 Rom.
788 2205 819 2238 5
845 2205 986 2237 dicitur:
1018 2203 1195 2238 Iustificati
1215 2217 1293 2237 sau-

319 2266 422 2307 guine
441 2264 533 2302 eius,
559 2259 773 2294 salvabimur
790 2268 849 2300 per
863 2268 940 2287 eum
958 2256 1000 2287 ab
1020 2255 1081 2289 ira.

419 2314 560 2352 Tertio,
587 2309 763 2344 stabilitur
789 2308 840 2339 lex
866 2307 950 2345 fide,
978 2307 1070 2338 iuxta
1100 2305 1231 2337 dictum
1250 2306 1291 2337 ad

320 2365 479 2398 Galatas:
508 2363 579 2396 Nos
601 2361 726 2405 spiritu
754 2371 792 2391 ex
826 2357 892 2389 fide
926 2369 1020 2400 spem
1055 2356 1211 2389 iusticiae
1235 2367 1291 2387 ex-

319 2422 514 2459 pectamus,
542 2414 574 2446 id
605 2419 671 2449 est,
705 2408 918 2443 reconciliati
948 2407 1013 2439 fide
1038 2404 1217 2439 habebunt
1238 2406 1290 2437 in-

318 2475 449 2509 tegram
475 2464 643 2496 iusticiam
668 2462 703 2493 in
728 2461 802 2503 lege
830 2459 1068 2502 significatam.
1132 2457 1293 2490 Certissi-

317 2529 411 2549 mum
439 2522 483 2547 en
512 2513 658 2546 enimin
683 2513 755 2553 lege
781 2523 851 2543 non
870 2515 1003 2542 tantum
1032 2508 1218 2550 significari
1240 2508 1292 2539 in-

318 2567 532 2605 coationem,
567 2575 653 2607 quae
677 2563 713 2595 fit
746 2561 781 2593 iu
815 2559 878 2593 liae
910 2560 996 2597 vita,
1024 2561 1081 2591 sed
1105 2558 1291 2601 significari

317 2617 500 2660 persi-ctam
537 2613 814 2648 conformitatem
848 2623 924 2643 cum
958 2610 1057 2650 Deo,
1098 2621 1186 2654 quae
1217 2609 1292 2647 erit,

315 2682 392 2700 «sum
419 2666 512 2700 Deus
541 2665 604 2698 erit
630 2662 745 2696 omnia
775 2662 809 2694 in
834 2662 1018 2701 omnibus,
1054 2661 1086 2692 id
1114 2667 1181 2697 eat,
1210 2671 1288 2692 cum

1068 486 1171 519 'l‘uuc
1198 497 1274 517 cttttt
1301 473 1303 518 l
1333 486 1436 520 ltetn:
1465 485 1590 520 leliova
1616 487 1751 519 iusticia
1780 493 1909 520 nostra.

1963 483 2008 518 Et
2033 483 2137 516 simul
2164 483 2315 516 sciamus

1331 538 1365 569 in
1384 535 1447 570 bac
1467 538 1534 570 vita
1554 539 1733 570 credentes
1759 535 1885 569 habere
1910 535 2009 568 initia
2035 541 2194 567 aeternae
2215 533 2317 574 vitae,

1305 613 1306 624 ἶ
1333 589 1424 621 iuxta
1443 589 1591 621 dictum:
1621 588 1693 630 Qui
1711 586 1813 620 babet
1832 587 1959 626 filium,
1988 583 2093 618 habet
2111 585 2230 618 vitam.
2276 583 2315 617 ld

1306 666 1307 681 ¹
1336 639 1549 681 intelligatur
1580 639 1722 678 ordine,
1758 645 1790 672 et
1814 639 1856 670 de
1885 637 2006 677 initio,
2041 642 2074 668 et
2099 636 2142 668 de
2165 635 2234 668 vita
2259 646 2316 668 ae-

1306 686 1308 733 }
1333 698 1429 724 terna
1453 690 1487 721 in
1507 690 1566 722 illa
1586 689 1722 723 coelesti
1735 687 1901 721 Ecclesia.
1939 686 2052 719 Habet
2072 693 2186 719 autem
2205 686 2316 717 filium

1335 742 1369 772 in
1390 738 1452 773 hac
1471 741 1559 777 vita,
1586 740 1744 784 quisquis
1767 741 1801 771 in
1829 751 1906 771 vera
1933 736 2180 774 conversione,
2209 736 2319 769 credit

1334 803 1368 824 se
1389 798 1530 834 propter
1559 791 1800 823 obedientiam
1818 789 2022 822 mediatoris
2045 784 2173 820 habere
2197 786 2320 819 remis-

1308 840 1310 868 l
1335 842 1467 874 sioni-m
1494 848 1733 883 peccatorum,
1769 840 2089 873 reconciliationem
2116 845 2148 872 et
2167 837 2320 881 imputa-

1338 893 1467 925 tionem
1487 891 1655 926 iusticiae.
1708 890 1782 924 Hac
1802 890 2042 924 consolatione
2059 900 2137 922 cum
2160 888 2318 930 erigitur,

1337 944 1427 975 filius
1457 943 1587 975 aeterni
1625 943 1731 985 patris
1769 942 1967 974 immediate
2006 947 2056 973 est
2083 939 2201 971 efficax
2235 950 2318 971 voce

1310 990 1311 1027 l
1341 992 1539 1035 Evangelii,
1576 999 1606 1025 et
1632 993 1780 1025 viviticat
1806 994 2025 1028 credentem,
2061 998 2092 1024 et
2113 988 2261 1021 effundit
2280 989 2317 1021 in

1338 1056 1397 1077 cor
1420 1043 1592 1087 Spiritum
1630 1050 1805 1082 sanctum,
1841 1055 1909 1086 quo
1941 1041 2069 1074 laetitia
2096 1039 2319 1084 acquiescens

1311 1125 1313 1127 ,
1339 1096 1373 1126 in
1394 1093 1485 1130 Deo,
1514 1094 1654 1127 dilectio
1674 1094 1733 1127 Dei
1759 1101 1788 1126 et
1817 1105 1894 1125 vera
1925 1092 2100 1124 invocatio
2120 1091 2319 1123 accendun-

1340 1154 1404 1178 tur.
1465 1143 1558 1177 Haec
1576 1152 1655 1177 sunt
1683 1145 1780 1176 initia
1802 1144 1889 1176 vitae
1911 1151 2088 1176 aeternae:
2112 1141 2160 1174 sic
2178 1141 2319 1173 concio-

1341 1203 1444 1229 natur
1471 1203 1500 1228 et
1520 1194 1713 1233 Dominus,
1741 1195 1920 1239 inquiens:
1949 1192 1987 1226 Si
2011 1193 2088 1238 quis
2109 1191 2224 1234 diligit
2250 1203 2316 1231 me,

1312 1271 1313 1286 3
1341 1259 1534 1278 sermonem
1563 1259 1675 1277 ineunt
1699 1245 1868 1284 servabit,
1901 1251 1931 1277 et
1963 1250 2056 1286 pater
2079 1253 2173 1274 meus
2199 1241 2320 1284 diliget

1341 1311 1438 1334 t‘ttttt,
1467 1304 1496 1328 et
1524 1297 1702 1328 vettietntts
1730 1298 1769 1327 atl
1795 1308 1890 1335 t’ttut,
1928 1303 1957 1327 et
1985 1294 2201 1326 mansionem
2226 1294 2319 1335 apud

1668 1346 1824 1378 Primum
1850 1347 1946 1379 iubet
1962 1345 2053 1377 filius
2070 1356 2104 1377 se
2127 1343 2259 1381 audiri,
2287 1351 2319 1376 et

1342 1398 1447 1444 accipi
1471 1410 1587 1428 vocem
1607 1395 1801 1437 Evangelii.

1444 1447 1491 1480 lta
1503 1448 1640 1480 orditur
1658 1448 1873 1479 sanationem
1893 1443 2205 1486 avoceEvangelii.
2233 1442 2318 1476 Cre—-

1343 1500 1479 1530 dentem
1514 1505 1626 1530 autem
1660 1498 1771 1538 diligit
1809 1504 1920 1539 pater,
1963 1495 2040 1527 vide
2074 1495 2319 1538 proprietatem

1342 1549 1521 1582 orationis,
1576 1547 1651 1580 Etsi
1679 1550 1836 1579 nondum
1864 1548 1898 1578 in
1922 1545 1984 1578 bac
2003 1546 2070 1578 vita
2090 1546 2164 1576 sine
2181 1551 2319 1587 peccato

1313 1580 1318 1634 l
1344 1611 1480 1638 snmus,
1509 1606 1622 1630 tamen
1649 1600 1791 1629 credens
1811 1597 1971 1638 diligitur
1987 1608 2004 1628 a
2020 1594 2105 1632 Deo,
2133 1602 2178 1626 est
2202 1595 2322 1635 iustus,

1345 1650 1423 1694 quia
1442 1656 1538 1692 pater
1560 1661 1638 1681 euin
1659 1660 1720 1691 per
1745 1647 2017 1679 misericordiam
2043 1652 2184 1688 propter
2209 1645 2319 1677 filium

1345 1700 1570 1732 mediatorem
1595 1698 1735 1742 recipit,
1763 1705 1795 1730 et
1816 1698 1963 1739 imputat
1987 1697 2016 1728 ei
2038 1696 2220 1729 iusticiam.
2276 1694 2323 1728 Ut

1344 1758 1457 1782 autem
1481 1757 1511 1782 et
1531 1757 1652 1782 natura
1680 1756 1795 1781 nostra
1816 1748 2034 1788 restituatur,
2060 1746 2164 1778 simul
2185 1744 2249 1779 boc
2266 1746 2318 1778 fit:

1347 1800 1537 1833 Veniemus
1555 1802 1595 1832 ad
1624 1812 1720 1837 eum,
1748 1806 1777 1831 et
1804 1799 2020 1831 mansionem
2048 1798 2139 1840 apud
2167 1809 2246 1829 eum
2270 1797 2320 1829 ta-

1345 1852 1485 1884 ciemns.
1523 1851 1696 1884 Aeternus
1720 1857 1815 1892 pater
1832 1850 1923 1882 misit
1942 1849 2051 1881 filium
2077 1850 2118 1880 ad
2142 1848 2322 1891 proferen-

1345 1904 1422 1934 dam
1443 1915 1560 1934 vocem
1583 1901 1758 1943 Evangelii
1783 1912 1944 1932 arcam-tm
1969 1906 2000 1931 et
2026 1899 2179 1941 ignotam
2203 1900 2321 1930 omni-

1347 1954 1410 1985 bus
1427 1952 1612 1989 creaturis,
1636 1949 1679 1983 Et
1701 1963 1760 1992 per
1779 1949 1871 1982 bunc
1887 1950 1996 1982 filium
2024 1949 2222 1981 immediate
2248 1949 2320 1981 col-

1347 2004 1418 2046 ligit
1437 2002 1625 2035 Ecclesiam
1645 2014 1726 2034 voce
1746 2000 1937 2042 Evangelii.
1991 1999 2057 2032 Hic
2081 2000 2172 2032 filius
2195 1999 2320 2031 imme-

1346 2055 1437 2086 diate,
1454 2061 1501 2087 est
1523 2053 1656 2091 rsticax,
1684 2063 1761 2084 cuin
1786 2051 1821 2084 fit
1846 2051 2038 2084 consolatio
2064 2062 2146 2082 voce
2159 2048 2321 2092 Evange-

1347 2105 1382 2136 lii
1401 2116 1479 2136 vere
1496 2105 1587 2135 adest
1604 2099 1721 2149 λόγος,
1751 2109 1783 2135 et
1800 2102 1952 2134 ostendit
1979 2108 2112 2144 patrem
2125 2127 2134 2141 ,
2160 2101 2249 2133 sicut
2266 2101 2320 2133 in-

1345 2156 1435 2199 quit:
1465 2153 1574 2187 Nemo
1594 2154 1687 2185 novit
1711 2160 1855 2195 patrem,
1873 2153 1940 2184 nisi
1965 2152 2075 2191 filius,
2101 2158 2133 2185 et
2149 2151 2203 2184 cui
2227 2150 2319 2184 filius

1349 2205 1436 2237 volet
1461 2205 1623 2237 revelare.
1683 2201 1727 2236 Et
1753 2210 1836 2235 tunc
1865 2203 1967 2235 simul
1993 2209 2088 2246 pater
2110 2208 2140 2233 et
2156 2201 2248 2233 fitius
2269 2202 2318 2233 ef-

1347 2256 1493 2288 fundunt
1514 2254 1684 2297 Spiritum
1709 2261 1864 2286 sanctum
1892 2254 1927 2286 in
1951 2265 2010 2286 cor
2033 2251 2220 2285 credentis:
2257 2253 2318 2284 da-

1347 2315 1401 2339 tur
1427 2306 1518 2338 enim
1547 2305 1700 2348 Spiritus
1724 2311 1863 2337 sanctus
1890 2316 1950 2346 per
1972 2303 2098 2341 filium,
2131 2313 2209 2334 cum
2236 2314 2318 2335 voce

1349 2355 1525 2398 Evangelii
1556 2356 1589 2387 fit
1617 2355 1820 2388 consolatio.
1890 2353 1933 2387 Et
1962 2360 2042 2386 nota
2071 2352 2114 2384 sit
2146 2353 2317 2386 sententia

1346 2405 1546 2446 Atliatiisii,
1576 2406 1613 2438 ln
1630 2417 1814 2450 quocunqe
1832 2405 1960 2437 dicitur
1978 2415 2048 2435 esse
2066 2403 2219 2446 Spiritus
2236 2415 2316 2436 sau-

1344 2465 1435 2497 ctus,
1449 2458 1497 2490 ibi
1518 2464 1565 2489 est
1583 2469 1641 2500 per
1654 2455 1818 2488 Verbum.
1842 2454 1960 2497 Quare
1973 2461 2003 2486 et
2023 2454 2111 2486 infra
2129 2452 2166 2487 iit
2185 2455 2316 2487 utrius-

1344 2521 1409 2552 que
1427 2519 1593 2551 personae
1611 2506 1740 2539 mentio
1754 2533 1761 2545 ‚
1788 2504 2031 2539 Romanorum
2050 2505 2083 2538 8.
2100 2505 2229 2546 capite:
2257 2505 2314 2538 Si-

1344 2560 1482 2601 quidem
1509 2558 1652 2602 spiritus
1678 2555 1740 2588 Dei
1768 2554 1953 2588 habitatin
1981 2556 2090 2588 vobis.
2148 2554 2246 2588 Item:
2275 2555 2313 2588 Si

1340 2607 1501 2642 Christus
1527 2615 1576 2640 est
1602 2608 1635 2639 in
1658 2607 1768 2640 vobis.
1810 2604 1854 2639 Et
1881 2607 1952 2649 ipse
1975 2605 2106 2650 inquit:
2141 2605 2214 2648 Ego
2238 2618 2314 2638 sum

1341 1361 1417 1379 vum
1436 1348 1612 1379 faciemus.

1313 2690 1316 2698 Δ
1341 2660 1437 2700 vitis,
1466 2671 1525 2692 vos
1542 2658 1721 2702 palmites,
1751 2657 1821 2699 Qui
1845 2664 1961 2690 manet
1980 2657 2015 2689 iu
2034 2669 2106 2698 me,
2134 2664 2167 2690 et
2184 2655 2259 2700 Ego
2278 2657 2312 2689 in
