2415 2942
127 103 200 141 857
405 102 505 140 Xlll.

127 191 233 225 §tides
255 189 462 224 nominatur
486 189 618 227 iustus,
661 188 872 231 intelligitur
896 187 951 220 vir
978 187 1116 220 nullius

127 241 285 276 criminis
309 252 409 282 reus,
442 242 501 274 sed
529 240 697 273 obediens
721 239 887 272 omnibus
915 238 1052 280 legibus
1077 239 1116 270 in

127 300 267 327 externa
289 292 492 336 disciplina.

127 343 334 378 universali.

203 425 364 462 Iusticia
389 425 428 460 in
454 437 528 460 sese
553 424 701 459 virtutes
726 422 881 458 continet
907 435 1039 457 omnes.

231 496 280 529 Et
303 495 396 539 apud
420 494 624 528 Horatium:
654 491 789 525 lustum
807 499 839 526 et
860 498 1017 525 tenacem
1036 504 1117 536 pro-

131 547 237 592 positi
256 546 389 587 virum,
420 545 498 578 Non
522 544 640 578 vultus
659 543 820 576 instantis
838 544 981 588 tyranni
1001 550 1117 576 mente

133 598 246 643 quatit
263 597 393 637 solida,
423 595 463 629 Si
483 596 613 629 fractus
638 593 806 628 illabatur
823 594 938 635 urbis,
967 595 1117 638 impavi-

132 650 216 682 dum
239 648 368 681 ferient
390 647 524 682 ruinae.

234 699 333 732 Alias
352 697 522 740 significat
536 695 711 729 iusticiam
732 695 1000 739 particularem,
1029 708 1118 739 qnae

133 757 183 785 est
206 749 449 794 aequalitatem
474 747 510 780 in
535 746 775 780 contractibus
793 758 952 787 servare,
982 754 1019 780 ut
1037 746 1118 780 Me—

134 812 256 834 caenas
282 800 318 831 in
346 798 560 832 emtionibus
587 797 698 830 iustus
728 804 797 837 est,
831 798 967 832 etiamsi
992 798 1030 831 in
1056 811 1118 831 vo-

133 851 329 895 luptatibus
353 861 425 882 non
450 856 563 882 servat
587 849 744 884 modum.

234 900 311 933 Hae
335 906 416 933 sunt
447 899 720 942 significationes
750 899 818 943 legi
856 901 1116 941 convenientes,

132 963 240 998 quare
265 958 296 984 et
312 948 510 995 Prophetae
537 957 571 984 et
586 950 769 994 Apostoli,
803 963 882 984 cum
911 952 996 995 legis
1022 964 1119 984 more

133 1005 177 1038 de
201 1002 366 1046 operibus
391 1002 602 1045 loquuntur,
630 1001 816 1035 incurrunt
841 1002 877 1034 in
905 1000 966 1036 has
986 1003 1119 1046 signifi-

134 1054 307 1093 cationes,
335 1059 373 1086 ut
384 1051 545 1085 Psalmus
562 1053 605 1085 de
624 1052 815 1085 universali
833 1053 1008 1098 loquitur:
1039 1053 1121 1087 Feci

133 1105 304 1139 iudicium
330 1111 363 1137 et
386 1103 580 1144 iusticiam,
607 1109 640 1135 et
658 1102 826 1136 Ioannes:
863 1103 935 1146 Qui
960 1104 1043 1138 facit
1065 1105 1120 1137 iu-

135 1156 289 1195 sticiam,
310 1156 420 1188 iustus
435 1161 497 1187 est.
535 1153 716 1187 Interdum
736 1155 778 1187 de
795 1156 998 1198 particulari
1020 1156 1121 1188 iusti-

135 1207 186 1240 cia
204 1206 353 1245 dicitur,
379 1212 418 1239 ut
444 1204 571 1238 Psalm.
595 1204 646 1240 7.:
677 1203 795 1238 ludica
821 1218 876 1239 me
891 1206 1045 1240 Domine
1068 1218 1120 1239 se-

136 1258 292 1291 cundum
325 1256 498 1288 iusticiam
526 1267 658 1296 meam,
698 1256 829 1289 scilicet
862 1258 1121 1300 particularem,

136 1306 204 1341 hoc
226 1314 295 1347 est,
322 1307 513 1339 secundum
541 1304 631 1339 hanc
653 1318 792 1339 causam
817 1306 963 1346 iustam,
992 1308 1029 1340 in
1053 1320 1119 1352 qua

137 1358 223 1393 Saul
241 1369 296 1390 me
311 1357 399 1390 falso
419 1357 643 1397 criminatur,
664 1358 758 1401 quod
777 1357 841 1391 sim
864 1359 1069 1399 seditiosus,
1088 1365 1121 1392 et

137 1410 243 1442 velim
268 1420 347 1441 eum
368 1420 406 1440 ex
429 1419 537 1451 regno
561 1414 740 1449 excutere,
769 1407 827 1442 Tu
850 1409 895 1442 sis
920 1410 1036 1448 testis,
1064 1421 1121 1443 me

137 1472 210 1494 non
232 1457 360 1493 habere
384 1456 474 1492 hanc
499 1458 724 1494 iniusticiam.

239 1510 348 1544 Aliud
373 1516 423 1544 est
452 1510 549 1555 loqui
575 1511 618 1543 de
647 1509 784 1543 iusticia
810 1521 980 1554 personae
1004 1522 1120 1544 coram

137 1561 231 1601 Deo,
258 1561 293 1593 id
311 1567 377 1600 est,
405 1562 448 1594 de
467 1561 704 1605 acceptatione
722 1573 907 1604 personae:
951 1563 1009 1595 sed
1037 1561 1121 1594 Per-

140 1624 224 1645 sona
241 1612 307 1644 fide
326 1612 416 1644 iusta
435 1622 495 1643 seu
513 1618 649 1654 accepta
663 1637 670 1651 ‚
701 1619 819 1654 postea
840 1612 970 1645 dicitur
994 1611 1123 1646 habere

141 1663 270 1695 bonam
294 1661 561 1702 conscientiam,
588 1668 621 1694 et
639 1668 756 1704 petere
775 1674 792 1694 a
811 1660 886 1695 Deo
903 1663 1073 1695 auxilium
1093 1669 1124 1695 et

143 1712 381 1746 defensionem
400 1712 436 1744 in
454 1723 554 1745 causa
580 1713 685 1747 bona.
737 1711 805 1745 Hic
829 1712 978 1756 intelligi
1003 1720 1124 1757 potest,

141 1770 312 1809 quantum
330 1763 456 1796 reserat
472 1763 682 1796 vocabulum
700 1761 858 1796 iusticiae
880 1763 929 1796 ibi
953 1771 1045 1797 recte
1069 1764 1125 1796 in-

142 1814 253 1857 telligi
276 1815 320 1846 de
347 1814 549 1857 particulari
567 1813 717 1848 iusticia.
771 1812 918 1847 Genesis
933 1815 1012 1850 30.:
1041 1813 1125 1848 Cras

141 1865 369 1909 respondebit
391 1861 479 1896 mibi
514 1864 648 1898 iusticia
678 1876 772 1905 mea,
807 1865 937 1899 scilicet
970 1867 1125 1909 particu-

142 1916 237 1954 laris,
254 1916 347 1960 quod
369 1915 457 1948 iuste
475 1916 668 1948 mercedem
690 1916 878 1958 postulem.
932 1915 1059 1950 Matth.
1074 1919 1125 1952 3.:

142 1966 250 2001 Decet
267 1978 332 1999 nos
348 1966 495 2010 implere
511 1978 651 1999 omnem
670 1966 863 2008 iusticiam,
890 1968 1022 2001 scilicet
1045 1980 1126 2012 par-

144 2018 327 2051 ticularem
353 2029 436 2050 suae
465 2017 634 2062 cuiusque
659 2017 871 2059 vocationis,
915 2031 970 2052 me
996 2031 1128 2061 meam,

145 2075 179 2102 te
208 2076 316 2102 tuam.

248 2118 309 2152 Est
328 2125 361 2153 et
381 2119 439 2151 illa
459 2119 579 2162 legalis
597 2119 774 2161 definitio,
792 2122 1027 2165 complectens
1045 2121 1128 2153 uni-

146 2170 315 2203 versalem
340 2175 373 2202 et
401 2170 646 2213 particularem
671 2171 870 2206 iusticiam:
913 2168 1130 2216 δικαιοσύνη

146 2218 222 2255 ἐστὶ
235 2218 412 2254 κοινωνία
431 2220 526 2255 θεοῦ
539 2219 614 2266 μετ’
631 2217 809 2266 ἰσότητος.
859 2221 964 2256 Prior
982 2235 1060 2268 pars
1077 2223 1131 2256 lo-

147 2272 269 2317 quitur
285 2272 327 2304 de
342 2272 514 2312 novitate,
548 2283 617 2317 qua
635 2270 729 2305 Deus
748 2273 836 2307 lucet
857 2273 894 2306 in
912 2275 1062 2316 renatis,
1099 2281 1131 2307 et

148 2323 306 2356 accendit
330 2322 451 2361 fidem,
481 2323 666 2361 timorem,
696 2331 728 2357 et
746 2324 831 2356 alias
854 2325 1015 2359 virtutes.
1068 2324 1131 2359 Se-

149 2375 261 2407 cunda
287 2385 366 2417 pars
391 2374 550 2419 loquitur
572 2375 614 2407 de
639 2375 806 2419 operibus
833 2378 1005 2410 secundae
1028 2377 1132 2410 tabu-

150 2424 221 2464 lae,
248 2436 335 2469 quae
357 2426 589 2459 concionatur
613 2426 656 2459 de
680 2426 890 2471 aequalitate
908 2439 986 2470 erga
1011 2427 1133 2471 proxi-

150 2486 268 2516 mum,
294 2482 332 2509 ut
353 2476 497 2509 dicitur:
534 2475 668 2519 Diligas
694 2477 892 2521 proximum
917 2485 1018 2511 tuum
1043 2478 1133 2512 sicut

153 2532 185 2558 te
204 2526 328 2569 ipsum.
381 2525 483 2560 ltem:
521 2526 625 2570 Quod
648 2529 712 2562 tibi
737 2540 810 2562 non
832 2528 884 2560 vis
905 2529 999 2571 fieri,
1033 2529 1131 2562 alteri

152 2588 196 2609 ne
226 2576 359 2610 feceris.
409 2577 477 2611 Sed
502 2578 721 2623 intelligatur
749 2580 941 2625 aequalitas
970 2581 1132 2614 ordinata

154 2628 228 2670 lege
258 2627 346 2667 Dei,
388 2627 480 2661 iuxta
505 2627 588 2664 haec
613 2631 721 2665 dicta:
763 2630 845 2665 Non
873 2629 1132 2672 moechaberis,

152 2677 233 2711 Nou
256 2678 389 2712 furtum
413 2680 528 2714 facies.

557 103 592 138 3.
620 99 916 138 ENARRATtO
944 100 1096 139 EPIST.
1123 100 1272 136 PAULI
1300 98 1366 136 AD
1395 98 1656 136 ROMANOS.
1711 97 1811 137 CAP.
1842 98 1905 136 111.

543 290 602 325 Sic
627 292 752 325 usitate
769 289 898 323 dicitur
915 289 958 321 de
978 288 1117 322 iusticia
1144 303 1145 308 ¹

2088 101 2160 138 853

1274 186 1342 220 Sed
1366 186 1478 230 cogita
1505 186 1695 227 Davidem,
1723 187 1784 233 qui
1808 199 1886 221 cum
1912 186 2120 230 obiurgatur
2140 200 2159 221 a

1172 234 1334 278 Nathan,
1361 238 1514 271 sentiens
1538 239 1625 271 iram
1651 237 1734 276 Dei,
1771 245 1803 272 et
1828 239 1952 271 videns
1979 239 2158 281 ingentem

1172 288 1300 320 molem
1321 296 1560 331 peccatorum,
1582 290 1767 330 adulterii,
1797 287 2000 329 homicidii,
2026 296 2058 322 et
2074 287 2160 322 hor-

1172 338 1332 371 ribilium
1359 340 1624 380 scandalorum,
1669 340 1756 383 fugit
1781 339 1914 380 Deum,
1954 347 1985 373 et
2008 339 2164 373 luctatur

1172 400 1251 421 cum
1271 396 1395 424 morte,
1448 388 1516 422 Hic
1536 402 1607 422 non
1625 390 1799 433 disputat,
1820 404 1904 435 quas
1930 391 2075 423 virtutes
2093 388 2157 423 ha-

1172 440 1270 479 beat,
1286 446 1318 472 et
1334 440 1429 473 videt
1445 452 1480 473 se
1501 452 1570 473 non
1592 438 1720 473 habere
1737 441 1907 474 iusticiam
1928 442 2160 478 essentialem,

1171 489 1224 524 De
1245 488 1311 523 hoc
1336 502 1446 533 agone
1470 491 1628 535 loquitur
1643 491 1789 529 Paulus,
1808 492 1988 537 inquiens:
2019 490 2157 525 Omnes

1173 548 1422 585 peccaverunt,
1459 542 1494 574 id
1522 549 1590 584 est,
1628 554 1748 575 omnes
1775 550 1856 576 sunt
1880 544 1949 583 rei,
1987 550 2017 575 et
2040 550 2159 577 carent

1173 592 1283 634 gloria
1307 591 1392 632 Dei,
1429 593 1463 625 id
1489 599 1559 631 est,
1604 593 1680 625 lnce
1707 592 1772 626 Dei
1795 594 1951 636 fulgente
1978 594 2013 626 in
2038 601 2165 627 natura

1173 644 1399 686 incorrupta,
1435 655 1496 676 seu
1522 644 1596 687 ipso
1621 642 1696 676 Deo
1724 651 1860 683 carent,
1903 646 2109 677 ostendente
2127 656 2163 677 se

1174 701 1206 728 et
1223 695 1433 727 accendente
1454 696 1633 728 ardentem
1655 694 1899 732 dilectionem,
1928 702 1959 728 et
1979 695 2065 727 alios
2086 708 2162 727 ino·

1174 752 1228 778 tus
1261 745 1327 785 legi
1363 753 1615 789 congruentes,
1662 745 1738 778 sine
1766 746 1839 779 ullo
1867 754 2017 789 peccato.
2071 744 2162 778 Cum

1173 796 1265 828 enim
1289 795 1420 830 Paulus
1445 797 1605 830 nominat
1625 795 1786 830 Gloriam
1807 796 1891 837 Dei,
1936 797 2096 841 loquitur
2119 798 2162 829 de

1174 847 1233 879 illa
1253 847 1345 880 luce:
1364 855 1395 882 et
1416 846 1502 881 mihi
1521 860 1593 881 non
1612 848 1773 891 displicet
1792 848 1953 881 effectum
1973 855 2004 881 et
2023 859 2162 880 causam

1174 898 1378 941 complecti,
1412 906 1449 933 ut
1475 911 1553 932 cum
1578 899 1724 933 dicitur:
1760 898 1839 933 Erit
1857 897 1951 931 Deus
1979 899 2096 931 omnia
2124 899 2162 931 in

1173 950 1350 985 omnibus.
1391 948 1512 996 Inquit
1535 958 1649 984 autem
1675 949 1822 991 Paulus,
1858 962 1981 983 omnes
1999 961 2071 983 esse
2095 950 2163 982 im-

1175 1001 1327 1033 mundos
1346 1007 1379 1034 et
1395 1013 1472 1034 reos
1491 1014 1605 1034 coram
1622 999 1710 1034 Deo.

1263 1050 1352 1084 Cum
1371 1051 1478 1094 igitur
1495 1051 1609 1085 David
1628 1052 1663 1084 in
1680 1049 1746 1085 hoc
1763 1063 1866 1084 sensu
1884 1050 1956 1084 irae
1973 1049 2038 1084 Dei
2057 1062 2164 1095 quae-

1174 1102 1220 1136 rit
1245 1102 1440 1143 iusticiam,
1474 1103 1558 1148 quid
1584 1104 1685 1137 offert
1702 1103 1888 1147 promissio
1907 1109 1938 1135 et
1957 1115 2023 1135 vox
2041 1100 2163 1134 Evau-

1175 1152 1282 1196 gelii?
1332 1152 1414 1186 Nou
1434 1154 1481 1187 ait
1501 1167 1578 1187 eum
1596 1155 1726 1188 iustum
1748 1165 1818 1186 esse
1836 1153 2041 1196 impletione
2065 1152 2163 1194 legis,

1174 1206 1234 1237 sed
1261 1211 1436 1238 monstrat
1459 1205 1626 1239 beneficia
1655 1205 1876 1244 mediatoris,
1919 1203 2162 1237 remissionem

1174 1261 1396 1298 peccatorum
1425 1263 1457 1290 et
1482 1255 1804 1289 reconciliationem
1840 1256 2025 1298 gratuitam
2044 1281 2052 1297 ‚
2102 1266 2163 1287 seu

1174 1305 1443 1347 imputationem
1467 1306 1625 1340 iusticiae
1643 1313 1786 1350 propter
1804 1306 2055 1344 mediatorem,
2083 1317 2163 1337 cum

1175 1368 1243 1401 qna
1271 1356 1376 1388 simul
1406 1357 1443 1390 fit
1469 1357 1676 1395 vivificatio,
1720 1369 1799 1389 cum
1824 1356 1935 1390 credit
1961 1368 1995 1389 se
2021 1362 2165 1400 propter

1175 1406 1412 1440 obedientiam
1439 1409 1643 1442 mediatoris
1677 1408 1796 1452 recipi.

1277 1456 1558 1504 Quibuscunqne
1576 1460 1684 1502 igitur
1702 1460 1816 1492 verbis
1832 1458 1882 1492 uti
1902 1458 1987 1491 velis
1999 1483 2008 1497 ,
2025 1469 2163 1491 necesse

1176 1516 1226 1542 est
1251 1509 1434 1551 complecti
1460 1511 1701 1543 remissionem
1729 1516 1967 1554 peccatorum,
2003 1508 2162 1542 reconci-

1176 1559 1385 1597 liationem,
1432 1572 1492 1593 seu
1527 1561 1794 1603 imputationem
1827 1560 1984 1593 iusticiae
2019 1566 2165 1604 propter

1177 1610 1418 1642 mediatorem.
1455 1611 1543 1644 Nam
1562 1610 1615 1644 liis
1632 1612 1747 1644 verbis
1766 1623 1924 1655 expresse
1941 1611 2053 1644 utitur
2072 1609 2165 1642 Pau-

1178 1662 1250 1701 lus,
1287 1667 1318 1693 et
1337 1662 1473 1705 quaerit
1501 1661 1635 1702 David,
1671 1674 1743 1695 non
1769 1674 1857 1707 quae
1885 1662 2033 1695 virtutes
2060 1661 2097 1693 in
2124 1673 2164 1694 eo

1179 1710 1354 1752 habitent,
1380 1719 1438 1745 aut
1462 1714 1574 1757 qualis
1601 1715 1644 1747 sit
1669 1711 1878 1746 inhabitatio
1899 1713 1935 1745 in
1962 1713 2036 1756 ipso
2063 1712 2165 1745 iusti-

1179 1763 1251 1795 ciae
1274 1763 1486 1804 essentialis,
1528 1766 1585 1797 sed
1611 1765 1790 1810 quomodo
1814 1763 1960 1807 accipiat
1987 1763 2164 1796 remissio-

1179 1826 1259 1846 nem
1290 1821 1510 1856 peccatorum
1536 1822 1567 1848 et
1594 1815 1942 1854 reconciliationem,
1984 1814 2162 1858 quomodo

1180 1865 1331 1908 placeat,
1359 1871 1392 1897 et
1412 1866 1455 1899 sit
1474 1874 1633 1910 acceptus
1655 1865 1741 1901 Deo.
1794 1865 1866 1898 Has
1889 1865 2076 1898 relationes
2101 1876 2164 1897 ne-

1180 1927 1271 1948 cesse
1288 1922 1337 1949 est
1356 1916 1559 1961 complecti,
1595 1918 1865 1963 quibuscunque
1888 1917 2030 1950 tandem
2049 1915 2166 1948 verbis

1180 1966 1231 2000 uti
1258 1967 1365 2001 voles-

1281 2016 1370 2051 Cum
1400 2017 1507 2061 igitur
1532 2018 1835 2053 considerabimus
1868 2031 1986 2052 veram
2019 2029 2166 2052 conver-

1182 2069 1337 2108 sionem,
1376 2069 1514 2103 sacilius
1538 2069 1793 2113 intelligemus,
1836 2071 1921 2116 qnid
1947 2070 2076 2103 Paulus
2100 2081 2167 2101 no-

1184 2120 1294 2153 minet
1319 2119 1516 2161 Iusticiam,
1544 2133 1602 2153 seu
1622 2120 1919 2155 Iustificationem.
1974 2119 2073 2154 Nihil
2097 2121 2166 2153 du-

1184 2171 1282 2204 bium
1309 2178 1376 2211 est,
1414 2172 1530 2204 doceri
1554 2170 1618 2204 hoc
1649 2172 1748 2214 loco,
1786 2173 1965 2217 quomodo
1991 2169 2098 2204 homo
2124 2171 2169 2204 sit

1185 2222 1296 2255 iustus
1321 2234 1438 2255 coram
1464 2222 1558 2263 Deo,
1586 2235 1665 2257 cum
1689 2231 1805 2256 tamen
1829 2229 1947 2256 nostra
1973 2229 2098 2256 natura
2123 2221 2168 2255 sit

1186 2273 1391 2313 immunda,
1425 2286 1587 2317 oppressa
1623 2275 1714 2307 mole
1749 2281 1991 2318 peccatorum,
2034 2280 2065 2306 et
2098 2284 2168 2305 rea.

1184 2323 1253 2357 Hic
1277 2324 1393 2368 inquit
1417 2324 1546 2358 Paulus
1568 2324 1673 2359 Rom.
1701 2325 1750 2359 3.:
1789 2324 2021 2358 lustificamur
2046 2323 2169 2366 gratis,

1186 2387 1248 2419 per
1263 2375 1531 2416 redemtionem,
1561 2388 1648 2420 quae
1664 2384 1712 2409 est
1729 2376 1766 2408 in
1784 2374 1925 2409 Christo
1944 2374 2039 2413 Iesu,
2062 2385 2167 2419 quem

1187 2427 1368 2470 proposuit
1405 2425 1501 2459 Deus
1542 2427 1814 2470 propiciatorem
1855 2439 1917 2471 per
1961 2426 2169 2469 sanguinem

1186 2478 1305 2520 ipsius.
1359 2476 1446 2510 Item
1472 2476 1575 2512 Rom.
1596 2476 1648 2510 5.:
1684 2476 1862 2512 Iustificati
1888 2477 2058 2519 sanguine
2081 2476 2167 2509 eius.

1187 2527 1295 2562 Item:
1324 2526 1557 2562 Reconciliati
1583 2528 1660 2561 Deo
1683 2541 1745 2571 per
1767 2535 1916 2562 mortem
1941 2528 2015 2561 filii.

1289 2579 1379 2612 Cum
1404 2579 1511 2621 igitur
1535 2579 1732 2613 iustificatio
1751 2580 1795 2613 sit
1810 2579 1964 2624 acceptio
1988 2576 2169 2611 remissio-

1186 2630 1240 2663 nis
1267 2637 1486 2673 peccatorum
1513 2636 1545 2663 et
1569 2631 1884 2671 reconciliationis,
1926 2642 1986 2663 seu
2012 2634 2169 2671 accepta-

1188 2681 1292 2715 tionis
1315 2692 1434 2714 coram
1458 2679 1552 2723 Deo,
1585 2693 1648 2726 per
1670 2681 1774 2716 fidem
1793 2682 1830 2715 in
1854 2681 2105 2720 mediatorem,
2134 2678 2171 2710 in
