2415 2942
156 97 252 132 1013
394 95 494 133 XIII.

251 181 411 217 Recitavi
443 183 644 217 testimonia
673 182 903 226 congruentia
937 196 1016 217 cum
1044 191 1139 219 textu

150 232 250 267 Pauli
263 260 271 273 ,
297 246 385 278 quae
402 235 503 267 valde
523 236 663 279 prodest
682 246 781 278 saepe
798 235 955 277 cogitari,
985 241 1016 268 et
1033 236 1137 269 simul

149 295 268 317 causas
291 286 510 328 expendere,
547 294 690 330 propter
717 297 801 329 quas
825 285 919 318 Deus
951 283 1039 318 banc
1073 288 1137 319 do—

150 335 297 368 ctrinam
335 337 505 379 patefecit.
579 336 662 369 Vult
689 336 782 367 enim
806 335 908 373 sciri,
947 348 1034 380 quae
1067 338 1137 371 sint

147 383 213 418 Dei
232 398 354 429 opera,
379 394 411 420 et
437 388 510 421 vult
536 399 573 420 ea
599 386 750 420 discerni
779 398 795 418 a
812 386 992 419 furoribus
1012 387 1136 420 diabo-
1162 402 1164 406 ’

148 435 234 473 licis,
293 436 375 470 Vult
402 438 437 470 in
462 439 566 471 nobis
591 436 827 470 obedientiam
852 443 884 470 et
906 438 1134 470 reverentiam

148 499 226 530 erga
247 488 427 527 ordinem,
455 490 514 534 qui
533 496 582 522 est
599 500 686 532 opus
702 487 863 520 divinum
880 495 912 521 et
932 488 1054 531 ingens
1074 489 1135 521 be-

147 539 326 578 neficium,
354 539 572 572 confirmare.
630 537 714 572 Vult
734 538 839 570 etiam
861 551 925 572 nos
943 542 1132 573 accendere

146 590 187 621 ad
209 590 443 633 precationem
462 597 493 623 et
509 590 697 633 gratiarum
717 589 902 622 actionem.
959 589 1134 623 Memine-

147 639 194 672 ris
212 648 326 674 autem
350 642 478 674 diserte
496 642 533 673 in
553 647 646 674 textu
667 638 765 672 Pauli
794 641 946 673 discerni
972 642 1132 674 ordinem

146 702 164 723 a
189 692 466 726 confusionibus.
519 691 601 725 ldeo
627 701 710 723 usus
734 698 781 724 est
804 690 937 724 Paulus
964 693 1133 726 vocabulo

149 738 311 777 Ordinis.

196 823 457 872 lllagislralus
485 829 535 858 est
562 823 729 857 minister
745 822 839 866 Dei,
870 823 1008 860 vindex
1033 825 1087 860 ud

546 875 643 908 iram
672 879 733 911 etc.

247 944 435 991 Postquam
464 945 499 978 in
526 957 651 988 genere
674 944 762 978 dixit
786 944 936 985 Paulus,
971 945 1132 978 ordinem

146 997 329 1041 politicum
355 1008 427 1029 esse
451 1008 538 1039 opus
557 995 642 1035 Dei,
675 996 774 1028 addit
794 996 1035 1029 definitionem
1060 1010 1133 1029 ma-

147 1049 308 1090 gistratus
335 1048 525 1090 integram,
552 1054 589 1080 nt
613 1047 789 1080 discernat
812 1048 973 1080 ordinem
997 1055 1030 1081 et
1058 1061 1131 1081 ma-

146 1101 327 1142 gistratum
352 1111 369 1131 a
388 1099 595 1132 latrociniis.

246 1149 475 1192 Magistratus
500 1157 549 1182 est
575 1148 734 1180 minister
750 1147 836 1188 Dei,
871 1148 974 1181 nobis
1000 1149 1041 1180 ad
1070 1150 1133 1181 bo-

146 1213 253 1240 num,
288 1201 416 1233 vindex
441 1202 482 1232 ad
509 1200 749 1232 defendendos
774 1206 864 1232 recte
889 1200 1072 1237 facientes,
1103 1207 1133 1232 et

147 1253 345 1295 puniendos
378 1252 622 1296 delinquentes
655 1250 789 1294 gladio,
834 1251 867 1282 id
895 1258 969 1290 est,
1012 1251 1135 1294 poenis

146 1303 400 1347 corporalibus.

250 1352 344 1386 Haec
370 1352 528 1385 definitio
557 1360 606 1384 est
633 1351 784 1395 integra,
819 1358 852 1385 et
880 1351 1004 1384 melior
1029 1352 1132 1384 etiarn

146 1416 252 1449 quam
276 1404 522 1436 Aristotelica:
566 1402 794 1444 Blagistratus
820 1410 869 1435 est
895 1409 1011 1434 custos
1038 1403 1133 1445 legis,

146 1455 278 1488 Paulus
302 1455 394 1487 enim
428 1454 525 1486 addit
556 1453 762 1485 efficientem
795 1465 955 1491 causam,
989 1454 1134 1493 scilicet,

146 1509 239 1551 quod
260 1505 303 1539 sit
323 1505 504 1538 institutus
520 1518 536 1536 a
557 1503 642 1536 Deo.
683 1502 729 1536 Et
748 1503 784 1535 in
805 1516 904 1536 causa
922 1504 1017 1535 finali
1037 1504 1133 1537 addit

149 1558 322 1590 illustrem
343 1554 657 1599 particulam‚'t¹ibi
677 1555 711 1585 in
731 1554 947 1595 bonum,nbi
968 1555 1133 1588 discernit

148 1608 388 1650 magistratum
411 1619 427 1636 a
454 1605 650 1637 latrocinio.
710 1604 799 1637 Nam
824 1605 913 1638 latro
942 1617 1012 1637 non
1040 1606 1131 1638 fovet

148 1658 328 1692 honestam
361 1655 585 1695 societatem,
614 1662 645 1688 et
671 1655 811 1699 tyranni
840 1663 921 1696 sunt
956 1656 1131 1688 latronum

149 1709 294 1744 similes.
350 1707 417 1740 Sed
445 1706 666 1748 magistratus
686 1706 841 1739 defendit
860 1707 987 1746 iustos,
1016 1714 1048 1739 et
1069 1719 1132 1750 pu-

147 1762 201 1795 nit
219 1759 472 1794 contumaciter
488 1763 627 1789 ruentes
645 1757 681 1788 in
702 1757 828 1789 scelera
844 1784 851 1796 ‚
880 1765 912 1790 et
929 1758 1022 1790 fovet
1038 1771 1132 1790 com-

147 1823 291 1846 munem
309 1809 530 1845 societatem,
559 1808 645 1840 sicut
663 1808 923 1850 paterfamilias.
981 1807 1059 1841 Ideo
1077 1809 1130 1840 di-

149 1873 244 1896 ctnm
268 1868 316 1894 est
341 1873 357 1892 a
391 1863 478 1892 duce
505 1858 643 1891 Persico
670 1859 705 1890 iu
729 1857 992 1902 Xenophonte:
1033 1857 1131 1892 Nihil

147 1915 266 1949 differt
283 1913 397 1944 bonus
415 1910 576 1954 princeps
592 1923 609 1941 a
630 1916 725 1953 patre
746 1911 849 1943 bono.

248 1964 315 1997 Sed
345 1963 381 1994 in
409 1960 472 1994 hac
491 1961 695 1993 definitione
719 1961 916 2004 quaeritur:
943 1959 1047 1995 Unde
1066 1961 1130 1994 sci-

147 2028 242 2053 mus,
269 2026 355 2057 quae
374 2013 444 2045 sint
468 2020 558 2044 recte
583 2011 696 2044 facta?
739 2009 970 2054 Respondeo:
1001 2012 1132 2045 Paulus

148 2066 204 2100 hic
222 2064 351 2098 omittit
369 2064 562 2105 longiorem
587 2062 882 2103 declarationem,
910 2070 942 2096 et
970 2063 1048 2096 ideo
1074 2075 1132 2106 ge-

147 2118 314 2151 neraliter
331 2114 506 2158 loquitur,
535 2120 571 2146 ut
592 2114 681 2155 leges
702 2113 861 2146 omnium
888 2115 1046 2157 gentium
1069 2116 1130 2146 ad-

146 2169 269 2213 probet
296 2168 338 2198 de
364 2165 527 2198 civilibus
558 2164 704 2206 negotiis
723 2191 731 2204 ,
774 2164 801 2196 si
836 2172 954 2197 tamen
981 2177 1132 2198 consen-

146 2221 234 2255 tiant
253 2230 332 2250 cum
352 2216 426 2258 lege
443 2222 600 2248 naturae.

246 2268 314 2302 Hic
336 2267 443 2310 igitur
467 2273 548 2299 nota
575 2265 620 2298 sit
644 2264 778 2307 regula:
813 2263 1036 2300 Christianos
1059 2279 1131 2300 non

147 2333 219 2356 esse
242 2320 401 2362 alligatos
428 2310 657 2360 ad‘politiarn
684 2314 876 2349 Mosaicam
898 2344 907 2357 ‚
942 2319 1002 2351 sed
1027 2317 1131 2351 licere

147 2374 196 2407 eis
212 2372 264 2405 uti
279 2370 414 2412 legibus
430 2379 572 2401 suarum
592 2366 747 2409 gentium
760 2394 769 2407 ,
795 2379 883 2411 quae
907 2369 1132 2402 consentiunt

148 2435 229 2458 cum
251 2422 405 2460 ratione,
431 2419 465 2451 id
491 2426 559 2458 est,
585 2430 663 2451 cum
688 2417 762 2460 lege
787 2425 953 2459 naturae,
983 2431 1044 2453 sen
1069 2421 1129 2452 de-

149 2475 268 2516 calogo
288 2478 379 2506 recte
403 2470 602 2510 intellecto,
629 2469 701 2501 imo
726 2468 816 2502 sicut
836 2469 940 2504 debet
957 2468 1130 2504 Christia-

147 2537 215 2559 nus
236 2521 471 2557 obedientiam
500 2519 743 2564 praesentibus
768 2519 904 2562 legibus
929 2533 1008 2554 cum
1027 2522 1130 2554 deca—

147 2578 226 2620 logo
254 2572 539 2617 congruentibus.
600 2570 697 2604 Licet
722 2570 830 2614 igitur
858 2571 954 2606 fures
984 2584 1131 2616 suspen-

147 2630 245 2667 dere,
271 2626 352 2659 licet
378 2621 610 2656 haereditates
635 2621 794 2655 dividere
822 2623 952 2657 nostris
975 2623 1130 2667 legibus:

145 2679 227 2725 quia
250 2674 482 2718 Evangelium
509 2685 582 2707 non
606 2672 788 2708 constituit
813 2685 939 2708 novam
973 2674 1132 2719 politiam

548 98 582 132 3.
610 93 908 133 ENARRATIO
936 97 1091 134 EPIST.
1119 98 1264 135 PAULI
1295 101 1362 135 AD
1390 101 1650 139 ROMANOs.

1703 105 1806 142 CAP.
1835 106 1936 142 XIII.
2088 109 2185 144 1014

1195 190 1432 229 mundanam,
1468 192 1525 223 sed
1551 191 1781 225 concionatur
1806 193 1848 225 de
1883 193 2017 226 iusticia
2055 201 2085 228 et
2112 196 2180 228 vita

1193 246 1348 279 aeterna,
1377 253 1464 284 quae
1485 242 1518 273 in
1548 243 1713 275 cordibus
1731 243 1892 277 incoatur
1908 257 1968 288 per
1985 245 2094 278 filium
2114 245 2179 278 Dei

1194 302 1274 321 voce
1293 288 1478 331 Evangelii
1500 292 1533 323 in
1558 305 1633 325 vera
1655 295 1893 329 conversione.
1942 294 2077 329 Interea
2095 297 2179 330 sinit

1407 342 1414 347 ’
1438 342 1584 375 diversis
1610 345 1762 387 politiIS,
1806 346 1895 379 sicut
1926 347 2072 379 diversis
2103 347 2178 380 die-

1162 349 1165 385 ]
1192 351 1338 383 corpora
1366 350 1414 372 nti

1192 402 1268 422 rum
1294 392 1426 434 spatiis.

1161 472 1278 516 ,Ideo
1314 487 1450 508 necesse
1483 480 1533 508 esl
1568 475 1731 517 obedire,
1774 491 1847 511 non
1879 479 1999 513 solum
2027 487 2174 530 propter

1292 526 1386 559 iram
1399 554 1407 566 ,
1431 524 1498 559 sed
1513 526 1622 560 etiam
1639 534 1784 575 propler
1803 530 2072 566 conscz'entlmn.

1290 593 1542 626 Definitionem
1561 596 1719 638 sequitur
1738 598 1935 636 conclusio,
1969 600 2004 632 in
2031 613 2098 646 qua
2121 614 2174 634 re-

1190 645 1274 687 petit
1293 653 1513 688 praeceptum
1533 647 1574 677 de
1593 647 1811 687 obedientia,
1839 655 1869 680 et
1894 650 1990 682 addit
2020 663 2174 685 necessa-

1189 695 1277 728 riam
1310 696 1607 736 declarationem,
1651 705 1687 730 ut
1724 699 1808 731 sciat
1838 697 2021 740 Ecclesia,
2063 704 2175 746 qualis

1188 747 1357 789 obligatio
1382 747 1443 786 sit,
1470 754 1498 778 et
1519 748 1621 791 quale
1640 756 1818 792 peccatum
1845 750 1888 782 sit
1913 751 2008 783 nolle
2032 753 2176 787 obedire

1190 797 1352 840 legitimis
1374 797 1541 841 imperiis.

1289 847 1340 881 Ac
1357 848 1458 881 multi
1477 849 1662 892 scriptores
1683 846 1748 880 hoc
1766 857 2011 892 argumentum
2034 853 2174 896 agitant.

1291 898 1518 942 Magistratus
1543 900 1717 933 neminem
1749 907 1862 944 potest
1892 914 2003 946 poena
2034 912 2175 940 aeterua

1340 950 1497 983 adficere.

1290 998 1382 1044 Ergo
1408 1001 1543 1033 v101;.ns
1570 1001 1678 1044 legem
1707 1002 1990 1045 magistratuum,
2028 1018 2098 1039 non
2126 1015 2175 1042 est

1342 1052 1515 1094 obligatus
1535 1053 1573 1083 ad
1597 1065 1724 1093 poenas
1746 1060 1912 1089 aeternas.

1284 1102 1448 1146 Neganda
1467 1110 1516 1136 est
1534 1104 1797 1147 consequentia,
1816 1104 1847 1147 Q
1865 1106 1908 1137 iia
1928 1106 2066 1141 violans
2085 1108 2173 1152 leges

1187 1154 1453 1197 magistratuum
1479 1154 1655 1195 obligatur
1671 1156 1710 1186 ad
1733 1167 1878 1198 poenam
1895 1165 2072 1191 aeternam
2093 1172 2174 1203 pro-

1189 1212 1264 1248 pter
1296 1206 1499 1237 mandatum
1529 1204 1615 1244 Dei,
1651 1206 1739 1238 sicut
1764 1207 1899 1239 violans
1926 1211 2087 1243 mandata
2114 1223 2175 1255 pa-

1189 1263 1349 1295 rentum,
1376 1256 1552 1297 obligatur
1575 1257 1616 1287 ad
1647 1269 1792 1299 poenam
1817 1265 2014 1300 aeternam,
2040 1262 2175 1295 etiamsi

1188 1314 1347 1348 parentes
1365 1307 1541 1338 neminem
1563 1314 1706 1348 possunt
1725 1308 1874 1340 adficere
1894 1322 2005 1352 poena
2023 1319 2173 1346 aeterna.

1187 1356 1254 1390 Sed
1280 1356 1375 1389 Deus
1406 1357 1476 1400 ipse
1503 1357 1663 1389 irascitur
1693 1358 1908 1391 violantibus
1942 1361 2103 1394 ordinem
2131 1364 2174 1397 ab

1188 1407 1263 1450 ipso
1294 1407 1485 1446 sancitum,
1529 1415 1560 1440 et
1590 1416 1638 1439 est
1668 1416 1783 1441 custos
1810 1410 1864 1442 sui
1898 1412 2051 1445 ordinis:

1189 1470 1338 1501 poenam
1359 1458 1430 1501 ipse
1449 1458 1643 1502 exequitur.

1288 1507 1340 1541 Ac
1363 1509 1465 1540 verba
1492 1508 1590 1540 Pauli
1619 1509 1887 1550 diligentissime
1917 1514 2173 1550 consideranda

1188 1565 1282 1591 sunt.
1347 1558 1492 1591 *Necesse
1519 1566 1567 1591 est
1594 1561 1753 1599 obedire,
1783 1574 1853 1594 non
1886 1564 1999 1596 solum
2033 1574 2173 1609 propter

1188 1609 1273 1641 iram
1286 1637 1294 1648 ,
1324 1609 1357 1641 id
1376 1617 1443 1649 est,
1469 1616 1610 1653 propter
1625 1611 1816 1654 supplicia,
1846 1614 1974 1657 quibus
1991 1617 2174 1658 magistra-

1186 1667 1241 1693 tus
1261 1667 1372 1704 potest
1397 1668 1513 1692 sontes
1534 1661 1700 1701 adlicere,
1726 1664 1783 1694 sed
1803 1664 1905 1696 etiam
1927 1673 2070 1709 propter
2086 1681 2172 1701 con—

1186 1711 1388 1751 scientiam,
1423 1712 1574 1752 scilicet‚
1608 1724 1650 1744 ne
1679 1713 1737 1745 fiat
1768 1726 1823 1746 rea
1856 1722 2016 1749 aeternae
2040 1730 2174 1761 poenae

1186 1762 1222 1793 in
1253 1759 1325 1802 his,
1368 1763 1427 1806 qui
1465 1762 1593 1796 nolunt
1628 1764 1771 1796 obedire
1803 1765 1967 1808 legitimis
2002 1769 2172 1812 imperiis.

1185 1812 1344 1846 Sciamus
1361 1813 1468 1856 igitur
1486 1826 1564 1846 vere
1581 1821 1758 1858 peccatum
1778 1817 1925 1850 mortale
1945 1830 2025 1858 esse,
2053 1821 2088 1853 id
2110 1829 2172 1862 est,

1185 1863 1297 1896 Deum
1315 1864 1498 1897 offendens
1510 1871 1540 1897 et
1552 1865 1681 1897 faciens
1698 1864 1877 1899 hominem
1896 1881 1992 1901 reum
2011 1878 2171 1905 aeternae

1186 1926 1334 1958 poenae,
1358 1915 1452 1948 nolle
1470 1916 1613 1948 obedire
1631 1916 1793 1958 legitimis
1812 1918 1977 1961 imperiis.
2034 1922 2090 1955 Sic
2110 1924 2171 1956 de-

1185 1966 1294 1998 clarat
1315 1966 1577 2007 necessitatem,
1605 1974 1641 2000 ut
1660 1968 1877 2011 intelligatur
1892 1971 1934 2003 de
1954 1972 2170 2014 obligatione

1185 2017 1419 2049 conscientiae
1462 2024 1494 2050 et
1530 2018 1574 2051 de
1611 2019 1763 2052 aeternis
1800 2021 1921 2064 poenis
1940 2047 1949 2061 ,
1999 2024 2169 2066 videlicet,

1185 2067 1254 2100 nisi
1272 2068 1327 2101 fiat
1344 2068 1539 2102 conversio.

1287 2117 1360 2151 Iam
1380 2120 1605 2152 considerent
1621 2132 1742 2154 omnes
1759 2119 1940 2163 homines,
1965 2133 2094 2169 quanta
2115 2138 2167 2160 se-

1185 2170 1328 2202 veritate
1344 2168 1439 2203 Deus
1466 2170 1538 2214 ipse
1557 2171 1749 2205 muniverit
1767 2174 1987 2215 magistratus
2005 2184 2036 2209 et
2055 2184 2166 2211 totum

1185 2221 1368 2264 politicum
1399 2222 1579 2262 ordinem,
1615 2234 1694 2254 cum
1725 2235 1882 2266 expresse
1906 2224 2036 2259 Paulus
2061 2229 2166 2261 adfir-

1184 2278 1273 2312 met,
1312 2273 1560 2306 conscientiam
1591 2284 1684 2305 ream
1716 2273 1790 2306 fieri
1820 2287 1936 2307 coram
1969 2276 2065 2319 Deo,
2101 2276 2166 2313 hoc

1183 2329 1253 2364 est,
1281 2321 1524 2357 inobedientes
1542 2324 1654 2356 deseri
1670 2336 1687 2356 a
1707 2323 1800 2364 Deo,
1826 2325 1898 2358 fieri
1918 2329 2072 2370 captivos
2089 2331 2166 2364 dia-

1183 2373 1277 2413 boli,
1304 2379 1338 2406 et
1361 2374 1466 2407 abiici
1491 2374 1528 2407 in
1552 2381 1710 2408 aeternas
1735 2388 1882 2418 poenas,
1911 2378 1977 2410 nisi
2003 2379 2062 2413 fiat
2081 2393 2167 2414 con-

1183 2424 1307 2457 versio.
1368 2424 1412 2459 Et
1436 2433 1536 2458 atrox
1560 2426 1777 2458 contumacia
1803 2427 1907 2460 etiam
1933 2429 2105 2464 divinitus
2129 2433 2165 2465 in

1182 2472 1248 2508 hac
1272 2475 1343 2509 vita
1363 2476 1525 2519 punitur,
1552 2476 1640 2509 sicut
1658 2475 1826 2509 Salomon
1846 2478 1978 2524 inquit:
2007 2480 2095 2514 Cum
2112 2495 2165 2516 se-

1184 2526 1320 2559 ditiosis
1339 2538 1383 2559 ne
1401 2527 1678 2566 commiscearis,
1705 2528 1787 2572 quia
1809 2529 1878 2562 cito
1901 2531 2018 2565 veniet
2043 2545 2163 2567 eorum

1183 2577 1359 2613 iuteritus.
1423 2576 1470 2611 Et
1500 2577 1537 2610 in
1563 2575 1771 2612 Ecclesiaste
1794 2579 1936 2625 inquit:
1969 2581 2050 2616 Non
2074 2584 2163 2617 effu-

1184 2628 1280 2671 gient
1297 2628 1335 2661 in
1356 2628 1413 2661 die
1429 2629 1537 2662 belli:
1571 2628 1661 2663 sicut
1683 2629 1847 2664 universa
1870 2633 1994 2666 mundi
2019 2631 2163 2669 historia

1184 2679 1356 2720 ostendit,
1389 2679 1574 2713 seditiosos
1605 2692 1790 2726 oppressos
1825 2693 1898 2716 esse
1933 2680 2165 2720 horribilibus

1519 2727 1602 2766 64·

2096 1414 2174 1448 ideo
