2415 2942
111 109 158 142 17
535 106 615 140 XII.

109 195 201 228 vitae
227 201 260 228 et
283 205 396 226 novae
421 192 578 226 iusticiae
604 192 642 224 in
666 191 853 224 mentibus.

106 245 281 289 copiosius
299 245 390 277 infra
409 244 566 277 docenda
582 249 698 277 erunt.

155 327 209 362 Et
232 327 301 362 lux
323 329 360 362 in
384 328 538 362 {enebris
556 326 664 366 lucet,
692 330 723 358 el
741 324 908 358 tenebrae
922 336 1000 358 eam
1019 337 1094 358 non

206 377 560 426 comprehenderunt.

208 446 406 481 Antithesis
442 447 659 479 observetur.
729 443 860 477 Filium
892 442 958 476 Dei
994 451 1093 478 vocat

102 499 235 539 lucem,
262 510 370 542 genus
394 495 590 530 humanum
610 506 815 539 oppressum
832 501 973 538 peccato
993 503 1093 529 vocat

102 550 275 582 tenebras.
329 548 474 591 Semper
491 553 605 580 autem
621 546 734 579 adfuit
751 545 844 578 filius
860 544 925 578 Dei
945 545 1017 589 ipse
1034 558 1092 587 ge-

103 601 179 632 neri
202 599 379 639 humano,
405 605 439 631 et
463 609 600 641 semper
624 603 701 641 post
718 596 867 641 primam
887 597 1091 640 promissio-

102 662 182 682 nem
207 651 323 683 datam
348 648 473 693 primis
497 648 723 693 parentibus,
750 647 870 681 sonuit
891 660 957 680 vox
977 649 1020 681 de
1038 661 1090 688 eo,

100 701 138 733 in
171 712 239 745 qua
273 701 413 744 agnosci
441 706 474 733 et
498 699 654 743 conspici
678 699 807 738 voluit,
839 705 872 731 et
897 710 960 742 per
985 711 1090 744 quam

99 751 166 784 fuit
192 752 310 784 efficax
335 751 372 784 in
397 751 596 796 aliquibus,
632 756 665 783 et
691 750 727 782 in
753 751 803 783 eis
825 761 951 782 novam
978 750 1090 783 lucem

101 809 133 835 et
146 802 252 835 vitam
273 802 437 835 incoavit.
481 801 608 835 Adfuit
625 800 733 844 igitur
749 808 782 835 et
797 801 936 843 agnosci
955 801 991 833 in
1010 813 1091 844 pro-

100 853 268 886 missione
294 853 426 892 voluit,
456 860 489 886 et
514 864 610 886 suam
637 852 870 895 praesentiam
893 858 997 896 atque
1017 853 1091 885 effi-

102 904 231 936 caciam
249 904 370 937 multis
396 903 567 936 mirandis
593 902 864 936 liberationibus
890 903 1092 941 declaravit,

104 962 143 988 ut
161 955 318 998 exempla
336 954 482 988 Patrum
501 961 533 987 et
549 951 809 998 Prophetarum
826 954 1031 992 ostendunt,
1058 961 1092 988 et

98 1012 216 1038 tamen
248 1007 411 1039 tenebrae
442 1018 520 1039 eum
546 1017 618 1038 non
651 1010 883 1048 agnoverunt.
942 1004 1092 1048 Semper

98 1056 250 1089 maxima
285 1068 363 1100 pars
392 1057 528 1100 generis
561 1053 727 1095 humaui,
769 1056 893 1089 furens
926 1053 1091 1088 horribili

97 1113 276 1140 contemtu
301 1107 386 1148 Dei,
422 1107 590 1141 iudicavit
616 1105 851 1149 Evangelium
876 1106 1016 1139 inanem
1041 1107 1088 1139 sa-

98 1158 219 1190 hulam
252 1169 335 1191 esse.
395 1158 504 1191 Multi
534 1158 636 1191 etiam
661 1164 827 1201 tanquam
860 1157 1090 1200 perniciosam

97 1209 294 1241 doctrinam
312 1210 483 1248 oderunt,
511 1215 543 1242 et
561 1208 675 1241 delere
696 1208 812 1240 conati
829 1214 920 1242 sunt.

198 1258 293 1292 Haec
319 1260 426 1302 igitur
451 1260 606 1292 narratio
631 1265 772 1298 monet,
815 1258 928 1301 qualis
953 1256 996 1290 sit
1021 1255 1089 1289 Ec-

99 1310 222 1342 clesiae
262 1312 403 1353 species,
465 1308 569 1343 Velut
598 1320 704 1352 parva
738 1307 890 1340 scintilla
920 1307 1030 1350 fulget
1054 1307 1089 1339 in

96 1366 218 1399 nocte,
250 1360 298 1392 sic
321 1359 555 1401 Evangelium
584 1367 630 1394 est
661 1359 842 1392 flammula
874 1358 1014 1401 fulgens
1047 1358 1085 1392 in

96 1410 296 1455 aliquibus,
331 1423 410 1444 cum
436 1411 578 1444 interlin
601 1410 729 1444 caeteri
752 1421 873 1443 omnes
902 1410 974 1443 sint
992 1416 1088 1443 tene-

96 1462 189 1494 brae.
252 1461 463 1506 Experimur
485 1470 600 1495 autem
626 1459 781 1494 humana
806 1460 935 1494 iudicia
960 1458 1089 1493 abhor-

96 1523 171 1545 rere
195 1513 239 1545 ab
256 1510 319 1546 hae
345 1514 458 1558 specie
481 1511 678 1552 Ecclesiae,
706 1513 877 1545 miramur
902 1513 1089 1544 maximam

96 1560 244 1596 humani
274 1565 410 1607 generis
442 1571 577 1609 partem
612 1564 774 1602 interire,
813 1564 905 1597 etin
933 1570 1090 1596 aeternas

96 1626 227 1657 poenas
245 1615 363 1651 abiici.
416 1615 485 1650 Sed
510 1622 656 1660 propter
673 1612 764 1648 hanc
782 1615 1015 1648 offensionem
1034 1627 1090 1647 ra—

95 1666 205 1698 tionis
240 1678 312 1699 non
345 1666 548 1700 deficiamus
576 1679 593 1699 a
618 1666 710 1707 Deo,
751 1678 789 1699 ac
814 1679 854 1700 eo
880 1667 990 1709 magis
1015 1666 1090 1699 eius

96 1717 268 1749 iudicium
297 1725 330 1751 et
356 1718 444 1750 iram
472 1724 687 1757 metuamus,
727 1724 758 1750 et
786 1715 981 1760 Evangelio
1005 1718 1089 1750 obe-

95 1768 244 1801 diamus.

94 1849 187 1884 Fuit
215 1849 326 1885 homo
353 1850 488 1883 missus
516 1862 538 1882 a
563 1849 647 1883 Deo
677 1850 736 1883 cui
763 1862 892 1884 nomen
910 1849 1088 1886 Ioannes.

192 1919 370 1964 Superior
388 1929 467 1963 pars
493 1919 594 1951 docet
615 1918 780 1951 lectorem
805 1919 847 1952 de
873 1926 1000 1953 natura
1025 1920 1089 1953 filii

93 1970 158 2005 Dei
170 1999 179 2012 ‚
207 1983 295 2016 quae
311 1970 416 2003 etiam
432 1976 512 2002 ante
534 1969 785 2002 assumtionem
803 1976 947 2003 naturae
965 1969 1088 2004 huma-

93 2035 158 2056 nae
174 2023 256 2056 fuit.
309 2021 468 2067 Sequens
490 2021 646 2054 narratio
673 2021 945 2055 concionabitur
968 2023 1012 2055 de
1034 2034 1088 2055 as-

93 2074 270 2108 sumtione
286 2079 432 2106 naturae
452 2070 644 2112 humanae,
678 2078 713 2106 et
734 2072 939 2117 priusquam
963 2074 1007 2106 de
1026 2075 1090 2106 ad-

93 2132 200 2158 ventu
218 2124 280 2157 filii
300 2122 364 2156 Dei
391 2124 573 2168 loquatur,
599 2124 816 2157 mentionem
845 2124 927 2158 facit
944 2123 1088 2158 Ioannis

93 2175 272 2219 Baptistae
291 2181 435 2220 propter
452 2175 538 2207 duas
564 2185 702 2215 causas,
729 2187 876 2220 quarum
902 2175 1001 2219 prior
1025 2183 1087 2214 est,

94 2235 131 2260 ut
158 2227 283 2269 alleget
308 2225 551 2259 testimonium
575 2224 754 2269 Baptistae
780 2228 823 2259 de
849 2226 997 2265 Messia,
1032 2239 1087 2260 se-

93 2280 227 2319 cunda,
252 2284 292 2311 ut
311 2277 486 2311 discernat
504 2276 671 2310 Messiam
689 2289 706 2310 a
723 2276 895 2322 Baptista,
921 2285 954 2311 et
970 2279 1086 2311 omni-

93 2331 158 2363 bus
171 2327 357 2373 Prophetis
375 2335 409 2362 et
425 2329 503 2362 aliis
519 2328 692 2361 ministris
712 2330 894 2362 doctrinae
915 2330 1085 2363 coelestis.

194 2379 248 2414 De
271 2380 379 2425 priori
405 2380 561 2413 breviter
586 2380 717 2413 dicam:
746 2379 894 2424 Negotia
918 2381 1087 2424 imperio—

93 2445 192 2476 rum,
221 2439 261 2465 ut
288 2431 457 2465 victoriae
476 2430 689 2472 Alexandri,
717 2431 895 2476 Scipionis
912 2439 972 2466 aut
994 2432 1087 2475 Iulii,

92 2484 280 2516 incurrunt
303 2482 340 2515 in
363 2483 484 2516 oculos
509 2480 715 2523 hominum,
745 2490 776 2516 et
795 2481 926 2516 habent
943 2484 1087 2517 eviden-

93 2535 140 2567 tia
173 2534 373 2567 testimonia
403 2534 588 2567 universae
624 2534 866 2568 multitudinis
898 2535 934 2567 in
967 2536 1087 2569 multis

94 2587 230 2627 magnis
254 2585 427 2629 gentibus,
488 2585 556 2619 Sed
584 2598 622 2618 ea
650 2598 739 2631 quae
763 2592 936 2629 geruntur
962 2587 998 2619 in
1018 2585 1087 2620 Ec-

95 2637 197 2669 clesia
217 2648 289 2669 non
308 2637 354 2671 ita
380 2644 577 2670 cernuntur
594 2637 638 2670 ab
662 2637 825 2671 universa
847 2637 1089 2677 multitudine,

93 2695 123 2721 ot
148 2696 265 2720 tamen
285 2688 412 2733 aliquis
437 2695 485 2721 est
513 2695 648 2728 cocum,
676 2688 711 2721 in
730 2701 799 2735 quo
818 2695 909 2723 certa
934 2696 967 2723 ct
989 2690 1086 2723 firma
1111 2688 1115 2734 ᾗ

145 2741 320 2771 ἉΙειΛΝτΗ.
353 2741 454 2771 Orsa.
488 2742 567 2772 Vor.
592 2741 668 2773 XV.

668 102 967 140 ENARRATIO
997 102 1045 138 IN
1068 101 1250 140 EVANG.
1279 100 1492 140 IOANNIS.
1545 104 1649 140 CAP.
1680 105 1705 140 1.
2092 114 2136 146 18

917 188 987 223 Sed
1011 187 1096 223 haec
1117 198 1124 227 1
1147 189 1345 223 testimonia
1362 196 1479 223 extant
1497 191 1539 223 de
1557 191 1656 225 factis
1673 193 1804 226 divinis
1821 201 1881 227 aut
1897 194 1939 227 de
1956 208 2039 229 voce
2054 196 2133 231 Dei.

1147 239 1232 274 Vult
1270 241 1364 272 enirn
1397 240 1492 274 Deus
1520 242 1622 275 fidem
1657 242 1835 278 Ecclesiae
1880 253 2008 279 certam
2051 259 2134 284 esse.

1145 290 1314 333 Exempla
1331 288 1436 324 huius
1453 293 1502 324 rei
1518 294 1628 327 multa
1651 303 1752 335 sunt,
1787 303 1884 339 pater
1908 304 2068 331 aeternus
2094 312 2133 332 ex

1146 341 1243 373 coelo
1261 339 1351 374 hanc
1369 342 1478 375 edidit
1502 356 1638 378 vocem:
1671 344 1739 379 Hic
1764 354 1813 380 est
1841 347 1932 380 filius
1956 361 2053 382 meus
2079 352 2133 382 ‹li-

1147 391 1273 429 lectus,
1300 388 1395 424 hunc
1418 393 1536 426 audite
1549 421 1557 434 ,
1586 402 1617 427 et
1634 397 1824 431 adsuerunt
1842 397 1960 432 Moses
1977 407 2009 433 et
2025 398 2133 436 Elias.

1144 441 1221 475 Hoc
1237 443 1442 475 mandatnm
1468 455 1546 476 cum
1572 446 1743 488 pertineat
1760 449 1800 479 ad
1821 455 1932 481 totum
1949 453 2135 492 mundum,

1143 500 1261 527 tamen
1283 500 1420 527 tantum
1446 501 1530 527 tunc
1553 496 1741 530 adfuerunt
1765 504 1833 531 tres
1857 501 2039 544 discipuli,
2069 502 2133 535 Po-

1143 551 1235 582 trus,
1266 543 1412 578 lacobus
1436 552 1467 578 et
1496 546 1656 581 loannes.
1717 547 1764 580 Hi
1790 557 1907 591 postea
1932 559 2033 585 testes
2057 555 2133 587 fue-

1145 602 1228 629 runt
1255 595 1330 628 eius
1355 596 1467 637 vocis,
1496 603 1529 630 et
1544 596 1639 630 Deus
1662 600 1901 633 testimonium
1930 615 2050 636 eorum
2069 618 2133 637 no-

1143 646 1196 679 vis
1217 646 1398 679 miraculis
1426 648 1659 683 confirmavit.
1730 649 1780 683 lta
1809 653 1852 684 de
1882 653 2036 687 adventu
2071 656 2133 688 filii

1141 696 1208 731 Dei
1239 698 1349 730 multa
1379 698 1579 732 testimonia
1607 702 1785 744 proposita
1813 710 1915 744 sunt,
1950 717 2039 749 quae
2068 707 2134 747 piis

1144 749 1352 792 proderant,
1381 757 1413 783 et
1431 750 1514 783 satis
1540 752 1795 786 confirmabant
1821 765 1897 795 eos,
1926 757 1987 788 etsi
2006 758 2049 789 ab
2067 758 2133 789 im-

1142 800 1209 844 piis
1241 800 1504 833 deridebantur.
1567 800 1613 835 Ut
1647 805 1829 838 constabat
1861 807 2024 848 angelum
2056 821 2135 841 cum

1147 848 1318 883 Zacharia
1335 851 1490 885 locutum
1512 864 1603 893 esse,
1631 862 1747 897 postea
1771 867 1809 887 ex
1833 857 1941 889 sterili
1961 865 1992 892 et
2010 859 2134 893 effoeta

1143 908 1254 935 matre
1274 902 1442 947 loannem
1470 911 1592 937 natum
1610 917 1702 944 esse,
1727 913 1759 939 et
1777 907 1987 942 nominatim
2008 911 2049 942 ad
2070 908 2136 944 hoc

1143 953 1371 994 destinatum,
1398 961 1436 987 ut
1452 956 1649 988 ostenderet
1664 956 1731 988 iam
1754 965 1943 993 venturum
1956 959 2134 996 Messiam.

1143 1003 1267 1037 Postea
1288 1003 1430 1037 loannis
1447 1006 1631 1039 vocatione
1650 1007 1770 1041 divina
1790 1021 1922 1042 novum
1943 1023 2052 1053 genus
2070 1014 2134 1046 do-

1143 1056 1276 1088 ctrinae
1299 1062 1331 1088 et
1349 1057 1563 1099 baptismum
1587 1058 1759 1095 incoavst,
1799 1060 1847 1090 ibi
1876 1062 1965 1093 vidit
1991 1064 2136 1096 ‹lescen-

1143 1107 1283 1139 dentem
1303 1106 1476 1154 Spiritum
1495 1114 1675 1147 sanctum,
1706 1114 1737 1139 et
1757 1108 1841 1141 vidit
1862 1116 1894 1141 ot
1914 1112 2049 1146 audivit
2066 1115 2136 1146 cla-

1143 1169 1217 1189 ram
1236 1169 1356 1189 vocem
1375 1157 1508 1189 aeterni
1526 1156 1651 1198 patris:
1686 1156 1754 1191 Hic
1778 1166 1826 1191 est
1848 1161 1940 1194 filius
1967 1175 2063 1196 meus
2082 1166 2136 1197 di-

1143 1206 1262 1238 lectus.
1300 1204 1416 1238 Multa
1437 1206 1545 1249 igitur
1562 1208 1729 1241 miracula
1748 1220 1977 1253 concurrunt,
2001 1214 2137 1248 Zacha-

1142 1256 1232 1296 riae,
1258 1253 1464 1294 Elizabeth,
1491 1256 1652 1299 Ioannis,
1688 1272 1776 1304 quae
1802 1263 1918 1296 ownia
1939 1265 2136 1309 colligenda

1142 1313 1243 1346 sunt,
1277 1314 1313 1340 ut
1343 1308 1550 1342 confirment
1575 1310 1816 1345 testimonium
1845 1312 2005 1355 Ioannis,
2041 1320 2136 1362 quod

1142 1360 1184 1390 de
1207 1357 1280 1391 filio
1307 1357 1442 1392 Mariae
1466 1360 1572 1398 dixit,
1619 1368 1652 1394 et
1679 1360 1761 1396 haec
1792 1366 1895 1398 multi
1923 1367 1971 1410 pii
1998 1377 2136 1404 norant.

1142 1408 1294 1454 Reliqua
1315 1410 1505 1444 multitudo
1524 1411 1630 1454 impia
1649 1414 1843 1450 deridebat.

1246 1459 1340 1493 Haec
1359 1461 1438 1494 ideo
1467 1463 1640 1505 praefatus
1657 1476 1731 1497 sum
1747 1491 1754 1503 ,
1784 1474 1820 1499 ut
1838 1469 2062 1502 autoritatem
2084 1478 2135 1504 te-

1142 1512 1391 1545 stimoniorum
1416 1513 1453 1545 in
1478 1511 1633 1547 Ecclesia
1660 1518 1966 1561 maguisaciamus,
2001 1522 2135 1555 etiamsi

1143 1563 1338 1607 spectacula
1362 1564 1592 1607 imperiorum
1616 1567 1724 1609 magis
1743 1568 1928 1604 incurrunt
1951 1571 1986 1604 in
2004 1574 2136 1612 oculos,

1143 1628 1248 1660 quam
1275 1615 1428 1647 mirandi
1455 1623 1619 1655 eventuS,
1657 1631 1744 1662 quos
1770 1618 1864 1653 Deus
1888 1622 2043 1669 impertit
2067 1622 2137 1657 Ec-

1143 1666 1276 1699 clesiae.
1330 1665 1555 1701 Praedixerat
1571 1667 1665 1701 Deus
1688 1681 1749 1712 per
1765 1670 1978 1706 Malachiam
1998 1686 2032 1707 se
2053 1676 2137 1708 mis-

1144 1728 1263 1749 surum
1292 1728 1363 1749 esse
1390 1719 1559 1750 nuncium
1587 1720 1770 1762 eximium,
1806 1724 2071 1758 testificaturum
2095 1728 2138 1759 de

1145 1767 1294 1800 Messiae
1327 1769 1501 1807 adventu,
1533 1776 1565 1802 et
1599 1782 1642 1802 ne
1674 1772 1803 1805 deesset
1830 1776 2018 1815 autoritas,
2056 1775 2137 1811 huic

1144 1819 1348 1851 testimonio
1383 1819 1493 1852 multa
1523 1821 1690 1854 miracula
1724 1823 1758 1855 in
1790 1822 1978 1867 Zacharia,
2022 1827 2138 1862 Eliza-

1144 1867 1247 1909 beth,
1277 1868 1410 1902 Ioanne
1438 1870 1558 1906 affixit.
1612 1871 1669 1905 Fit
1698 1873 1804 1916 igitur
1826 1878 1958 1910 mentio
1984 1877 2138 1921 loannis,

1145 1927 1182 1952 ut.
1210 1920 1293 1952 fides
1307 1919 1484 1954 Ecclesiae
1508 1923 1752 1963 confirmetur,
1794 1927 1947 1961 collectis
1972 1931 2137 1963 omnibus

1144 1971 1214 2003 illis
1243 1972 1455 2004 testimoniis
1481 1981 1510 2005 et
1538 1974 1737 2015 miraculis,
1776 1985 1807 2011 et
1832 1985 1867 2011 ut
1897 1981 2069 2013 admoniti
2095 1984 2138 2014 de

1144 2022 1377 2066 promissione
1407 2024 1444 2056 in
1468 2023 1664 2066 Malachia,
1714 2039 1941 2070 agnoscamus
1973 2040 2137 2065 eventum

1143 2085 1339 2116 congruere
1360 2072 1585 2119 prophetiae,
1614 2084 1646 2110 et
1670 2079 1866 2113 doctrinam
1888 2084 1931 2113 de
1949 2082 2078 2116 Messia
2099 2097 2136 2116 cx

1141 2123 1332 2170 Prophetis
1363 2127 1405 2158 ad
1440 2128 1717 2161 confirmandam
1760 2132 1862 2163 fidem
1903 2134 2136 2178 requiramus.

1141 2175 1235 2209 Haec
1254 2177 1296 2209 de
1315 2177 1431 2220 priore
1448 2190 1548 2211 causa
1567 2181 1746 2213 monuisse
1764 2184 1845 2214 satis
1864 2190 1937 2239 osb

1243 2234 1366 2270 Adteci
1394 2245 1425 2270 et
1887 2243 1892 2248 ·
1932 2220 1976 2247 Β*

1139 2286 1335 2330 Baptistae,

1140 2337 1285 2373 Christi.

1452 2238 1598 2272 alteram
1623 2253 1779 2280 causam,
1820 2242 1892 2275 sieri
1920 2246 2135 2279 mentionem

1387 2296 1425 2322 ut
1457 2290 1704 2324 discernantur
1752 2292 1904 2327 ministri
1937 2308 1954 2328 a
1989 2309 2136 2340 persona

1341 2340 1426 2373 Ideo
1443 2342 1561 2375 addit:

1190 2414 1279 2452 Non
1308 2422 1386 2451 erat
1416 2417 1480 2451 ille
1509 2417 1596 2460 lux,
1625 2416 1693 2452 sed
1718 2424 1756 2453 ut
1783 2421 2030 2457 leslt‘mom'um
2057 2438 2134 2472 per*

1242 2465 1380 2502 hibere!
1411 2467 1452 2502 de
1478 2468 1625 2503 lumine.

1245 2536 1428 2571 Infinitum
1456 2545 1505 2571 est
1521 2538 1709 2572 discrimen
1731 2540 1824 2573 inter
1844 2541 2010 2577 Messiam
2033 2554 2063 2579 et
2084 2559 2137 2579 re-

1142 2588 1278 2633 liquum
1316 2596 1430 2622 totum
1456 2596 1593 2623 coetum
1628 2589 1908 2636 Prophetarum,
1944 2594 2136 2640 Apostolo-

1142 2652 1221 2673 rum
1252 2646 1284 2673 et
1315 2638 1528 2681 Doctorum,
1563 2648 1602 2675 ut
1626 2653 1730 2686 supra
1756 2644 1841 2678 dixi.
1916 2645 2021 2680 Solus
2046 2648 2137 2682 silius

1142 2689 1205 2724 Dei
1226 2691 1290 2726 suit
1308 2691 1467 2733 victima,
1494 2699 1525 2726 et
1544 2693 1696 2737 pretium
1722 2707 1786 2740 pro
1815 2707 1942 2739 genere
1970 2696 2135 2735 humano.

1414 2744 1438 2776 2
