2415 2942
0 281 2 316 l

0 319 1 350 l

82 112 131 147 49
501 111 581 146 XII.
641 109 941 146 ENARRATIO
970 109 1017 143 ΙΝ
1047 109 1229 145 EVANG
1261 107 1474 144 IOANNIS.
1530 106 1634 143 CAP.
1666 107 1691 142 Ι.
2063 108 2111 142 50

1172 193 1224 229 Ut
1242 194 1500 242 manifestetur
1515 191 1676 232 Israeli,
1704 189 1784 226 ideo
1804 191 1884 225 veni
1903 203 1967 238 ego
1985 191 2109 239 bapti-

1221 257 1314 279 zans
1333 257 1444 292 aqua.

79 197 116 229 in
142 196 270 240 gratia,
297 203 355 230 aut
374 197 514 236 dicunt,
540 195 721 231 hominem
744 197 873 229 iustum
892 207 964 228 esse
983 207 1066 239 pro—

79 255 157 291 pter
171 247 330 291 proprias
352 248 514 282 virtutes:
538 251 596 281 sed
615 248 704 281 infra
722 248 764 280 de
782 247 903 279 eadem
922 246 1067 279 materia

78 309 200 331 rursus
220 299 369 334 dicetur.

1197 319 1308 362 Quasi
1326 320 1434 353 dicat:
1462 320 1585 354 Meum
1606 319 1842 354 ministerium
1861 319 2032 352 divinitus
2052 319 2110 352 in-

1092 385 1095 395 <
1119 370 1280 404 stitutum
1306 377 1375 410 est,
1401 377 1440 404 ut
1468 371 1532 403 sim
1559 371 1671 411 testis,
1704 371 1783 415 quis
1809 370 1853 404 sit
1874 369 2040 408 Messias,
2075 376 2108 402 et

1121 421 1225 466 quale
1248 421 1291 454 sit
1315 421 1476 454 futurum
1502 421 1575 453 eius
1595 433 1755 464 regnum.
1806 419 1902 454 Haec
1917 419 2013 453 Deus
2033 421 2108 454 vult

1120 471 1277 516 patefieri
1300 470 1497 511 Ecclesiae,
1532 472 1608 504 vult
1640 479 1756 504 extare
1779 478 1872 504 certa
1894 471 2106 512 testimonia,

1121 523 1195 556 vult
1214 523 1283 555 late
1299 522 1414 566 spargi
1433 533 1552 554 vocem
1571 520 1759 564 Evangelii
1778 522 1851 561 sui,
1876 522 1952 555 vult
1965 523 2104 565 agnosci

1120 573 1252 614 filium,
1286 580 1324 607 ut
1355 573 1460 606 multi
1493 572 1682 607 salventur.
1731 571 1909 605 Maximae
1941 584 1995 605 res
2025 580 2106 606 sunt

1120 625 1299 664 omnium,
1329 636 1417 668 quae
1443 623 1587 665 cogitari
1611 630 1776 666 possunt,
1802 622 1920 655 missio
1947 622 2008 655 filii
2029 622 2106 661 Dei,

1119 687 1214 708 mors
1239 682 1272 709 et
1292 674 1500 708 resurrectio
1518 674 1610 715 eius,
1636 673 1808 706 redemtio
1827 673 1964 715 generis
1979 670 2106 706 huma-

1119 726 1174 758 ni:
1203 724 1265 759 has
1288 733 1402 759 tantas
1424 736 1478 758 res
1494 723 1590 758 Deus
1612 736 1684 757 non
1709 724 1786 757 vult
1809 723 1897 756 clam
1916 723 1954 756 in
1969 724 2104 757 mundo

1119 777 1194 810 sine
1221 777 1322 811 certis
1346 783 1378 810 et
1401 775 1599 809 illustribus
1622 775 1831 809 testimoniis
1848 774 1940 812 fieri,
1969 775 2106 807 tametsi

1120 828 1222 861 aliter
1244 825 1330 861 haec
1352 827 1559 860 admiranda
1577 824 1644 859 Dei
1668 826 1756 859 facta
1779 832 1813 859 et
1831 825 2000 858 beneficia
2021 838 2106 859 con-

1120 879 1337 922 spiciuntur,
1378 890 1483 923 qnam
1508 877 1701 910 Alexandri
1731 883 1790 909 aut
1821 876 1904 909 Iulii
1928 875 2106 911 victoriae.

1122 929 1192 962 Nos
1217 930 1324 972 igitur
1340 928 1519 973 Baptistae
1543 927 1742 961 testimonia
1767 934 1801 961 et
1819 926 2004 960 conciones
2022 927 2105 959 dili-

1120 987 1241 1023 genter
1273 980 1555 1019 consideremus,
1590 979 1633 1011 ad
1664 979 1767 1011 fidem
1797 984 1953 1011 nostram
1977 977 2106 1010 confir-

1120 1032 1300 1069 mandam,
1329 1039 1361 1064 et
1377 1031 1609 1073 adiungamus
1625 1035 1756 1062 caetera
1773 1028 1990 1068 testimonia,
2016 1040 2105 1073 quae

1121 1082 1156 1114 in
1182 1082 1381 1124 evangelica
1407 1079 1554 1114 historia
1572 1080 1782 1118 recitantur,
1809 1085 1848 1111 ut
1865 1077 2020 1118 Blariae,
2048 1078 2104 1112 Io-

1119 1130 1222 1176 seph,
1262 1130 1472 1169 Zachariae,
1509 1129 1708 1169 Simeonis,
1741 1126 1945 1169 Elizabeth‚
1979 1129 2105 1162 Annae

1119 1189 1151 1215 et
1168 1181 1441 1226 Apostolorum,
1469 1178 1596 1213 horum
1616 1181 1777 1213 omnium
1793 1179 1924 1212 mentio
1941 1179 1998 1220 fit,
2024 1192 2105 1223 pro-

1118 1239 1195 1277 pter
1214 1230 1305 1265 hanc
1321 1232 1432 1276 ipsam
1451 1242 1607 1270 causam,
1632 1242 1719 1275 quae
1735 1228 1792 1263 hic
1809 1236 2025 1270 recensetur,
2052 1231 2106 1263 vi-

372 1292 474 1341 Qffl'a
489 1295 593 1342 prior
608 1307 660 1328 me
677 1299 765 1328 ems·
1118 1283 1265 1324 delicet,
1310 1290 1347 1316 ut
1379 1282 1621 1315 manifestetur
1651 1280 1798 1315 Messias
1830 1281 1868 1313 in
1904 1279 2031 1323 lsrae'l,
2073 1290 2106 1315 et

1117 1341 1326 1378 agnoscatur
1341 1334 1378 1366 in
1398 1340 1469 1367 tota
1484 1331 1652 1367 Ecclesia.

129 381 203 416 Hic
232 387 298 422 est,
327 381 369 416 de
392 394 463 431 quo
488 393 551 428 ego
576 379 678 414 disci:
705 377 794 413 Post
818 390 872 412 me
889 380 982 413 venit
1002 380 1066 419 uir,

181 433 347 481 quiante
362 445 415 467 me
433 437 494 468 est.

157 500 300 546 Repetit
323 500 582 540 testimonium,
609 511 679 544 quo
701 505 873 532 monstrat
888 497 1067 539 Messiam,

79 552 160 598 quia
177 559 216 586 ut
232 564 334 595 supra
355 552 486 585 dictum
504 557 572 591 est,
597 548 682 583 haec
698 557 747 583 est
762 550 836 582 eius
853 550 1001 588 vocatio,
1027 556 1066 582 ut
1092 513 1095 639 Ι

78 603 195 636 ἰηεοὲῑ
217 602 301 635 novi
326 602 523 636 testamenti
539 601 835 645 praedicationem
848 628 857 640 ,
886 607 918 634 et
933 601 1066 644 baptis-

77 664 193 693 mum,
215 659 386 686 monstret
411 653 525 699 ipsum
553 651 737 692 Messiam,
764 658 797 684 et
820 658 912 684 taxet
932 663 1066 684 errores

77 701 253 736 Ecclesiae
270 703 343 737 eius
357 704 544 747 temporis,
570 710 609 736 ut
627 701 830 737 vocabatur.
871 701 984 745 Supra
1003 714 1065 734 au—

77 760 145 786 tem
165 754 417 787 declaravimus
436 752 521 787 haec
538 754 660 786 verba:
687 752 755 786 Hic
773 760 822 786 est
838 753 892 785 vir
916 759 992 795 post
1011 765 1065 784 me

77 811 264 846 venturus,
294 806 336 838 de
361 805 475 838 officio
498 804 674 848 loquitur3
713 804 794 849 quia
817 803 963 836 Messias
988 811 1066 847 post

75 854 270 899 Baptistam
289 856 438 889 absolvit
460 867 562 888 suum
579 867 739 894 cursum,
757 856 799 887 ad
818 866 921 899 quem
940 855 1066 887 missus

76 914 160 944 erat,
187 906 415 940 concionatus
431 910 490 944 est,
517 913 549 939 et
563 906 674 939 factus
689 905 841 942 victima,
867 912 900 938 et
917 906 1067 938 resusci-

76 963 178 990 tatus.
231 955 325 991 Ante
341 969 396 990 me
413 963 482 998 est,
511 957 544 989 id
564 964 630 996 est,
657 956 891 1000 praestantior
907 956 1015 999 gloria
1033 962 1066 989 et

76 1007 276 1049 vocatione;
322 1009 403 1053 quia
428 1008 563 1041 vocatio
589 1007 740 1040 Messiae
769 1007 873 1049 longe
906 1007 1066 1050 superior

76 1065 127 1092 est
159 1059 343 1092 vocatione
375 1058 535 1092 loannis:
573 1057 720 1091 Messias
743 1064 792 1090 est
816 1058 967 1101 pretium
998 1069 1061 1101 pro

76 1119 201 1152 genere
216 1107 389 1150 humano,
419 1116 451 1142 et
467 1110 636 1149 salvator,
663 1108 818 1151 Baptista
836 1115 885 1141 est
904 1109 1065 1141 minister

75 1160 171 1192 vocis
188 1159 390 1204 Evangelii,
412 1167 451 1193 ut
466 1159 628 1204 Apostoli
653 1166 687 1193 et
707 1159 832 1193 caeteri
856 1159 973 1192 fideles
998 1159 1063 1191 mi-

75 1211 187 1243 nistri.

178 1362 335 1395 Additur
349 1363 450 1403 ratio,
478 1375 540 1396 cur
558 1362 741 1396 antecellat
759 1361 954 1402 vocatione,
982 1362 1062 1406 quia

77 1413 212 1457 primus
231 1420 300 1451 est,
328 1421 471 1457 propter
490 1426 593 1458 quem
617 1413 719 1455 elegit
744 1411 838 1445 Dens
860 1411 1064 1453 Ecclesiam,

76 1471 232 1508 tempore
248 1464 352 1496 etiam
371 1465 553 1498 antecessit
568 1471 600 1498 et
619 1464 732 1497 adsuit
752 1464 931 1507 patribus,
954 1464 1064 1506 Adae,

74 1514 191 1556 Noae,
217 1513 402 1555 Abrahae,
429 1514 542 1554 Mosi‚
569 1522 601 1549 et
615 1514 758 1548 caeteris
773 1515 912 1549 sanctis.

1170 1432 1223 1467 Et
1249 1438 1401 1467 testatus
1426 1438 1475 1468 est
1494 1431 1674 1474 Ioannes,
1703 1430 1841 1466 dicens:
1873 1430 1971 1469 Vidi
1986 1431 2107 1480 Spiri-

1222 1490 1296 1518 tum
1313 1490 1480 1519 sanctum
1498 1489 1678 1532 tanquam
1697 1482 1921 1525 columbam,
1950 1489 2011 1520 etc.

1222 1562 1347 1595 Brevis
1378 1569 1429 1595 est
1452 1562 1628 1602 narratio,
1665 1562 1722 1594 sed
1750 1573 1823 1594 non
1846 1561 1913 1594 alia
1938 1563 2105 1596 revelatio

332 1597 385 1632 El
404 1612 466 1645 35⁷⁰
484 1613 556 1633 '²⁰7²
576 1612 705 1634 'mmm
725 1611 811 1633 '‘³³⁰¹'‘
1119 1614 1292 1647 illustrior
1313 1613 1524 1646 describitur
1546 1613 1589 1644 de
1614 1613 1726 1645 tribus
1752 1612 1912 1655 personis
1935 1612 2106 1647 divinita-

179 1666 232 1700 De
257 1665 322 1700 hac
346 1669 515 1711 particula
539 1670 755 1713 disputatur,
779 1669 956 1713 quomodo
980 1666 1066 1701 haec
1119 1666 1184 1705 tis,
1212 1664 1362 1697 Ioannes
1379 1664 1473 1697 videt
1493 1670 1671 1696 aeternum
1689 1670 1841 1706 patrem,
1869 1669 1901 1695 et
1918 1663 2106 1697 testifican-

80 1717 305 1751 conveniant.
342 1717 435 1751 Ante
452 1720 663 1761 baptismum
684 1726 786 1752 norat
805 1718 952 1752 Ioannes
970 1718 1067 1751 Mes-
1121 1724 1190 1750 tem
1209 1716 1252 1748 de
1270 1715 1363 1753 filio,
1390 1726 1468 1747 cum
1486 1715 1550 1747 ait:
1575 1713 1644 1746 Hic
1658 1721 1707 1748 est
1725 1714 1817 1747 filius
1833 1725 1931 1746 meus
1946 1714 2108 1759 dilectus,

80 1769 179 1809 siam,
206 1779 285 1800 cum
300 1768 444 1801 diceret:
468 1766 563 1801 Mihi
581 1781 668 1810 opus
685 1776 745 1807 est,
769 1776 808 1802 ut
823 1770 885 1802 abs
901 1776 934 1802 te
950 1769 1068 1813 bapti·
1121 1767 1216 1800 videt
1233 1774 1264 1800 et
1280 1766 1392 1799 filiurn
1410 1777 1527 1798 coram
1545 1771 1726 1803 astantem,
1755 1776 1928 1808 egressum
1947 1777 1986 1797 ex
1997 1767 2108 1810 aquis,

80 1830 146 1851 zer.
187 1817 255 1850 Hic
273 1830 354 1850 vero
373 1819 437 1858 ait,
466 1831 500 1851 se
519 1826 602 1852 tunc
619 1821 762 1852 demum
779 1820 960 1862 agnovisse
976 1831 1068 1857 eum,
1122 1818 1216 1850 videt
1233 1824 1265 1851 et
1281 1816 1454 1860 Spiritum
1470 1823 1652 1856 sanctum,
1679 1815 1738 1860 qui
1756 1816 1976 1859 amplectitur
1995 1816 2107 1850 filium

81 1881 158 1902 cum
184 1869 272 1901 vidit
296 1869 339 1900 de
364 1868 460 1902 coelo
477 1868 649 1912 Spiritum
675 1877 831 1903 sanctum
853 1871 1068 1902 descenden-
1094 1889 1096 1896 ›
1122 1868 1234 1911 specie
1260 1868 1452 1900 columbae.
1520 1865 1588 1899 Hic
1611 1878 1692 1909 ergo
1716 1866 1964 1899 discernuntur
1987 1879 2107 1910 perso—

77 1926 146 1953 tem
173 1931 277 1962 super
296 1930 387 1954 eum.
440 1917 491 1952 Ea
516 1920 683 1953 revelatio
709 1921 796 1953 facta
821 1927 870 1953 est
892 1933 970 1953 mox
991 1927 1069 1963 post
1094 1949 1097 1958 ,
1123 1930 1199 1953 nae.
1253 1917 1290 1952 Si
1303 1917 1456 1961 Spiritus
1473 1923 1612 1950 sanctus
1627 1923 1712 1950 esset
1728 1924 1862 1950 tantum
1881 1917 1990 1950 motio
2009 1930 2107 1951 crea—

76 1970 301 2014 baptismum.
355 1968 450 2002 Haec
483 1968 710 2013 reprehensio
745 1968 914 2004 historiae
946 1971 1067 2004 odiosa
1094 1960 1097 1970 ³
1123 1978 1156 2004 ta
1174 1970 1211 2002 in
1228 1969 1367 2009 animis,
1395 1980 1467 2002 non
1484 1975 1667 2012 appareret
1681 1968 1849 2010 singulari
1862 1968 1986 2012 specie,
2012 1976 2106 2003 extra

80 2029 148 2062 est,
175 2027 207 2054 et
225 2018 316 2053 nihil
332 2018 438 2054 habet
456 2021 629 2056 utilitatis,
683 2021 751 2055 Sed
774 2029 886 2065 potest
902 2022 1069 2054 brevissi—
1094 2038 1097 2066 δ
1122 2027 1256 2053 mentes
1277 2018 1475 2053 hominum.
1527 2019 1627 2052 Haec
1644 2026 1740 2053 tanta
1758 2019 1925 2052 revelatio
1941 2031 2013 2052 non
2028 2020 2106 2053 sine

80 2085 136 2106 me
152 2072 370 2116 responderi,
387 2073 481 2117 quod
497 2070 589 2105 haud
605 2073 711 2106 dubie
728 2085 850 2105 verum
868 2079 931 2113 est,
946 2071 1068 2116 Bapti-
1123 2071 1335 2114 gravissimis
1351 2071 1462 2103 causis
1479 2067 1651 2109 exhibita,
1679 2077 1711 2103 et
1726 2070 1896 2113 descripta
1914 2076 1974 2105 est.
2028 2070 2107 2104 Ma-

79 2131 168 2159 stam
201 2123 318 2168 aliqua
355 2123 487 2166 insigni
520 2124 735 2157 revelatione
770 2123 924 2167 Spiritus
960 2124 1069 2157 sancti
1095 2121 1097 2148 3
1123 2123 1175 2165 gis
1200 2134 1383 2155 movemur
1409 2121 1690 2165 promulgatione
1708 2121 1808 2164 legis,
1835 2132 1913 2154 cum
1932 2120 1970 2154 in
1989 2129 2108 2154 monte

79 2175 261 2218 agnovisse
278 2173 445 2207 Messiam
464 2175 750 2220 quandocunque
774 2175 937 2218 agnovit,
965 2175 1069 2208 etiam
1124 2174 1209 2207 Sina
1243 2173 1335 2206 inter
1364 2172 1521 2206 tonitrua
1553 2179 1585 2205 et
1614 2172 1752 2214 fulgura
1784 2171 1902 2204 sonuit
1935 2183 2001 2204 vox
2027 2170 2106 2213 Dei,

80 2227 192 2261 multo
216 2232 296 2258 ante
322 2225 555 2269 baptismum,
583 2238 663 2259 cum
687 2233 789 2260 antea
813 2238 885 2259 non
904 2226 1070 2266 novisset,
1124 2225 1230 2258 edens
1246 2222 1479 2266 Decalogum‚
1507 2230 1540 2256 et
1557 2223 1718 2256 universa
1737 2221 1928 2255 multitudo
1946 2222 2012 2255 fuit
2029 2234 2106 2265 spe-

78 2285 111 2312 et
128 2277 286 2322 loquitur
303 2276 345 2308 de
360 2276 540 2319 agnitione
563 2288 635 2309 non
654 2283 788 2310 tantum
807 2277 982 2319 corporis,
1010 2278 1069 2310 sed
1096 2299 1098 2310 ,
1124 2276 1247 2309 ctatrix
1271 2275 1493 2307 flammarum
1516 2274 1553 2306 in
1568 2280 1708 2313 monte,
1738 2279 1770 2305 et
1786 2280 1968 2306 sonantem
1986 2285 2105 2307 vocem

79 2332 123 2363 (le
141 2328 338 2372 agnitione,
365 2339 433 2372 qua
448 2327 572 2361 didicit
596 2340 667 2361 esse
689 2328 800 2361 filium
820 2328 909 2368 Dei,
934 2325 1069 2361 haben·
1125 2327 1160 2359 in
1184 2333 1304 2359 monte
1327 2336 1454 2367 magno
1478 2337 1555 2358 cum
1580 2335 1708 2368 pavore
1732 2324 1879 2358 audivit.
1931 2322 2026 2357 Haec
2050 2325 2106 2357 in-

80 2389 148 2416 tem
168 2379 323 2412 divinam
339 2385 500 2412 naturam
520 2386 553 2412 et
575 2376 788 2417 humanam,
817 2387 849 2413 et
868 2391 940 2412 non
965 2391 1070 2413 mnn-
1124 2384 1271 2411 currunt
1294 2377 1331 2409 in
1356 2377 1492 2414 oculos,
1528 2373 1611 2407 haec
1635 2374 1732 2417 signa
1758 2375 1928 2407 sentimus
1952 2372 2106 2409 exhibita

80 2434 211 2466 danum
232 2441 346 2473 regem
364 2430 523 2462 futurum
542 2441 625 2471 esse,
648 2431 705 2463 sed
727 2442 787 2463 sua
803 2436 915 2463 morte
931 2431 1069 2463 redem—
1095 2439 1098 2455 ε
1126 2440 1215 2465 esse,
1243 2435 1281 2461 ut
1304 2429 1346 2460 de
1364 2426 1456 2465 Deo,
1485 2433 1516 2459 et
1541 2426 1583 2458 de
1607 2426 1679 2468 lege
1701 2432 1793 2459 certa
1817 2425 2016 2459 testimonia
2044 2424 2105 2458 ha-

81 2491 200 2518 turum
238 2492 310 2514 esse
342 2478 554 2522 Ecclesiam,
595 2487 628 2514 et
660 2488 890 2524 regnaturum
928 2481 965 2514 in
998 2482 1069 2515 vita
1124 2480 1304 2519 heremus,
1332 2485 1364 2512 et
1390 2478 1585 2510 iudicamus
1607 2477 1774 2509 omnibns
1792 2476 1998 2509 denunciari
2019 2477 2105 2509 iram

82 2540 234 2567 aeterna.
291 2530 387 2565 Haec
411 2531 537 2564 Ioanni
562 2532 734 2567 divinitus
761 2538 952 2565 monstrata
977 2539 1069 2571 sunt,
1125 2529 1432 2564 contemnentibus
1454 2528 1562 2570 legem
1580 2526 1658 2562 Dei.
1712 2527 1770 2561 Sic
1793 2533 1984 2560 statuamus
2003 2527 2105 2560 etiam

81 2592 113 2619 et
129 2585 290 2628 pluribus
307 2582 517 2616 testimoniis
535 2584 738 2616 confirmata
751 2611 758 2623 ‚
787 2590 827 2617 ut
842 2583 915 2616 eius
932 2595 1015 2616 voce
1033 2595 1070 2616 ac
1126 2583 1169 2614 de
1187 2581 1400 2614 revelatione
1417 2580 1505 2612 facta
1523 2577 1658 2612 loanni.
1711 2576 1784 2611 Etsi
1802 2577 1989 2620 spectaculi
2009 2590 2108 2621 pom-

80 2635 280 2670 testimonio
310 2632 466 2667 Ecclesia
498 2634 782 2675 confirmaretur,
814 2634 902 2668 sicut
929 2646 1010 2668 mox
1033 2634 1070 2667 in
1124 2644 1167 2676 pa
1193 2644 1266 2665 non
1292 2639 1342 2665 est
1363 2630 1506 2670 similis,
1533 2629 1614 2674 quia
1634 2628 1818 2672 Evangelii
1837 2629 1947 2671 gloria
1965 2628 2030 2660 alia
2048 2636 2127 2668 est(

80 2695 175 2722 textu
199 2686 352 2719 additur.
1125 2695 1229 2728 quam
1247 2683 1348 2726 legis,
1374 2688 1489 2715 tamen
1506 2681 1548 2714 ad
1567 2687 1675 2713 totam
1693 2679 1882 2714 Ecclesiam
1900 2677 1961 2712 has
1977 2680 2109 2712 revela-

132 2741 308 2771 MELANTH.
331 2738 431 2769 Opim.
462 2734 546 2771 Vct.
566 2739 641 2769 XV.
1577 2730 1599 2764 4
