2415 2942
815 68 916 83 ΠΙΙΙῙ
968 66 1062 76 *⁵*-

1110 63 1321 115 scmr'rit
1348 63 1644 114 hrenneri

2193 69 2268 99 538ss

250 94 321 129 559
816 93 939 116 run„
970 90 1084 117 mun.
2192 99 2263 111 „w

251 182 384 224 cipere,
426 182 455 208 et
486 176 715 216 aspernemur
742 165 834 201 hanc
858 166 1073 200 ineffabilem
1093 164 1235 199 bonita-
1288 173 1353 207 tae,
1380 177 1459 199 cum
1476 163 1648 209 promittit
1667 163 1785 204 vitam,
1816 163 1849 196 id
1869 170 1931 203 est,
1955 162 2134 202 laetitiam,
2159 162 2270 196 victo-

253 240 341 269 rem,
370 230 526 270 pereunt.
585 221 655 254 Nec
678 220 761 252 fides
786 225 837 252 est
860 218 971 252 otiosa
996 216 1144 258 noticia,
1177 216 1235 249 sed

254 289 404 314 crescere
423 286 498 309 eam
517 274 553 306 in
574 271 712 304 assidua
730 270 820 303 lucta
833 296 842 309 ,
870 269 905 302 in
931 268 1173 306 invocatione,
1201 267 1237 300 in

255 329 419 363 omnibus
443 323 591 368 negotiis
620 328 652 355 et
680 320 844 365 periculis
877 326 1026 364 oportet.
1093 318 1239 362 Semper

256 383 367 413 luceat
386 378 421 410 in
440 375 625 413 cordibus,
653 372 747 417 qnod
765 371 860 404 Deus
878 377 1019 415 propter
1037 369 1148 403 filium
1165 381 1239 402 me-

256 432 429 464 diatorem
445 426 549 460 nobis
565 424 607 457 sit
626 423 819 468 propicius,
840 421 885 456 sit
901 421 1151 466 opitulaturus.
1195 419 1240 453 Et

256 481 320 514 hac
337 480 402 512 fule
420 478 622 511 invocemus
639 486 737 514 eum,
767 480 799 506 et
820 479 977 516 petamus
994 472 1154 505 omnium
1179 482 1239 504 ne—

257 531 433 575 gotiorum
466 535 498 562 et
537 525 773 570 periculorum
809 523 1113 567 gubernationem.
1191 520 1241 554 lta

258 587 417 616 crescunt
438 579 475 612 in
492 577 657 611 cordibus
674 575 813 619 piorum
832 574 935 615 fides,
962 581 994 607 et
1013 585 1092 606 vera
1109 572 1241 616 agnitio

259 633 336 667 Dei.
390 629 494 673 Quod
520 635 633 661 autem
658 638 736 658 vera
755 626 800 659 sit
817 625 1011 665 sententia,
1038 635 1144 669 quam
1161 634 1243 666 pro-

259 682 394 728 posuit,
422 680 603 719 videlicet,
631 677 697 710 fide
720 674 882 710 homines
906 676 1015 708 iustos
1038 685 1130 715 esse,
1164 684 1244 706 mox

260 734 357 767 addit
376 730 616 766 testimouium
630 756 638 769 ‚
666 735 703 761 ut
720 727 862 760 auditor
879 726 962 758 sciat
978 724 1147 758 Paulinas
1160 735 1245 756 con-

260 786 377 818 ciones
404 794 482 814 vere
505 789 696 820 congruere
718 789 796 810 cum
823 773 1056 820 propheticis,
1082 781 1117 809 et
1140 785 1246 808 reno-

260 848 340 868 xare
360 832 547 877 Apostolos
567 825 824 873 Prophetarum
843 826 1056 862 doctrinam.

546 911 675 946 Iustus
704 908 839 956 exfide
865 909 962 946 vivit.

362 982 548 1027 Perspicua
566 986 614 1014 est
631 976 815 1013 antithesis
833 979 868 1011 in
888 977 1005 1012 Galat.
1029 977 1093 1012 ubi
1114 977 1248 1023 inquit:

263 1037 368 1081 Quod
397 1040 511 1068 autem
535 1032 609 1074 lege
633 1042 736 1063 nemo
764 1029 990 1069 iustificetur,
1025 1028 1249 1062 manifestum

263 1097 333 1129 est,
361 1086 441 1131 quia
460 1084 572 1117 iustus
588 1094 628 1115 ex
646 1082 712 1113 fide
731 1080 835 1114 vivet.
887 1078 959 1112 Lex
975 1087 1092 1114 autem
1107 1091 1180 1113 non
1200 1085 1250 1112 est

263 1152 304 1173 ex
328 1138 414 1176 fide,
452 1134 511 1168 sed
536 1133 595 1178 qui
619 1131 738 1165 fecerit
762 1143 819 1171 ea,
854 1130 946 1163 vivet
971 1130 1007 1163 in
1033 1131 1115 1164 illis.
1181 1128 1250 1163 Hie

262 1188 446 1223 manifeste
463 1184 584 1219 definit
602 1182 776 1216 iusticiam
794 1181 878 1224 legis
895 1192 977 1221 esse,
999 1181 1112 1214 facere
1127 1180 1250 1223 legem,

263 1239 330 1273 hoe
358 1245 427 1278 est,
469 1241 644 1280 praestare
676 1233 862 1277 perfectam
896 1231 1134 1265 obedientiam
1168 1231 1250 1274 legi.

264 1292 312 1325 At
328 1301 431 1323 nemo
448 1285 538 1320 hanc
555 1290 716 1328 praestat,
742 1283 820 1316 ideo
839 1282 1050 1326 proponitur
1064 1282 1131 1315 alia
1149 1282 1250 1315 iusti·

264 1342 315 1375 cia
329 1366 337 1378 ‚
365 1338 517 1377 scilicet,
545 1334 681 1368 iusticia
706 1345 767 1378 per
783 1332 1061 1366 misericordiam
1079 1333 1250 1377 imputata

265 1389 442 1429 credenti,
478 1384 694 1426 confugienti
729 1384 771 1417 ad
811 1383 1098 1416 misericordiam.
1159 1381 1249 1417 Cum

265 1443 373 1485 igitur
388 1436 563 1486 Propheta
590 1435 722 1480 inquit:
751 1434 865 1468 lustus
889 1445 928 1466 ex
952 1434 1019 1466 fide
1043 1433 1156 1474 vivet,
1183 1434 1249 1466 do..

265 1500 318 1526 cet
336 1493 382 1526 ita
400 1491 541 1524 demum
557 1498 620 1519 nos
638 1487 747 1519 iustos
763 1496 855 1524 esse,
882 1496 954 1517 non
970 1496 1047 1517 cum
1065 1484 1176 1527 legem
1195 1484 1251 1516 in-

265 1551 423 1578 tuemur,
451 1551 524 1572 non
542 1549 621 1571 cum
639 1536 786 1569 virtutes
804 1542 940 1568 nostras
956 1541 988 1567 et
1011 1535 1099 1567 facta
1120 1546 1250 1578 propo-

265 1595 381 1627 nimus
397 1590 488 1624 Deo:
523 1588 581 1621 sed
599 1598 678 1620 cum
697 1586 783 1626 fide,
810 1585 845 1618 id
868 1592 936 1625 est,
962 1585 1088 1617 fiducia
1114 1584 1252 1617 miseri-

266 1644 405 1678 cordiae
440 1639 626 1675 statuimus
656 1637 759 1671 nobis
791 1634 906 1670 Deum
937 1635 1136 1679 propicium
1167 1646 1252 1675 esse,

265 1707 330 1728 nos
348 1692 531 1731 exaudire,
560 1689 651 1722 velle
676 1698 832 1728 servare,
858 1693 892 1720 et
916 1692 1136 1730 expectamus
1157 1686 1251 1719 salu-

266 1754 348 1779 tem.
401 1742 495 1776 Haec
512 1753 552 1774 ex
569 1739 741 1774 sententia
757 1737 841 1772 dicti
856 1734 1067 1782 prophetici.
1116 1735 1252 1770 Obser-

266 1797 364 1830 vabis
399 1801 515 1828 autem
550 1790 631 1824 fidei
665 1791 753 1823 duas
788 1789 911 1822 laudes
944 1787 1104 1830 ingentes
1130 1788 1252 1826 tribui,

266 1846 361 1892 quod
381 1844 544 1878 videlicet
564 1842 630 1874 fide
654 1847 688 1874 et
715 1839 943 1873 iustificemur
969 1846 1001 1872 et
1025 1838 1253 1874 vivificemur.

264 1897 362 1931 Deus
377 1896 469 1929 enim
488 1894 567 1926 ideo
588 1892 699 1925 fitium
717 1902 818 1924 suum
835 1901 899 1934 pro
918 1889 1021 1922 nobis
1037 1890 1146 1930 dedit,
1173 1890 1253 1923 ideo

266 1947 370 1982 nobis
384 1946 421 1979 fit
436 1944 631 1989 propicius,
657 1954 701 1974 ne
718 1951 916 1985 pereamus,
942 1941 1033 1974 sicut
1054 1940 1171 1985 inquit
1196 1941 1251 1974 iu-

266 2010 364 2032 rans:
395 1996 505 2036 Vivo,
528 1994 611 2027 nolo
630 2001 777 2027 mortem
799 1991 1009 2036 peccatoris,
1035 1992 1093 2024 sed
1115 1998 1152 2025 ut
1168 2003 1252 2025 con-

268 2055 424 2083 vertatur
453 2053 484 2079 et
510 2045 616 2078 vivat.
678 2042 768 2077 Cum
793 2053 892 2075 mens
916 2042 1161 2088 perterrefacta
1186 2042 1254 2074 fide

270 2099 391 2134 statuit
410 2098 477 2131 sibi
495 2095 626 2129 remitti
645 2100 802 2138 peccata,
829 2092 934 2126 simul
958 2092 1129 2126 liberatur
1152 2104 1171 2125 a
1194 2104 1255 2136 pa-

269 2150 434 2187 voribus.
462 2155 494 2181 et
520 2145 674 2189 concipit
698 2155 816 2177 veram
839 2142 1134 2180 consolationem,
1165 2155 1254 2187 quae

269 2209 319 2235 est
338 2199 490 2233 incoatio
506 2198 543 2230 in
561 2196 664 2229 nobis
680 2195 770 2228 vitae
787 2200 963 2233 aeternae,
988 2193 1077 2226 sicut
1092 2190 1255 2227 Christus

270 2252 409 2295 inquit:
452 2248 547 2282 Haec
574 2253 623 2280 est
648 2246 719 2279 vita
745 2251 904 2284 aeterna,
944 2249 984 2277 ut
1005 2251 1194 2287 agnoscant
1221 2251 1255 2279 te

268 2301 381 2334 Deum
405 2311 545 2340 verum,
580 2305 613 2332 et
634 2308 737 2343 quem
761 2294 887 2328 misisti
911 2293 1025 2327 lesum
1051 2306 1123 2328 esse
1147 2292 1252 2329 Chri-

269 2360 371 2385 stum.
425 2350 544 2394 Quare
565 2349 717 2382 sciamus
731 2346 836 2380 simul
851 2357 930 2378 cnm
949 2345 1153 2378 remissione
1173 2358 1253 2390 pec-

268 2410 427 2435 catorum
452 2407 486 2434 et
516 2399 801 2433 reconciliatione
829 2397 1054 2430 coniunctam
1089 2407 1161 2429 esse
1190 2397 1254 2430 do-
1279 2433 1281 2440 Ι

269 2452 449 2486 nationem
467 2449 621 2494 Spiritus
637 2449 766 2489 sancti,
794 2447 943 2482 sciamus
960 2458 1107 2489 regnum
1121 2444 1255 2482 Christi
1279 2457 1282 2485 2

268 2503 305 2535 in
335 2500 508 2540 Ecclesia,
542 2498 607 2533 boc
632 2506 700 2540 est,
736 2499 855 2539 iustis,
891 2509 965 2531 non
989 2509 1061 2531 esse
1089 2498 1254 2537 otiosum,

269 2554 327 2585 sed
353 2564 432 2585 vere
458 2550 577 2584 adesse
600 2550 702 2582 nobis
726 2550 836 2583 filium
857 2547 942 2590 Dei,
974 2560 1054 2582 vere
1075 2548 1254 2582 destruere

266 2616 371 2644 opera
394 2600 547 2641 diaboli,
576 2611 813 2644 propugnare,
840 2600 1025 2641 adiuvare,
1057 2605 1090 2633 et
1113 2611 1252 2633 servare

269 2656 458 2688 credentes.
500 2649 595 2685 Haec
613 2651 731 2684 omnia
749 2651 994 2695 complectitur
1011 2662 1076 2684 vox
1091 2647 1253 2695 Prophe-

1289 217 1396 255 riam‚
1425 222 1600 249 aeternam
1619 214 1764 247 salutem
1781 215 1947 248 credenti.
1988 213 2056 248 Sed
2073 211 2271 259 sycophan-

1291 275 1344 301 tae
1367 267 1509 312 quidam
1535 265 1794 299 calumniantur
1811 275 1955 308 gnomas
1977 276 1994 298 a
2013 264 2122 299 Paulo
2141 265 2272 306 citatas,

1291 319 1413 352 dicunt
1437 317 1526 350 male
1557 318 1709 350 detortas
1740 327 1812 348 esse
1839 315 1882 348 ad
1906 314 2090 348 Paulinam
2122 327 2271 352 causam.

1291 369 1368 403 Hoc
1394 369 1582 414 inquiunt,
1610 367 1730 411 agebat
1755 365 1902 406 Paulus,
1929 363 2090 398 homines
2115 367 2271 400 reconci-

1292 419 1370 453 liari
1394 418 1469 453 Deo
1504 431 1565 463 per
1600 419 1702 451 fnlem
1731 417 1766 450 in
1794 415 1999 451 Christum:
2036 422 2069 449 at
2097 415 2273 460 Propheta

1293 482 1365 504 non
1389 470 1477 503 dixit
1500 470 1536 503 in
1559 481 1598 502 eo
1622 469 1698 502 loco
1723 469 1766 501 de
1782 466 1933 502 Christo.
1987 465 2072 500 ltem
2089 478 2168 500 cum
2186 468 2272 502 alibi

1295 522 1376 555 citat
1395 521 1527 555 dictum
1545 521 1588 553 de
1608 520 1674 553 fide
1693 516 1872 552 Abrahae:
1898 514 2079 550 Abraham
2104 518 2215 552 credit
2238 530 2273 552 se

1295 571 1500 605 habiturum
1517 578 1670 615 posteros
1688 583 1727 603 ex
1744 581 1778 602 se
1796 575 2014 613 propagatos,
2076 567 2172 612 Quid
2189 569 2275 603 haec

1296 623 1399 662 fides,
1426 622 1612 667 inquiunt,
1647 622 1688 655 ad
1708 620 1807 654 Pauli
1834 632 1971 653 causam
1990 619 2164 663 pertinet?
2203 619 2276 655 Re-

1298 674 1473 718 spondeo:
1509 672 1680 706 Tenenda
1704 679 1753 706 est
1780 671 1917 714 regula,
1953 670 2047 715 quod
2071 670 2175 703 etiam
2196 682 2276 705 cum

1298 725 1381 758 fides
1405 730 1563 757 versatur
1587 723 1678 757 circa
1697 722 1893 766 corporalia
1917 721 2051 754 obiecta
2068 732 2128 754 seu
2143 721 2276 754 benefi-

1299 775 1369 815 cia,
1404 781 1520 808 tamen
1542 786 1678 819 semper
1703 773 1976 818 expectationem
2002 771 2194 816 corporalis
2215 773 2277 806 be-

1300 825 1414 858 neficii
1433 825 1470 857 in
1494 826 1657 859 credente
1675 823 1851 869 praecedit
1869 823 1970 864 fides,
1999 834 2088 867 quae
2113 829 2163 856 est
2185 821 2278 857 fidu-

1300 876 1353 910 cia
1376 875 1654 914 misericordiae,
1686 882 1719 909 et
1741 874 1865 918 accipit
1890 873 2132 907 remissionem
2160 885 2279 919 pecca-

1300 933 1429 960 torum.
1492 924 1596 959 Iacob
1619 931 1773 968 expectat
1802 925 2042 958 defensionem
2069 932 2191 959 contra
2214 922 2280 958 ho-

1301 983 1388 1017 stes,
1423 974 1537 1010 David
1571 982 1726 1020 expectat
1756 975 1957 1014 victoriam,
1993 975 2051 1008 sed
2077 976 2154 1009 ideo
2179 987 2280 1020 expe·

1303 1034 1418 1067 etant,
1444 1027 1524 1071 qnia
1549 1027 1706 1060 sentiunt
1726 1038 1761 1059 se
1787 1023 1916 1059 habere
1933 1024 2046 1059 Deum
2072 1027 2280 1071 propicium.

1302 1077 1391 1112 Nam
1415 1077 1628 1111 conscientia
1655 1089 1727 1110 non
1752 1083 1864 1121 potest
1887 1076 1954 1109 alia
1979 1077 2145 1111 beneficia
2169 1089 2187 1110 a
2205 1076 2280 1111 Deo

1304 1135 1419 1173 petere
1442 1134 1475 1162 et
1499 1135 1697 1171 expectare,
1723 1128 1752 1160 si
1777 1127 1905 1161 sentiat
1926 1138 2005 1159 eum
2031 1128 2132 1162 nobis
2154 1128 2281 1162 iratum

1303 1191 1394 1219 esse,
1421 1190 1485 1212 nos
1503 1190 1575 1211 non
1595 1178 1770 1212 exaudire.
1821 1176 1967 1210 Necesse
1991 1184 2040 1211 est
2064 1178 2171 1222 igitur
2191 1191 2282 1212 sem-

1303 1242 1364 1275 per
1381 1230 1587 1272 praecedere
1607 1229 1770 1262 fiduciam
1794 1228 2066 1264 misericordiae.
2119 1227 2166 1263 Et
2188 1230 2281 1263 dicta

1304 1282 1346 1314 de
1368 1281 1437 1313 fide
1463 1280 1500 1312 in
1529 1291 1655 1323 genere
1680 1290 1816 1323 semper
1839 1278 2121 1322 complectuntur
2150 1280 2281 1314 articu-

1304 1332 1377 1364 lum
1396 1331 1439 1363 de
1465 1331 1670 1363 remissione
1696 1336 1927 1374 peccatorum.
1980 1329 2038 1363 Sic
2055 1330 2099 1370 ¹in
2125 1331 2285 1364 oratione

1304 1381 1536 1426 quotidiana,
1571 1393 1650 1413 cnm
1684 1380 1833 1424 petimus
1867 1391 1990 1422 panem
2024 1381 2283 1424 quotidianum,

1304 1432 1421 1465 veniat
1444 1431 1480 1463 in
1503 1438 1673 1472 mentem,
1709 1427 1799 1464 hanc
1822 1430 2027 1474 petitionem
2051 1438 2207 1466 nostram
2225 1445 2284 1465 ex>

1304 1482 1439 1522 audiri,
1466 1482 1493 1515 si
1512 1481 1606 1515 Deus
1630 1482 1674 1516 sit
1699 1480 1801 1514 nobis
1827 1480 2022 1525 propicius,
2050 1489 2082 1516 et
2106 1494 2178 1516 esse
2201 1495 2284 1527 pro-

1303 1533 1435 1577 picium
1461 1539 1602 1576 propter
1622 1530 1813 1566 Christum,
1867 1530 1950 1564 ldeo
1975 1533 2089 1566 statim
2111 1534 2284 1578 sequitur:

1304 1583 1348 1616 Et
1366 1583 1505 1616 remitte
1521 1583 1623 1615 nobis
1642 1582 1759 1615 debita
1775 1588 1906 1616 nostra.
1958 1581 2026 1616 Sed
2052 1593 2195 1629 quaerat
2220 1585 2284 1618 ali·

1306 1634 1402 1678 quis:
1449 1632 1553 1667 Unde
1581 1639 1709 1666 norant
1740 1638 1854 1676 patres
1886 1629 1978 1665 hanc
2010 1633 2206 1668 doctrinam
2243 1637 2286 1669 de

1306 1684 1434 1717 fiducia
1459 1683 1741 1724 misericordiae,
1776 1689 1808 1716 et
1831 1683 1875 1716 de
1897 1683 2102 1718 remissione
2125 1693 2286 1730 peccato-

1305 1735 1413 1768 rum'?
1452 1733 1684 1778 Respondeo:
1725 1732 1778 1767 De
1800 1730 1867 1766 hoc
1900 1733 2048 1769 articulo
2084 1738 2287 1780 pugnabant

1278 1782 1280 1813 5
1305 1782 1502 1829 Prophetae
1522 1797 1600 1818 cum
1619 1784 1822 1818 doctoribus
1836 1784 1933 1827 legis.
1980 1784 2062 1820 Ideo
2079 1793 2129 1821 tot
2144 1787 2288 1829 Psalmi,

1305 1844 1358 1871 tot
1381 1836 1473 1869 dicta
1490 1833 1749 1880 Prophetarum
1769 1835 2007 1869 vociferantur
2028 1835 2190 1872 homines
2214 1851 2287 1872 non

1306 1899 1378 1921 esse
1395 1888 1503 1921 iustos
1522 1887 1614 1929 lege,
1642 1893 1674 1920 et
1690 1885 1869 1919 inculcant
1885 1886 2070 1920 conciones
2086 1888 2130 1922 de
2150 1889 2286 1922 miseri-

1307 1937 1438 1972 cordia.
1490 1935 1536 1970 Et
1551 1936 1673 1971 Esaias
1690 1937 1817 1969 diserte
1842 1936 1976 1981 inquit,
2001 1937 2166 1972 Messiam
2190 1941 2288 1974 futu-

1306 2001 1385 2022 rum
1410 1987 1590 2020 victimam
1618 1999 1681 2031 pro
1710 1993 1861 2031 peccato.
1921 1985 2158 2024 Renovabant
2181 1991 2288 2034 igitur

1280 2038 1596 2086 1promissionem²
1633 2038 1787 2083 primurn
1820 2038 1936 2078 Adae,
1969 2046 2088 2084 postea
2122 2038 2288 2076 Abrabae

1306 2091 1430 2123 factam
1448 2089 1491 2122 de
1513 2096 1661 2123 venturo
1680 2089 1885 2129 liberatore,
1914 2089 2157 2134 intelligebant
2173 2090 2287 2126 Deum

1307 2139 1506 2185 promisisse
1524 2139 1844 2173 reconciliationem
1870 2148 2012 2183 propter
2036 2142 2136 2176 illum
2158 2143 2288 2176 libera-

1306 2199 1418 2225 torem
1446 2197 1478 2224 et
1502 2191 1782 2232 benedictorem,
1815 2191 1858 2224 de
1883 2204 1954 2235 quo
1972 2193 2103 2226 dictum
2120 2201 2184 2227 est:
2218 2193 2286 2227 Ca·

1308 2248 1370 2286 put
1395 2242 1566 2286 serpentis
1595 2248 1764 2278 conteret.
1832 2243 1873 2274 ln
1896 2239 1985 2276 banc
2016 2243 2286 2286 promissionem

1307 2293 1538 2327 intuebantur
1570 2300 1603 2327 et
1636 2299 1763 2326 norant
1805 2293 2029 2336 promissioni
2071 2295 2285 2329 credendum

1308 2355 1400 2384 esse,
1427 2350 1570 2388 propter
1585 2340 1676 2377 hanc
1696 2343 1922 2387 expectabant
1938 2344 2056 2377 omnia
2073 2352 2205 2379 caetera
2225 2347 2287 2380 be-

1308 2394 1442 2428 neficia.
1494 2395 1550 2428 Ad
1567 2392 1656 2428 hanc
1673 2394 1941 2438 promissionem
1964 2395 2007 2428 de
2033 2404 2181 2430 venturo
2198 2397 2287 2431 libe-

1307 2454 1441 2486 ratore,
1470 2445 1668 2479 referebant
1689 2451 1839 2478 caeteras
1867 2446 2125 2488 promissiones.
2185 2447 2286 2483 Vati-

1279 2489 1282 2523 l
1307 2496 1472 2529 cinantur
1495 2493 1693 2540 Prophetae
1716 2495 1913 2529 rediturum
1949 2508 2019 2530 esse
2053 2498 2220 2541 populum
2245 2512 2286 2532 ex

1279 2552 1282 2595 ᾗ
1307 2546 1509 2595 Babylone,
1551 2547 1632 2592 quia
1658 2553 1785 2580 norant
1815 2553 1976 2590 oportere
1999 2547 2164 2582 Messiam
2191 2551 2286 2584 nasci

1281 2620 1282 2624 =
1307 2610 1347 2630 ex
1373 2597 1479 2638 luda,
1522 2604 1557 2631 et
1581 2598 1693 2641 palam
1725 2598 1826 2630 edere
1855 2595 2088 2641 Evangelium
2121 2600 2157 2632 in
2186 2601 2287 2636 Sion.

1306 2647 1408 2682 Hanc
1424 2648 1653 2693 principalem
1679 2648 1948 2693 promissionem
1974 2649 2178 2690 intuentur,
2205 2664 2285 2686 cuin

1278 2398 1282 2412 t
