2415 2942
23 84 31 211 ›uz—*2*

83 163 159 201 397
467 161 549 198 XII.

85 250 153 285 Dei
170 256 203 283 et
220 247 372 289 Christi,
399 255 431 282 et
458 255 496 282 ut
513 246 588 282 Deo
606 260 707 292 aegre
722 248 872 286 faciant,
900 247 938 279 in
959 248 1078 281 omnia

85 302 244 335 membra
263 298 440 334 Ecclesiae
458 299 674 333 atrocissime
696 298 870 332 saeviunt:
901 297 1004 341 lmpii
1024 309 1079 330 sa-

88 353 245 386 cerdotes
270 358 303 385 et
322 352 482 384 doctores
506 351 736 383 adversantur
753 348 966 391 Evangelio,
995 349 1078 394 qnia

86 411 180 438 taxat
218 403 320 436 falsas
363 402 550 446 opiniones
586 409 618 434 et
650 400 914 434 commenticios
951 400 1077 433 cultus.

86 452 254 489 Oderunt
286 461 402 487 autem
444 453 604 497 plerique
638 449 799 485 homines
832 448 1078 494 reprehensio-

86 518 186 545 nem,
214 505 269 538 vel
285 504 438 538 naturali
456 503 640 551 superbia,
677 503 757 547 quia
782 513 848 534 nos
868 513 1026 535 amamus
1046 508 1078 535 et
1103 509 1104 547 J

1103 551 1104 560 ¹
1130 566 1200 587 una
1218 566 1302 587 voce
1317 551 1464 587 Christi.

234 607 274 640 In
306 606 547 651 proditoribus
574 612 611 637 ut
638 603 755 647 Doeg,
792 603 953 641 Alcimo,
991 603 1077 637 Iuda
1103 605 1105 616 '

691 655 813 688 odium
847 655 1078 696 diabolicum,
1103 662 1104 673 ¹

1007 705 1078 739 Po-
1103 720 1104 733 2

1103 737 1104 759 1
1131 715 1192 761 qui
1231 713 1347 748 adhuc
1391 715 1617 748 somniabant
1657 715 1847 759 imperium
1888 717 2122 751 mundanum.

1103 793 1104 796 ,
1130 766 1264 812 Estque
1281 764 1339 799 hic
1354 766 1446 799 edita
1468 766 1616 809 insignis
1635 779 1720 805 vox,
1747 778 1837 811 quae
1860 773 2007 800 testatur
2023 769 2122 811 Apo-

89 557 196 590 nobis
213 557 406 601 placemus,
437 555 491 587 vel
512 559 703 587 metuentes
726 553 902 597 potentiae
921 559 953 586 et
970 564 1077 597 quae-

89 608 170 642 stui.

89 664 306 692 concurrunt
344 657 474 690 multae
506 667 648 695 causae,

88 710 262 753 cupiditas
281 708 472 747 vindictae,
496 718 573 750 spes
599 707 776 751 potentiae
795 713 827 739 et
848 706 953 740 lucri.

87 760 176 794 litici
197 760 418 803 magistratus
441 764 604 791 metuunt
631 757 843 791 mutationes
874 768 1076 800 regnorum,

87 818 121 845 et
138 812 199 856 qui
215 812 258 844 ab
273 810 390 854 impiis
409 809 648 842 sacerdotibus
666 820 791 851 magna
812 809 998 842 commoda
1015 805 1078 840 lia—

85 863 189 901 bent,
216 873 294 895 cum
310 861 359 894 eis
374 860 577 899 colludunt,
604 860 708 893 multi
730 860 832 893 etiam
860 859 975 903 palam
996 866 1079 893 sunt
1103 860 1104 863 ’

84 912 259 957 Epicurei.

188 979 294 1013 Tales
338 978 443 1011 etiam
490 989 613 1011 causae
664 978 861 1011 incendunt
895 978 1078 1023 populum,

85 1028 282 1074 Epicureus
305 1036 502 1062 contemtus
525 1027 608 1069 Dei,
641 1029 861 1072 superstitio,
897 1041 974 1074 spes
1001 1031 1077 1070 otii,

86 1082 197 1120 lucri,
232 1080 501 1114 benevolentiae
532 1086 728 1123 potentum.
789 1079 862 1113 Has
888 1088 921 1114 et
946 1081 1078 1114 similes

85 1144 222 1171 causas,
256 1143 344 1177 quae
369 1131 512 1165 irritant
534 1137 669 1163 mentes
694 1132 861 1164 adversus
884 1129 1079 1172 Christum,

85 1185 228 1227 prodest
246 1183 487 1219 considerare,
517 1188 555 1214 ut
573 1183 740 1214 adversus
764 1193 839 1223 eaS‚
875 1183 984 1215 animi
1011 1183 1077 1215 im-

84 1234 227 1267 becilles
244 1233 471 1273 muniantur,
500 1239 532 1266 et
551 1232 632 1265 mali
650 1233 765 1266 acrius
790 1234 936 1267 refutari
961 1241 993 1268 et
1013 1234 1078 1267 ob-

85 1285 220 1328 iurgari
235 1284 380 1328 possint.

84 1460 116 1486 et
135 1454 178 1485 de
194 1453 364 1496 personis.

84 1515 125 1536 eo
157 1503 245 1537 loco.

85 1617 189 1650 quam
217 1605 407 1648 diligenter
430 1605 533 1638 nobis
556 1617 813 1649 proponamus:
865 1605 1017 1649 Vigilate
1044 1613 1077 1639 et

83 1663 200 1694 orate,
229 1656 362 1701 inquit,
389 1668 432 1688 ne
448 1656 587 1689 intretis
603 1656 641 1688 in
662 1656 903 1692 tentationem.
941 1656 1076 1691 Dolen-

85 1758 151 1790 bus
167 1755 375 1790 hominibus
394 1757 599 1800 imaginari,
631 1764 751 1790 nostra
775 1758 958 1801 diligentia
977 1771 1076 1802 posse

85 1808 190 1841 vitari
212 1809 356 1853 laqueos
384 1808 533 1848 diaboli,
569 1815 602 1842 et
627 1819 748 1851 graves
770 1808 900 1853 lapsus.

87 1866 182 1893 ctum
211 1858 376 1892 leremiae
401 1859 505 1892 nobis
530 1859 574 1892 sit
599 1859 636 1891 in
659 1866 866 1903 conspectu:
903 1859 984 1893 Scio
1002 1860 1076 1894 Do-

83 1910 200 1949 mine,
227 1911 323 1954 quod
343 1921 415 1943 non
435 1916 485 1943 est
507 1907 662 1943 hominis
679 1910 734 1943 via
762 1911 846 1947 eius.
900 1909 1001 1944 Nihil
1025 1912 1076 1945 fa-

84 1961 189 1994 cilius
215 1967 265 1994 est
286 1959 440 2001 homini,
476 1973 582 2006 quam
611 1958 841 2003 hallucinari,
874 1962 1008 2006 decipi,
1043 1970 1076 1997 et

84 2024 212 2047 errare.
265 2011 348 2045 Ideo
366 2010 433 2045 hoc
451 2012 584 2045 dictum
602 2009 736 2045 Christi
755 2024 856 2056 saepe
871 2013 1077 2056 cogitemus,

83 2062 255 2108 praecipit
270 2070 479 2108 utrumque,
515 2062 736 2106 vigilantiam
765 2071 797 2097 et
822 2065 1075 2108 precationem,

84 2114 162 2148 vult
186 2125 251 2146 nos
268 2112 430 2148 Christus
457 2125 529 2147 esse
555 2115 709 2148 intentos
733 2121 766 2148 et
791 2115 1074 2160 circumspectos,

91 2163 184 2208 Quia
209 2176 290 2202 vero
310 2165 445 2208 precari
461 2165 570 2205 iubet,
597 2165 768 2209 significat
788 2174 907 2200 nostra
924 2167 1075 2200 circum·
1100 2179 1101 2185 ¹

85 2215 264 2260 spectione
294 2227 368 2248 non
402 2227 503 2260 posse
530 2228 653 2249 omnes
684 2217 803 2261 lapsus
839 2218 972 2259 caveri,
1015 2220 1074 2252 sed

86 2278 177 2311 opus
194 2278 266 2300 esse
281 2267 402 2300 divina
421 2267 695 2310 gubernatione,
718 2274 751 2302 et
769 2280 932 2312 magnam
950 2281 1076 2303 conso-

82 2318 252 2352 lationem
273 2317 377 2352 nobis
401 2318 619 2362 propositam
645 2329 717 2352 esse
743 2319 909 2361 sciamus,
938 2321 1076 2365 quoties

84 2368 299 2414 praecipitur
314 2369 480 2414 precatio.
533 2368 705 2414 Sequitur
728 2370 820 2403 enim
838 2372 1075 2415 precationem

85 2432 161 2453 non
184 2431 255 2454 esse
279 2421 441 2463 inanem,
484 2427 525 2454 ut
556 2432 678 2454 omnes
708 2419 876 2465 Epicurei
909 2423 1076 2466 cogitant,

88 2483 162 2504 non
178 2471 272 2504 enim
286 2472 415 2506 frustra
443 2472 670 2517 praecipitur.
731 2471 807 2506 Hac
832 2475 1074 2508 consolatione

89 2522 304 2564 confirmati,
349 2524 458 2557 simus
494 2523 715 2557 ardentiores
739 2524 777 2557 in
806 2526 1001 2569 precando,
1042 2533 1076 2560 et

88 2580 249 2618 petamus
272 2575 344 2618 regi
361 2587 379 2608 a
397 2573 472 2609 Deo
497 2581 632 2609 mentes
654 2583 812 2619 nostras⁷
841 2576 994 2621 pericula
1008 2605 1017 2619 ,
1043 2584 1076 2612 et

87 2625 199 2658 exitus
217 2625 465 2668 periculorum.
508 2648 526 2669 φ

190 2691 327 2728 Deinde
346 2694 386 2728 in
401 2696 524 2729 eodem
540 2695 617 2729 loco
632 2696 791 2742 sequitur
813 2697 973 2731 osculum
992 2710 1076 2743 pro—

88 2744 226 2786 diteris,
252 2747 347 2791 quod
365 2747 534 2791 significat
551 2748 777 2782 simulatione
793 2748 970 2784 amicitiae
982 2751 1074 2784 mul-

602 159 898 197 ENARRATIO
928 161 976 195 IN
1005 160 1188 198 EVANG.
1215 160 1426 197 IOANNIS.

1487 162 1590 198 CAP.
1618 162 1753 197 XVIII.
2047 163 2122 199 398

1132 256 1185 282 tos
1214 249 1375 282 insidiari
1403 250 1607 283 doctoribus
1634 247 1841 292 Evangelii,
1878 255 1910 281 et
1934 251 2121 294 praecipua

1131 312 1211 343 pars
1244 298 1351 333 huius
1380 308 1475 334 actus
1505 308 1555 334 est
1585 298 1772 344 prehensio
1802 298 1954 341 Christi,
1990 301 2026 333 in
2052 314 2121 346 qua

1131 350 1206 393 ipsa
1224 352 1467 384 consideretur
1483 352 1638 395 potentia
1656 352 1796 392 divina,
1829 358 1868 384 ut
1892 363 2122 394 agnoscamus

1130 399 1312 434 Christum
1334 402 1405 445 pati
1426 414 1498 434 non
1515 408 1672 435 coactum
1692 401 1845 435 humana
1866 403 2036 447 potentia,
2063 404 2124 436 sed

1131 452 1330 492 volentem,
1355 453 1443 485 sicut
1469 453 1505 484 in
1531 450 1636 485 Esaia
1663 453 1831 496 scriptum
1859 461 1925 487 est:
1967 452 2122 488 Oblatus

1131 510 1198 543 est,
1226 502 1308 547 quia
1336 503 1462 536 voluit.
1515 502 1659 536 Cadunt
1682 504 1775 535 enim
1803 504 1931 537 milites
1953 506 2120 549 prostrati

1231 611 1288 646 Ad
1314 611 1408 645 hunc
1435 620 1552 646 actum
1574 613 1725 657 pertinet
1749 619 1781 646 et
1808 625 1923 657 pugna
1940 614 2053 653 Petri,
2082 616 2119 648 in

1131 675 1199 709 qua
1242 664 1369 698 iterum
1413 664 1657 697 consideretur
1707 676 1805 697 error
1856 664 2123 708 Apostolorum,

1131 818 1239 851 stolos
1262 830 1335 850 non
1358 829 1477 860 gerere
1500 817 1655 860 gladium
1670 845 1678 857 ,
1718 817 1755 850 id
1781 825 1848 858 est,
1882 819 2121 852 ministerium

1131 867 1318 912 Evangelii
1335 880 1407 901 non
1425 880 1497 901 esse
1521 875 1727 910 potestatem
1756 869 1883 912 gladii,
1921 877 1959 903 ut
1985 877 2122 904 vocant.

1130 919 1242 953 Docet
1264 921 1346 953 item
1368 920 1630 953 ordinationem
1646 918 1712 953 Dei
1736 931 1826 960 esse,
1867 927 1905 953 ut
1930 922 2126 964 puniantur

1103 981 1104 1005 ῐ
1131 971 1249 1014 gladio
1266 983 1390 1004 omnes
1403 998 1410 1011 ,
1439 971 1500 1013 qui
1519 971 1594 1004 sine
1611 971 1748 1014 legibus
1773 978 1806 1003 et
1829 978 1950 1005 contra
1968 973 2124 1007 vocatio-

1103 1034 1105 1051 ι
1131 1035 1211 1055 nem
1230 1022 1346 1066 gladio
1362 1029 1525 1057 utuntur.

1577 1020 1668 1055 Cum
1692 1022 1786 1054 enim
1810 1022 1956 1055 dicitur:
1992 1021 2124 1056 Omnis

1131 1074 1193 1119 qui
1210 1073 1382 1117 acceperit
1398 1073 1574 1116 gladium,
1600 1073 1717 1116 gladio
1743 1073 1891 1116 peribit,
1918 1074 2123 1117 intelligan-

1103 1122 1104 1157 ἰ
1131 1132 1189 1159 tur
1217 1126 1373 1168 accipere
1397 1124 1553 1167 gladium
1585 1122 1640 1166 hi,
1682 1124 1742 1168 qui
1780 1131 1984 1167 potestatem
2014 1126 2123 1168 gladii

1131 1188 1204 1208 non
1230 1177 1352 1209 datum
1379 1187 1396 1207 a
1420 1175 1556 1218 legibus
1585 1181 1644 1208 aut
1673 1175 1934 1218 magistratibus
1966 1187 2124 1209 exercere

1131 1233 1322 1267 conantur,
1350 1233 1387 1259 ut
1409 1226 1543 1258 faciunt
1560 1237 1700 1265 omnes,
1734 1226 1795 1270 qui
1818 1226 1947 1259 iniusta
1972 1224 2124 1259 homici-

1130 1278 1187 1310 dia
1207 1277 1453 1316 committunt,
1488 1283 1521 1310 et
1545 1288 1668 1309 omnes
1693 1276 1862 1312 seditiosi.
1917 1275 1981 1310 Est
2007 1285 2123 1312 autem

187 1348 316 1384 Adhuc
350 1361 534 1383 narramus
562 1349 667 1393 primi
701 1357 799 1383 actus
832 1348 1017 1384 historiam
1039 1351 1077 1383 in
1103 1352 1104 1372 3
1129 1326 1262 1362 ChriSti
1279 1328 1411 1384 dicum)
1433 1334 1588 1360 sumtum
1607 1340 1646 1360 ex
1664 1339 1736 1372 αφ’
1767 1327 1801 1386 9.
1829 1327 1994 1362 Genesi&
2031 1328 2123 1387 Qni-

85 1399 211 1442 horto,
238 1413 277 1434 ac
294 1401 448 1433 diximus
465 1401 508 1433 de
523 1400 614 1433 lucta
644 1407 676 1433 et
710 1402 912 1444 precatione
930 1399 1077 1443 Christi,
1102 1392 1104 1419 ἐ
1130 1390 1269 1423 cunque
1287 1379 1420 1411 finient
1443 1376 1640 1412 hum‘mum
1663 1390 1889 1422 sangumem'
1924 1392 1985 1424 per
2007 1378 2124 1414 homl'

417 1450 569 1496 Reliqua
596 1449 743 1484 historia
760 1449 844 1484 haec
864 1453 1020 1486 continet
1039 1453 1076 1485 in
1102 1488 1103 1496 ἵ

312 1501 568 1547 Apostolorum
601 1503 905 1545 obiurgationem‚
942 1506 984 1537 de
1008 1516 1076 1549 qua
1102 1526 1103 1529 =

83 1554 217 1588 dictum
260 1561 329 1595 est,
378 1561 411 1587 et
445 1551 732 1587 adhortationem
762 1556 806 1587 ad
847 1557 1103 1598 precandum,³

1102 1608 1103 1615 ¹
1130 1607 1256 1633 neatur
1272 1606 1343 1632 tota
1363 1601 1566 1643 posteritas,
1593 1612 1637 1632 ne
1661 1607 1842 1644 praetextu
1858 1600 2044 1644 Evangelii
2066 1614 2123 1634 ra-

1129 1442 1210 1463 nem
1230 1431 1400 1463 fundetur
1418 1436 1450 1463 et
1465 1430 1605 1473 sanguis
1623 1430 1742 1474 ipsius.

1231 1496 1304 1530 Nec
1320 1497 1395 1530 sine
1413 1498 1511 1540 gravi
1529 1509 1630 1531 causa
1649 1495 1735 1531 haec
1760 1498 1813 1531 lex
1837 1499 1984 1542 repetita
2010 1507 2060 1533 est
2085 1500 2123 1532 in

1130 1547 1196 1582 hoc
1212 1549 1288 1593 ipso
1306 1555 1461 1582 extremo
1484 1560 1596 1592 agone
1613 1546 1768 1589 Christi,
1802 1550 1959 1584 fortassis
1983 1557 2021 1583 ut
2047 1563 2123 1584 mo-

1129 1652 1203 1695 piat
1235 1651 1403 1695 imperia,
1447 1651 1536 1684 sicut
1558 1650 1713 1684 Romani
1738 1650 1928 1685 Pontifices
1954 1653 2123 1694 fecerunt,

83 1708 168 1740 dum
186 1714 236 1740 est
251 1707 458 1750 sapientiam
476 1704 668 1739 humanam
686 1707 884 1752 plerunque
902 1708 939 1740 in
956 1708 1073 1741 omni·
1130 1709 1162 1735 et
1180 1702 1453 1746 Anabapfistae,
1496 1709 1529 1735 θῑ
1556 1713 1656 1746 saepe
1683 1702 1744 1735 alii
1768 1702 1916 1746 imperia
1940 1704 2123 1748 quaesive-

1101 1763 1103 1765 ’
1130 1760 1214 1787 runt
1232 1753 1330 1786 nulla
1357 1753 1512 1796 legitima
1538 1765 1658 1793 causa,
1692 1754 1750 1786 sed
1778 1760 1915 1787 tantum
1940 1761 2121 1798 praetextu

955 1808 1002 1843 At
1020 1811 1077 1843 di-
1101 1814 1103 1834 ³

1128 1802 1327 1847 Evangelii.
1381 1804 1498 1838 Simus
1523 1804 1632 1847 igitur
1651 1804 1766 1846 cauti,
1796 1817 1838 1838 ne
1854 1805 2019 1839 seditiosa
2036 1818 2122 1839 con-

1130 1856 1208 1888 silia
1230 1856 1449 1889 adiuvemus.

1232 1914 1514 1958 significationes
1533 1914 1636 1948 etiam
1657 1922 1738 1949 sunt
1756 1915 1792 1948 in
1817 1916 1893 1960 ipso
1916 1917 2025 1957 facto,
2053 1915 2120 1950 Pe-

1130 1973 1205 1999 trus
1228 1966 1384 1999 dextram
1404 1966 1598 1999 auriculam
1616 1966 1786 2009 praecidit
1810 1978 1910 2000 servo
1927 1966 2119 2004 pontificis.

1130 2017 1321 2050 Ambitiosi
1344 2018 1505 2050 doctores
1526 2017 1736 2061 praecidunt
1759 2018 1970 2059 auriculam,
2004 2019 2038 2051 id
2059 2027 2120 2058 est,

1129 2068 1322 2101 offundunt
1352 2069 1493 2101 dextrae
1524 2069 1702 2102 auriculae
1727 2069 1831 2103 falsas
1861 2069 2123 2114 interpretatio—

1129 2131 1210 2159 nes,
1238 2119 1368 2164 quibus
1386 2120 1595 2152 confirmant
1613 2120 1776 2153 seditiosa
1795 2121 1961 2162 consilia,
1988 2128 2026 2154 ut
2042 2133 2120 2154 cum

1128 2169 1285 2204 Romani
1305 2170 1491 2204 Pontifices
1507 2179 1696 2205 moverunt
1714 2172 1805 2205 bella
1830 2179 1950 2206 contra
1970 2170 2120 2206 Germa-

1129 2222 1227 2255 nicos
1245 2221 1478 2265 Imperatores
1502 2221 1693 2261 Henricos‚
1721 2223 1898 2256 finxerunt
1922 2235 1957 2256 se
1975 2224 2121 2257 liberta-

1128 2279 1198 2306 tem
1231 2273 1493 2317 suffragationis
1527 2274 1565 2306 in
1592 2274 1763 2317 eligendis
1789 2272 1972 2318 Episcopis
1998 2275 2120 2308 defen-

1100 2354 1102 2356 .
1129 2325 1231 2365 dere,
1265 2325 1397 2368 species
1427 2324 1494 2358 fuit
1526 2322 1690 2365 honesta,
1729 2325 1788 2358 sed
1814 2332 1932 2359 tamen
1956 2337 2029 2359 non
2053 2326 2122 2359 suit

1129 2375 1219 2409 iusta
1238 2376 1414 2410 bellorum
1434 2375 1702 2409 inserendorum
1722 2387 1836 2411 causa.

1229 2443 1410 2479 Postrema
1430 2455 1508 2488 pars
1524 2450 1619 2477 actus
1636 2441 1742 2478 huius
1767 2445 1805 2478 in
1827 2442 1947 2487 hortu,
1975 2452 2025 2480 est
2040 2445 2121 2490 fuga

1128 2495 1290 2528 omnium
1305 2495 1578 2540 Apostolorum,
1611 2507 1700 2540 quae
1726 2502 1778 2530 est
1799 2496 1998 2541 exemplum
2024 2508 2119 2529 com—

1128 2547 1247 2581 munis
1266 2546 1481 2580 infirmitatis
1499 2543 1697 2580 hominum.
1746 2545 1926 2581 Hactenus
1943 2549 1987 2581 de
2005 2548 2120 2592 primo

1128 2605 1208 2631 actu
1240 2599 1394 2632 breviter
1424 2598 1556 2631 dictum
1581 2604 1648 2631 est:
1698 2596 1741 2631 In
1766 2611 1837 2644 quo
1861 2599 1963 2632 valde
1989 2599 2120 2632 multae

1130 2656 1245 2693 partes
1262 2656 1362 2690 sunt,
1389 2661 1538 2694 quarum
1565 2646 1744 2682 exhauriri
1767 2650 1929 2684 doctrina
1955 2662 2028 2684 non
2054 2662 2118 2693 po-

1128 2707 1214 2741 test,
1243 2700 1406 2733 videlicet
1430 2700 1505 2744 ipse
1529 2712 1638 2744 pavor
1661 2707 1694 2734 et
1718 2702 1821 2735 dolor
1845 2699 2000 2739 Christi,
2033 2712 2118 2733 con-

1099 2777 1102 2786 .
1129 2752 1280 2787 firmatio
1299 2749 1445 2791 Christi,
1473 2752 1628 2797 proditio
1647 2751 1766 2795 Iudae,
1793 2753 2034 2787 testimonium
2056 2764 2119 2796 po—
