2415 2942
221 73 292 108 327

323 156 474 191 Econtra
492 168 573 189 vcro
593 161 772 188 manentes
790 153 825 185 in
843 151 917 195 ipso
930 178 939 192 ,
968 151 1002 183 id
1020 157 1092 193 est,
1121 149 1205 182 reti-

223 216 343 242 nentes
362 207 589 247 Evangelium
610 217 688 238 vera
707 205 790 242 fide,
823 203 871 236 ait
893 203 1026 235 fructus
1052 201 1205 244 gignere,

223 260 287 291 sibi
309 266 338 291 et
358 258 433 289 aliis
456 257 641 296 salutares,
675 255 870 288 liberantur
891 265 910 286 a
934 258 1092 297 peccato,
1127 257 1207 284 sunt

224 308 388 342 haeredes
417 307 507 339 ritae
531 313 711 345 aeternae,
738 310 908 347 reguntur
931 315 950 336 a
967 301 1105 346 Spiritu
1127 313 1207 334 san-

224 367 278 392 cto
291 386 298 397 ,
327 364 407 390 sunt
425 357 541 390 felices
563 357 598 389 in
618 355 822 389 ministeriis
839 361 872 387 et
891 354 928 386 in
944 352 1210 396 gubernatione,

224 410 389 442 resistunt
408 408 570 447 diabolo,
597 407 838 439 defenduntur
855 405 891 437 in
911 404 1045 447 magnis
1072 403 1208 447 pericu-

225 461 266 492 lis
303 466 337 491 et
373 459 539 490 adversus
568 457 701 490 diaboli
727 457 880 496 furores,
923 455 972 488 sic
997 461 1030 488 et
1053 453 1209 497 Baptista

224 511 357 553 iuquit:
401 507 453 541 Ex
487 508 706 551 plenitudine
737 507 810 539 eius
840 517 963 539 omnes
1001 505 1209 548 accepimus.

225 560 320 596 Noe,
349 559 509 598 Samuel,
537 557 673 597 David,
710 557 862 596 Paulus,
895 563 1095 596 servantur,
1129 554 1211 598 quia

227 618 306 643 sunt
332 608 436 642 liuius
457 609 538 643 vitis
557 609 736 653 palmites,
763 615 796 641 et
814 619 868 640 res
885 607 1063 639 mirandas
1087 611 1212 649 gerunt

228 661 358 693 auxilio
395 658 500 692 huius
544 659 809 703 gubernatoris,
858 658 962 697 Saul,
1005 654 1139 693 Actias,
1180 661 1213 688 et

228 711 331 744 multi
349 711 408 742 alii
429 717 594 754 pereunt,
620 710 700 754 quia
721 721 791 741 non
811 715 952 740 manent
969 707 1006 739 in
1024 704 1087 738 hac
1106 706 1186 739 vite.

330 760 514 793 Discamns
534 761 640 803 igitur
656 767 844 803 utriunque
864 756 928 790 hoc
945 758 1021 790 loco
1040 756 1213 793 damnari,

230 812 434 855 opinionem
456 809 665 849 humanam,
702 821 790 853 quae
816 815 913 851 putat
938 805 1102 840 humanis
1129 806 1214 838 viri-

231 865 296 895 bus
316 869 347 895 et
368 859 520 894 humana
540 860 721 902 diligentia
739 857 899 891 homines
923 857 1064 890 liberari
1089 870 1106 888 a
1133 868 1211 899 pec-

232 920 327 952 cato,
358 910 523 944 haeredes
542 912 614 943 fieri
635 910 724 942 vitae
741 916 920 946 aeternae,
951 919 1069 950 gerere
1090 919 1142 939 res
1161 919 1213 939 sa-

232 964 375 1001 lutares,
409 970 440 993 et
457 962 574 1004 sugere
591 961 724 994 diaboli
752 959 915 998 insidias,
949 969 1070 991 cavere
1094 969 1215 989 (nunes

232 1014 346 1046 tristes
370 1023 488 1051 casus,
515 1012 603 1044 sicut
622 1008 831 1053 Philosophi
857 1007 1010 1042 humana
1034 1007 1216 1050 diligentia

233 1065 339 1096 mam
366 1062 435 1104 regi
463 1063 608 1102 volunt,
643 1069 675 1094 et
698 1059 786 1093 hanc
808 1060 964 1092 sufficere
988 1059 1216 1091 arbitrantur.

233 1116 280 1148 At
306 1111 466 1146 Christus
499 1124 656 1156 expresse
689 1109 745 1143 hic
770 1110 901 1155 inquit:
938 1109 1023 1143 Sine
1046 1121 1101 1140 rne
1126 1106 1216 1140 nihil

234 1164 379 1212 potestis
404 1164 533 1202 facere,
570 1169 603 1196 et
620 1162 742 1195 lerem.
771 1162 828 1195 10.
851 1161 914 1194 ait:
949 1160 1029 1194 Scio
1055 1159 1218 1198 Domine,

236 1227 307 1247 non
340 1221 391 1247 est
426 1211 582 1246 hominis
612 1213 666 1245 xia
695 1213 787 1252 eius,
821 1212 854 1244 id
883 1217 952 1251 est,
986 1210 1122 1243 vocatio
1147 1222 1216 1241 non

236 1272 346 1310 potest
367 1264 436 1305 regi
457 1261 621 1296 humanis
640 1270 775 1296 tantum
794 1261 969 1299 consiliis,
998 1273 1061 1292 nec
1078 1267 1127 1293 est
1144 1260 1218 1292 esti-

236 1328 296 1348 cax
324 1322 356 1347 et
380 1315 560 1350 salutaris,
593 1314 658 1346 nisi
679 1314 755 1345 Deo
774 1313 935 1351 iuvante,
968 1311 1094 1344 frustra
1120 1322 1219 1354 prae-

237 1367 342 1399 liatur
367 1364 450 1397 Saul
478 1366 632 1397 desertus
657 1376 674 1396 a
695 1364 784 1398 Deo.
843 1362 1005 1405 Agnosco
1027 1361 1132 1403 igitur
1153 1358 1220 1393 hu-

238 1427 378 1449 manam
395 1415 689 1453 imbecillitatem,
718 1421 750 1447 et
774 1425 828 1445 me
854 1424 916 1445 oro
939 1424 958 1445 a
983 1418 1015 1445 te
1040 1412 1129 1454 regi,
1166 1412 1219 1443 iu—

237 1466 330 1506 vari,
365 1466 515 1498 defendi.
577 1464 672 1497 Haec
695 1465 785 1498 dicta
812 1464 903 1496 inter
927 1462 1111 1506 praecipua
1136 1463 1219 1503 dog-

238 1524 329 1550 mata
361 1515 535 1548 Ecclesiae
565 1515 716 1548 tenenda
749 1521 830 1547 sunt
860 1515 1026 1546 adversus
1057 1510 1220 1545 Philoso-

239 1565 328 1611 phos
365 1573 396 1598 et
421 1564 647 1607 Pelagianos,
688 1572 720 1598 et
754 1564 903 1604 similes,
939 1563 998 1608 qui
1026 1564 1220 1596 libertatem

239 1617 414 1649 humanae
451 1616 641 1650 voluntatis
684 1615 871 1647 immodice
913 1614 1147 1657 amplificant,
1190 1620 1221 1645 et

239 1674 374 1700 mentes
386 1668 601 1700 abducunta
628 1665 858 1708 cogitatione,
890 1665 1075 1708 petitione,
1110 1671 1140 1696 et
1167 1676 1221 1696 ex-

240 1718 436 1762 pectatione
455 1716 576 1749 auxilii
595 1716 728 1757 divini,
755 1721 820 1748 eta
836 1721 1023 1758 conspectu
1042 1712 1148 1747 huius
1172 1715 1222 1746 xi-

242 1769 301 1807 tis,
328 1769 370 1800 de
387 1779 454 1812 qua
478 1765 534 1800 hic
551 1767 700 1807 dicitur,
735 1766 821 1799 etin
849 1765 1055 1810 quotidiana
1080 1765 1222 1797 iuvoca-

242 1819 339 1852 tione
355 1818 501 1851 veniant
519 1818 555 1850 in
572 1824 722 1851 mentem
746 1814 831 1849 haec
855 1817 966 1856 dicta,
999 1822 1039 1849 ut
1061 1826 1227 1858 agnosca-

241 1880 320 1903 mus
343 1875 497 1901 nostram
526 1868 812 1901 imbecillitatem.
871 1866 1000 1900 Sumus
1026 1866 1227 1905 imbecilles,

242 1920 318 1953 sine
347 1919 430 1951 ullis
461 1916 626 1951 humanis
650 1918 850 1964 praesidiiS,
890 1917 1030 1959 inopes,
1063 1917 1225 1960 despecti,

243 1968 500 2003 calamitatibus
518 1968 623 2001 variis
641 1968 795 2008 onerati,
823 1980 989 2011 vagamur
1009 1967 1151 2000 incertis
1173 1979 1226 1999 se-

243 2021 365 2059 dibus,
394 2019 509 2051 nullos
525 2019 721 2051 defensores
738 2016 920 2053 habemus,
972 2017 1072 2061 Quae
1086 2024 1135 2050 est
1162 2017 1225 2059 igi-

244 2078 303 2104 tur
319 2081 412 2114 speS,
446 2081 509 2102 nos
532 2080 673 2112 magnas
695 2080 748 2101 res
771 2080 889 2111 gerere
912 2080 1030 2111 posse,
1063 2068 1226 2110 colligere

244 2127 304 2154 aut
335 2121 520 2152 emendare
542 2118 733 2152 Ecclesiam
761 2127 794 2153 et
822 2119 1002 2151 meliorem
1031 2124 1157 2151 statum
1189 2130 1226 2150 ac

246 2171 443 2204 durabilem
461 2169 696 2203 constituere?

347 2219 435 2253 Cum
454 2218 538 2253 haec
555 2221 598 2253 de
615 2219 817 2252 infirmitate
842 2225 959 2252 nostra
984 2218 1226 2262 cogitabimus,

245 2278 385 2304 econtra
403 2268 494 2303 hanc
515 2270 751 2304 dulcissimam
775 2269 1049 2303 consolationem
1075 2267 1131 2302 hic
1155 2277 1227 2302 tra-

246 2322 354 2355 ditam
372 2321 473 2354 nobis
491 2332 728 2364 proponamus
740 2347 749 2361 ,
776 2331 864 2365 quae
881 2319 1029 2353 affirmat
1045 2319 1223 2354 Christum

246 2372 353 2405 vitem
371 2382 461 2411 esse,
486 2378 517 2405 et
536 2382 598 2404 nos
616 2368 699 2404 huic
718 2371 780 2404 viti
802 2370 943 2410 insitos,
971 2383 1042 2403 non
1064 2383 1135 2404 esse
1159 2378 1226 2405 ste-

247 2422 340 2455 rites.
367 2419 517 2454 Difficile
535 2429 583 2455 est
600 2421 747 2464 singulis
763 2421 924 2465 privatim
949 2421 1100 2456 retinere
1123 2422 1226 2455 fidem

247 2479 282 2506 et
296 2471 508 2515 agnitionem
532 2484 647 2504 veram
665 2472 752 2510 Dei,
784 2478 816 2505 et
842 2483 959 2515 regere
981 2484 1112 2514 mores,
1147 2485 1224 2506 cum

247 2530 342 2556 tanta
360 2521 405 2555 sit
424 2521 607 2554 infirmitas
625 2530 740 2556 nostra
753 2548 763 2563 ,
787 2529 857 2555 tam
875 2523 992 2556 variae
1015 2523 1146 2557 diaboli
1171 2524 1226 2556 in-

248 2573 375 2614 sidiae,
409 2571 497 2606 tanti
515 2572 649 2605 furores
667 2579 918 2617 tyrannorum,
952 2580 985 2607 et
1011 2581 1081 2608 tam
1106 2573 1226 2619 iniqua

247 2623 375 2658 iudicia
392 2623 588 2666 sapientum
607 2629 638 2656 et
654 2629 854 2667 potentum,
883 2631 915 2657 et
931 2624 995 2658 alia
1022 2633 1091 2659 tam
1118 2625 1225 2659 multa

804 66 926 101 PlllL.
956 64 1072 101 MEL.
1101 63 1308 100 SCfflPTA
1338 63 1638 100 EXEGETICA.

2167 67 2240 102 328

1259 150 1507 193 impedimenta
1538 148 1573 182 in
1610 147 1794 183 bominum
1831 151 2106 186 conversatione.
2173 151 2243 185 Sed

1260 202 1369 234 multo
1387 201 1497 234 maior
1514 200 1699 234 difficultas
1717 209 1767 234 est
1785 201 1820 233 in
1839 203 2093 244 gubernatione
2105 229 2113 242 ,
2131 203 2243 235 multo

1261 252 1359 295 plura
1379 251 1628 295 impedimenta
1646 263 1665 284 a
1683 259 1800 285 nostra
1819 252 2038 293 infirmitate,
2059 265 2076 285 a
2092 252 2246 293 diabolo,

1261 303 1304 335 ab
1328 302 1536 335 adversariis
1563 301 1761 341 doctrinae,
1785 300 1958 347 {tyrannis
1985 311 2016 337 et
2042 301 2247 351 hypocritis,

1261 366 1278 386 a
1298 353 1421 386 fucatis
1440 353 1577 393 amicis,
1611 353 1653 385 ab
1677 352 1777 386 aulis.
1841 351 2001 398 Denique
2023 354 2120 386 nulla
2147 365 2245 387 mens

1262 401 1415 445 humana
1440 402 1621 447 complecti
1645 403 1923 446 magnitudinem
1949 404 2182 447 periculorum
2213 410 2245 437 et

1263 465 1510 487 aerumnarum
1539 460 1669 498 potest,
1704 454 1832 498 quibus
1857 465 2068 486 exercemur.
2127 453 2166 486 ln
2191 452 2245 487 his

1263 505 1412 537 miseriis
1430 505 1620 547 cogitemus
1639 502 1821 537 Christum
1840 504 1951 537 lilium
1969 502 2035 537 Dei
2052 504 2156 536 vitem
2181 516 2245 537 no-

1265 562 1368 587 stram
1387 566 1476 595 esse,
1511 563 1541 588 et
1562 567 1625 587 nos
1649 553 1730 588 huic
1755 555 1815 588 viti
1842 555 1988 589 insertos
2014 566 2104 594 esse,
2139 566 2247 598 quare

1265 613 1455 639 statuamus
1473 613 1565 639 certo
1584 618 1647 638 nec
1663 606 1837 649 perituros
1856 617 1918 638 nos
1934 616 2024 645 esse,
2058 617 2120 639 nec
2147 605 2246 638 labo-

1267 668 1318 689 res
1335 663 1473 689 nostros
1498 657 1614 689 irritos
1640 657 1723 691 sore.
1775 655 1870 688 Haec
1894 656 2064 688 sententia
2090 662 2140 689 est
2163 656 2244 689 dicti

1268 707 1301 739 in
1323 714 1433 740 textu:
1463 707 1534 750 Qui
1553 714 1667 740 manet
1685 707 1720 739 in
1741 718 1814 747 me,
1843 713 1876 739 et
1893 718 1954 749 ego
1970 707 2005 739 in
2025 719 2084 747 eo,
2111 704 2168 739 hic
2189 718 2246 739 co-

1267 758 1402 800 piosum
1422 758 1574 791 fructum
1595 758 1688 790 seret.
1743 757 1836 789 Haec
1852 757 1941 790 dicta
1961 756 2046 790 fient
2069 757 2178 800 magis
2202 756 2244 789 il—

1267 808 1408 848 lustria‚
1445 821 1523 842 cum
1558 810 1600 841 ad
1637 820 1701 842 nos
1737 808 1970 841 consolandos
2004 807 2247 841 accommoda—

1266 859 1411 893 buntur.

1368 908 1464 941 Duae
1481 916 1594 942 autem
1621 909 1840 953 quaestiones
1864 906 1921 942 hic
1946 908 2132 952 agitantur.
2184 906 2248 942 Al-

1268 967 1339 991 tera
1355 971 1432 991 cum
1457 959 1556 992 dicit:
1592 958 1663 1000 Qui
1688 966 1805 993 manet
1828 960 1864 992 in
1889 972 1960 999 me,
1996 966 2027 992 et
2053 971 2115 1003 ego
2139 959 2177 991 in
2197 970 2250 992 eo.

1271 1009 1422 1041 Videtur
1446 1010 1684 1041 conditionem
1711 1010 1960 1052 impossibilem
1989 1011 2134 1050 addere,
2168 1008 2250 1054 quia

1270 1071 1373 1092 nemo
1398 1067 1446 1093 est
1475 1060 1550 1092 sine
1574 1067 1712 1102 peccato
1741 1067 1771 1092 et
1789 1060 1863 1093 sine
1886 1061 2062 1104 aliquibus
2085 1060 2251 1104 lapsibus.

1270 1109 1390 1143 Altera
1408 1111 1451 1143 de
1468 1110 1578 1143 dicto:
1595 1110 1678 1142 Sine
1696 1122 1750 1142 me
1766 1108 1858 1143 nihil
1875 1111 2016 1154 potestis
2032 1112 2154 1145 facere.
2179 1109 2252 1143 Cur

1272 1160 1372 1193 uobis
1410 1168 1591 1204 praerepta
1627 1162 1775 1198 dantur,
1815 1162 1841 1192 si
1879 1158 2031 1193 humana
2069 1160 2250 1203 diligentia

1273 1222 1412 1254 prorsus
1438 1211 1573 1243 inutilis
1597 1210 1670 1243 est?
1703 1209 1914 1253 Respondeo
1938 1211 1980 1242 de
2003 1211 2117 1253 priore
2140 1211 2250 1243 dicto:

1272 1261 1483 1294 Tenendum
1507 1269 1555 1294 est
1582 1261 1769 1293 discrimen
1796 1260 1898 1303 Legis
1921 1268 1952 1293 et
1977 1259 2179 1302 Evangelii,
2214 1272 2252 1293 ac

1272 1312 1362 1344 dicta
1388 1312 1501 1353 legum
1526 1318 1608 1344 sunt
1635 1311 1773 1344 inutilia
1804 1312 1877 1342 sine
1903 1311 2105 1354 Evangelio.
2159 1309 2254 1344 Haec

1273 1362 1378 1405 igitur
1402 1363 1491 1394 dicta
1515 1360 1648 1395 Christi
1675 1361 1917 1404 intelligantur
1945 1362 2041 1395 iuxta
2067 1360 2251 1404 Evangelii

1273 1413 1401 1445 lucem:
1430 1412 1468 1445 Si
1485 1413 1561 1457 quis
1577 1412 1691 1454 diligit
1709 1424 1782 1452 me,
1816 1423 2014 1444 sermonem
2038 1423 2153 1445 meum
2181 1423 2253 1444 ser—

1273 1463 1380 1495 vabit.
1432 1463 1536 1495 Item:
1564 1461 1633 1504 Qui
1651 1469 1767 1495 manet
1783 1463 1820 1494 in
1837 1474 1911 1503 me,
1939 1469 1971 1495 et
1987 1473 2048 1505 ego
2065 1462 2102 1494 in
2120 1474 2159 1495 eo
2173 1488 2182 1502 ,
2198 1459 2255 1495 hic

1274 1513 1454 1556 copiosum
1471 1513 1623 1546 fructum
1648 1513 1752 1553 seret,
1782 1513 1815 1545 id
1844 1520 1913 1552 est,
1946 1513 2006 1557 qni
2031 1512 2256 1559 amplectitur

1275 1563 1506 1606 Evangelium
1531 1564 1793 1606 incorruptum,
1830 1570 1863 1596 et
1887 1562 1956 1596 fide
1979 1563 2090 1606 placet
2113 1570 2255 1607 propter

1275 1613 1471 1654 Christum,
1500 1612 1593 1646 hunc
1609 1613 1829 1647 invocantem
1848 1614 2009 1647 exaudiet
2023 1612 2134 1654 Deus,
2160 1611 2256 1646 hunc

1277 1672 1369 1708 reget
1397 1672 1428 1698 et
1459 1665 1614 1704 iuvabit,
1647 1671 1685 1697 ut
1710 1664 1872 1697 salutaria
1896 1664 1963 1697 sibi
1989 1671 2020 1697 et
2043 1663 2120 1697 aliis
2135 1663 2254 1697 faciat:

1277 1723 1309 1749 et
1327 1727 1528 1760 quanquam
1546 1721 1626 1748 sunt
1644 1715 1753 1748 multa
1771 1722 1881 1748 errata
1905 1715 1940 1747 in
1966 1715 2056 1755 vita,
2089 1721 2122 1747 et
2145 1714 2255 1762 aliqui

1277 1767 1391 1799 tristes
1408 1766 1542 1809 lapsus,
1570 1773 1685 1799 tamen
1711 1762 1795 1797 haec
1820 1765 1910 1797 mala
1934 1766 2200 1804 condonantur,
2223 1771 2257 1798 et

1279 1823 1447 1850 sanantur
1464 1817 1500 1848 in
1520 1816 1607 1856 illis,
1635 1817 1695 1860 qui
1714 1816 1749 1847 in
1769 1827 1847 1847 vera
1866 1815 2080 1858 poenitentia
2097 1816 2139 1848 ad
2151 1813 2255 1849 Chri·

1279 1875 1370 1901 stum
1396 1878 1516 1899 rursus
1536 1866 1752 1908 confugiunt.
1805 1864 1938 1904 David,
1972 1863 2156 1906 Ezechias,
2191 1864 2256 1897 Pe-

1279 1926 1351 1951 trus
1367 1925 1445 1950 sunt
1466 1917 1595 1949 infirmi
1612 1914 1790 1953 homines,
1826 1913 1954 1948 habent
1973 1922 2125 1958 peccata,
2157 1927 2258 1959 saepe

1279 1975 1417 2007 errant,
1451 1974 1483 2000 et
1499 1967 1662 2000 accidunt
1680 1968 1729 1999 eis
1754 1966 1864 2009 aliqui
1887 1965 2004 2000 tristes
2027 1966 2161 2010 lapsus,
2197 1967 2255 1999 sed

1279 2027 1393 2051 tamen
1411 2017 1575 2051 salutaria
1593 2024 1700 2060 agunt
1718 2016 1782 2049 sibi
1798 2023 1830 2049 et
1852 2016 1949 2055 aliis,
1975 2023 2006 2049 et
2023 2016 2117 2050 Deus
2137 2029 2257 2055 eorum

1280 2070 1394 2112 lapsus
1413 2067 1566 2111 corrigit.
1594 2068 1651 2101 Sic
1669 2067 1886 2109 intelligatur
1905 2065 1987 2100 baec
1998 2059 2256 2110 regulaChrisfi

1280 2121 1373 2153 iuxta
1395 2119 1592 2153 doctrinam
1615 2117 1816 2161 Evangelii:
1852 2116 1923 2160 Qui
1940 2125 2057 2151 manet
2073 2117 2109 2150 in
2127 2130 2198 2158 me,
2225 2124 2258 2151 et

1280 2182 1340 2213 ego
1359 2170 1394 2202 in
1411 2181 1469 2211 eo,
1493 2167 1549 2202 hic
1565 2169 1743 2212 copiosum
1761 2168 1913 2201 fructum
1931 2169 2026 2203 feret.
2075 2166 2152 2200 Hoc
2168 2179 2255 2211 quo-

1279 2233 1346 2266 que
1361 2221 1509 2254 sciamus
1524 2227 1684 2252 mutuum
1708 2230 1767 2253 seu
1789 2219 2033 2252 correlativum
2059 2229 2147 2250 esse:
2182 2216 2256 2250 Do-

1279 2284 1341 2305 nec
1358 2283 1422 2305 nos
1438 2271 1473 2304 in
1489 2269 1630 2305 Christo
1647 2282 1848 2309 manemus,
1875 2269 1909 2301 id
1927 2275 1995 2307 est,
2019 2269 2129 2301 donec
2138 2266 2263 2301 Evam·

1279 2323 1407 2366 gelium
1425 2322 1669 2364 incorruptum
1685 2320 1947 2363 amplectimur,
1972 2325 2005 2352 et
2019 2319 2120 2351 fidem
2137 2330 2177 2352 ac
2193 2319 2256 2351 bo-

1279 2386 1358 2406 nam
1389 2371 1637 2406 conscientiam
1668 2368 1854 2411 habemus,
1893 2369 2046 2402 vicissim
2076 2369 2150 2403 sine
2185 2369 2255 2402 ulla

1278 2422 1497 2457 dubitatione
1512 2422 1672 2457 Christus
1688 2428 1804 2455 manet
1822 2421 1858 2453 in
1875 2421 1989 2456 nobis.

1378 2473 1431 2508 De
1444 2474 1550 2508 altera
1568 2472 1770 2517 quaestione
1787 2472 1852 2514 piis
1869 2471 1972 2504 etiam
1994 2477 2043 2504 est
2066 2470 2177 2504 facilis
2201 2480 2256 2502 re-

1279 2525 1431 2568 sponsio.
1493 2524 1531 2559 Si
1563 2524 1637 2558 sine
1665 2519 1795 2556 Christi
1831 2522 1961 2555 anxilio
1996 2519 2088 2554 nihil
2111 2521 2255 2565 agimuS,

1279 2576 1361 2620 quid
1381 2577 1521 2619 prodest
1536 2572 1688 2608 humana
1708 2572 1913 2616 diligentia?
1937 2572 2108 2606 Sumatur
2124 2584 2163 2605 ex
2183 2577 2254 2604 tex-

1277 2633 1314 2659 tu
1345 2627 1545 2671 responsio:
1580 2624 1737 2659 Primum
1767 2626 1874 2657 simus
1896 2623 1990 2657 insiti
2015 2623 2051 2656 in
2079 2623 2201 2662 vitem,
2236 2631 2255 2651 a
