2415 2942
275 97 369 132 1179

280 235 364 268 tiam
384 228 574 271 religionis.
628 223 694 257 llic
711 222 910 265 disputatur
929 220 971 252 de
987 218 1114 251 ritibus
1130 217 1167 249 in
1189 213 1260 249 Ec-

282 283 402 319 clesia,
429 281 472 312 de
491 277 615 311 ordine
631 275 767 308 dierum
787 279 819 304 et
838 270 1045 309 lectionum,
1071 275 1104 301 et
1122 268 1164 300 de
1181 266 1261 299 aliis

285 331 475 369 exercitiis,
502 340 546 361 an
564 327 631 359 sint
657 324 788 361 cultus,
815 333 859 354 an
877 321 947 353 sint
964 331 1017 352 res
1037 318 1263 356 necessariae,
1285 304 1289 363 1

277 192 315 217 ut
341 182 410 215 sint
436 185 639 219 congressus
664 169 822 210 honesti,
866 176 899 202 et
923 174 1070 211 augeant
1092 176 1256 199 reveren-
1279 170 1286 243 ι

881 83 1004 117 PHlL.
1029 79 1147 115 MEL.
1174 78 1380 116 SCRIPTA
1406 79 1704 117 EXEGETICA.

2199 81 2295 116 1180

1309 174 1498 201 aeternam.
1551 165 1753 211 Antequam
1777 167 1821 201 ad
1845 165 1940 201 hunc
1963 174 2089 202 statum
2112 167 2295 212 perveniat

1311 216 1486 262 Ecclesia,
1521 215 1635 250 adhuc
1659 215 1820 251 Christus
1839 218 2011 250 mediator
2024 216 2120 251 Deus
2138 224 2170 251 et
2187 215 2294 250 homo

1286 294 1287 301 ,
1314 275 1447 301 exercet
1480 274 1571 301 certa
1603 279 1707 311 opera
1740 268 1931 301 necessaria
1955 269 1996 300 ad
2023 268 2296 301 consummatio-

1315 331 1395 351 nem
1420 317 1616 359 Ecclesiae,
1659 318 1740 362 quia
1767 330 1904 362 semper
1928 318 2132 350 mediatoris
2154 318 2296 362 propria

286 396 329 418 an
355 393 436 414 vcro
459 378 595 412 ordinis
619 386 717 409 causa
742 380 877 406 tantum
910 371 985 404 sine
1017 370 1152 414 laqueis
1181 379 1266 400 con·
1288 366 1291 377 '
1316 381 1421 414 opera
1438 367 1522 402 haec
1548 375 1647 402 sunt:
1684 380 1755 401 esse
1773 380 1950 402 summum
1968 369 2210 408 Sacerdotem,
2237 370 2300 401 de—

288 433 450 468 scientiae
470 427 698 462 observanda.

289 484 372 518 alibi
395 482 476 516 satis
500 479 667 523 explicata
692 475 754 516 sit,
780 474 915 508 omitto.

656 598 790 651 Caput
830 595 930 636 XV.

1297 667 1300 679 ι

396 712 436 746 ln
460 709 527 744 hoc
553 707 662 751 capite
695 705 798 746 longa
825 707 857 734 et
881 698 1062 744 perspicua
1089 696 1276 729 confirma-
1299 716 1302 756 ἱ

295 767 343 800 tio
367 770 459 798 extat
478 759 617 795 articuli
638 758 679 789 de
702 752 956 788 resurrectione
975 755 1213 786 mortuorum,
1239 758 1278 778 ac
1300 763 1303 799 ἒ

296 816 463 850 inseritur
481 811 639 844 doctrina
657 808 698 839 de
716 805 794 838 aliis
813 801 1024 847 quibusdam
1043 798 1128 831 locis
1146 797 1279 840 gravis-
1301 804 1304 826 t

296 867 402 902 simis.
459 863 616 895 Primum
641 864 756 891 autem
782 851 839 886 hic
875 851 1067 888 miremur,
1107 855 1142 881 et
1172 834 1306 900 agno-l

302 927 437 951 scamus
464 910 735 945 imbecillitatem
762 903 948 937 Ecclesiae.
1004 899 1107 933 Tunc
1132 909 1306 943 quoque„

298 980 376 1003 cum
393 966 549 997 viverent
567 957 680 994 adhuc
697 956 817 993 multi,
846 953 908 998 qui
925 952 1084 985 viderant
1098 947 1278 983 Christum

298 1017 538 1053 resuscitatum
553 1038 560 1052 ,
599 1017 631 1043 et
655 1009 760 1046 alios,
793 1005 854 1050 qui
878 1012 962 1038 tunc
985 1000 1180 1035 resuscitati
1204 999 1280 1031 fue-

303 1075 400 1107 rant,
427 1065 485 1110 qui
512 1062 667 1096 sciebant
691 1058 820 1091 multos
842 1067 860 1088 a
884 1053 1026 1088 Christo
1051 1058 1084 1085 et
1102 1049 1282 1094 Apostolis

305 1117 529 1154 resuscitatos
548 1124 619 1146 esse
639 1125 645 1144 1
686 1116 803 1143 tamen
828 1113 924 1139 ortae
948 1110 1028 1136 sunt
1048 1101 1284 1135 dubitationes

303 1172 346 1205 de
387 1167 453 1201 hoc
500 1163 686 1209 praecipuo
731 1157 891 1192 articulo.
942 1153 1139 1187 Finxerunt
1172 1150 1284 1195 aliqui

304 1218 600 1266 praestigiatores,
635 1209 856 1252 allegoricam
887 1217 958 1239 esse
986 1202 1285 1237 resuscitationem

305 1277 544 1306 mortuorum,
571 1271 604 1297 et
626 1261 818 1305 significare
835 1255 1116 1290 emendationem
1135 1264 1286 1286 morum.

307 1322 351 1355 Et
386 1318 494 1363 aliqui
531 1317 747 1357 negaverunt
777 1307 983 1351 corporibus
1017 1304 1118 1337 reddi
1159 1303 1287 1341 vitam,

307 1370 442 1405 etiamsi
475 1364 682 1410 aliquandiu
705 1359 906 1404 superstites
929 1356 1116 1388 volitarent
1141 1354 1290 1393 animae,

309 1430 347 1455 nt
376 1419 483 1454 Stoici
505 1416 689 1449 docebant.
745 1408 867 1454 Aliqui
891 1405 1146 1450 Epicureorum
1171 1410 1203 1436 et
1225 1402 1288 1436 Sa-

312 1476 524 1506 ‹lucacorum
544 1465 692 1502 similes,
719 1464 900 1494 senserunt
918 1456 1022 1489 simul
1041 1454 1194 1497 extingui
1213 1465 1290 1486 cor-

312 1534 397 1567 pora
422 1527 454 1553 et
478 1517 629 1555 animas,
671 1520 703 1546 et
728 1523 791 1544 nec
813 1508 1014 1552 superstites
1047 1517 1118 1538 esse
1147 1504 1292 1545 animas,

313 1585 376 1606 nec
405 1568 541 1604 restitui
566 1566 673 1598 vitam
703 1560 921 1605 corporibus.

415 1626 578 1673 Opponit
597 1625 703 1668 igitur
722 1620 850 1654 Paulus
871 1616 924 1650 his
942 1614 1121 1648 furoribus
1138 1611 1294 1646 testimo-

313 1683 434 1721 nium,
462 1677 624 1710 videlicet
650 1670 941 1706 resurrectionem
969 1664 1122 1704 Christi,
1158 1670 1191 1696 et
1213 1674 1295 1694 nar-

316 1741 386 1770 rat,
427 1742 444 1763 a
471 1738 596 1770 magna
620 1721 848 1758 multitudine
875 1715 1054 1752 Christum
1078 1721 1157 1759 post
1181 1724 1297 1746 resur-

318 1783 508 1817 rectionem
540 1781 761 1820 conspectum
790 1782 873 1805 esse.
942 1766 1150 1801 Resurrexit
1183 1770 1298 1797 autem

321 1835 399 1867 ideo
418 1829 595 1867 Christus,
627 1833 665 1859 ut
685 1832 717 1858 et
741 1822 843 1855 nobis
861 1819 1026 1853 omnibus
1050 1822 1128 1861 post
1151 1821 1299 1848 mortem

321 1884 480 1918 restituat
496 1880 601 1912 vitam
622 1877 743 1910 eodem
761 1873 887 1912 modo,
907 1868 1084 1911 sicutipse
1102 1867 1139 1898 in
1157 1875 1302 1909 corpore

323 1933 466 1970 revixit,
493 1937 525 1963 et
548 1928 685 1962 aboleat
705 1930 866 1957 mortem.
918 1918 1014 1953 Haec
1037 1919 1075 1951 in
1099 1923 1196 1951 textu
1217 1915 1302 1949 satis

322 1984 504 2030 perspicue
528 1980 620 2013 dicta
645 1983 736 2010 sunt.

317 2074 390 2112 “'Or‘
431 2071 477 2107 ἄν
512 2066 669 2116 παραδῷ
702 2062 770 2110 τὴν
804 2056 996 2108 βασιλείαν
1029 2061 1083 2106 τῷ
1126 2057 1206 2104 θεῷ
1245 2054 1307 2092 καὶ

753 2110 877 2158 πατρί.

429 2191 564 2226 Mirum
589 2184 700 2218 videri
725 2187 855 2227 potest,
895 2189 1003 2223 quare
1025 2175 1156 2209 Paulus
1182 2176 1230 2210 ita
1255 2177 1310 2210 lo-

332 2253 476 2292 quatur,
503 2238 601 2285 quasi
621 2236 794 2269 discernat
809 2241 954 2273 regnum
965 2225 1099 2261 Christi
1113 2235 1145 2260 et
1164 2239 1309 2269 regnum

333 2295 458 2341 patris,
490 2301 567 2324 cum
584 2294 699 2321 tamen
717 2283 818 2317 toties
838 2281 991 2317 dicatur,
1016 2290 1163 2321 regnum
1180 2276 1313 2312 Christi

334 2358 404 2379 esse
428 2352 571 2385 rognum
599 2343 800 2372 aeternum,
828 2339 866 2365 ut
889 2330 1004 2363 Lucae
1026 2330 1057 2361 1.
1082 2329 1226 2362 dicitur:
1267 2327 1314 2363 Et

334 2395 432 2438 regni
452 2394 523 2424 eius
542 2401 612 2422 non
630 2387 695 2419 erit
711 2384 802 2418 finis.
852 2381 910 2415 Sic
928 2386 1041 2412 autem
1061 2377 1144 2412 haec
1163 2380 1314 2414 declaro.

440 2443 600 2481 Regnum
619 2437 726 2480 patris
743 2433 905 2467 nominat
921 2431 1020 2463 illum
1037 2436 1177 2468 statum,
1191 2430 1228 2463 in
1246 2442 1315 2475 quo

341 2499 408 2529 iam
427 2491 598 2533 comptvto
624 2495 696 2520 toto
721 2496 824 2528 opere
842 2480 974 2516 Christi
993 2479 1213 2520 mediatoris,
1240 2488 1317 2524 post

341 2541 660 2580 resuscitationem,
702 2547 817 2568 coram
859 2531 1056 2564 videbimus
1097 2531 1317 2564 divinitatem

344 2594 554 2629 imm-odiam,
583 2595 613 2620 et
631 2587 798 2619 diviuitas
815 2584 916 2617 nobis
936 2581 1135 2614 immediate
1152 2583 1319 2616 concedet

1297 682 1300 691 ·
1325 672 1572 705 obumbrando
1605 683 1681 711 eOS,

751 423 852 456 Hanc
869 422 1164 466 disputationem,
1189 429 1266 451 cum
1318 419 1450 463 precari
1495 432 1558 462 pro
1596 418 1776 457 Ecclesia,
1817 430 2024 452 conservare
2065 418 2299 451 ministerium

1318 469 1521 513 Evangelii,
1549 470 1632 502 dare
1653 468 1826 512 Spiritum
1847 476 2024 506 sanctum,
2053 469 2214 511 colligere
2233 466 2301 502 Ec-

1321 521 1458 554 clesiam
1484 531 1546 564 per
1571 518 1824 563 Evangehum,
1859 529 1891 553 et
1913 519 2017 552 simul
2042 519 2078 551 in
2100 518 2303 561 accipienti-

1322 572 1388 605 bus
1420 569 1651 613 Evangelium
1681 582 1752 603 esse
1784 570 1952 603 efficacem
1984 571 2101 602 dando
2130 569 2302 613 Spiritum

1324 628 1501 660 sanctum,
1538 621 1745 664 imputando
1790 620 1859 653 illis
1904 632 2000 653 suam
2043 620 2236 660 iusticiam,
2271 625 2305 651 et

1729 672 1811 703 item
1845 671 2027 714 eripiendo
2057 670 2236 703 credentes
2265 680 2306 702 ex

1326 729 1467 756 aeterna
1494 728 1623 760 morte,
1653 721 1735 755 item
1761 721 1970 765 depellendo
1995 721 2173 761 diabolos,
2207 731 2306 754 resu-

1328 773 1485 806 scitando
1526 779 1695 805 mortuos.
1756 771 1849 804 Haec
1887 771 1976 805 fiunt
2010 771 2207 804 immediate
2249 780 2310 813 per

1329 822 1425 856 hunc
1443 822 1668 855 mediatorem
1688 822 1818 862 filium,
1845 822 1980 855 etiamsi
1998 821 2103 855 simul
2126 826 2207 854 sunt
2233 819 2309 853 effi-

1331 885 1445 913 caces,
1485 879 1601 916 pater,
1642 872 1734 905 filius
1758 880 1790 905 et
1814 872 1966 916 Spiritus
1988 879 2147 912 sanctus,
2193 878 2309 904 tamen

1333 923 1422 957 actio
1447 923 1646 955 immediata
1669 929 1720 955 est
1748 921 1852 955 huius
1879 922 2098 963 mediatoris,
2135 921 2190 956 cui
2215 927 2313 963 pater

1331 973 1398 1008 hoc
1425 973 1493 1007 tale
1519 984 1665 1013 regnum
1693 973 1858 1012 tradidit,
1905 979 1944 1006 ut
1966 985 2027 1016 per
2050 973 2164 1016 ipsum
2189 971 2313 1004 imme-

1331 1025 1422 1058 diate
1443 1023 1491 1056 sic
1516 1023 1700 1065 colligatur
1723 1030 1756 1056 et
1783 1023 1935 1056 salvetur
1951 1021 2127 1060 Ecclesia,
2154 1028 2187 1055 et
2203 1021 2315 1054 addu-

1332 1082 1430 1109 catur
1448 1075 1491 1107 ad
1509 1074 1647 1113 Deum,
1677 1073 1776 1106 cuius
1794 1073 1870 1106 luce
1887 1080 2003 1117 postea
2029 1072 2230 1106 immediate
2255 1083 2315 1104 co-

1334 1138 1408 1159 ram
1437 1125 1586 1158 fruatur.

1438 1190 1532 1225 Haec
1543 1190 1795 1235 qualiscunque
1812 1190 2001 1224 declaratio
2020 1190 2172 1223 illustrat
2187 1188 2319 1221 doctri-

1337 1255 1418 1278 nam
1443 1243 1485 1275 de
1514 1252 1622 1283 regno
1646 1238 1796 1280 Christi,
1833 1247 1867 1274 et
1895 1241 2066 1281 ostendit,
2103 1239 2318 1272 voluntatem

1337 1294 1404 1328 Dei
1423 1305 1512 1333 esse,
1552 1298 1591 1325 ut
1615 1291 1699 1324 fides
1725 1291 1925 1324 immediate
1950 1291 2064 1335 ipsum
2093 1290 2320 1323 mediatorem

1339 1347 1519 1378 intueatur
1545 1349 1579 1375 et
1602 1339 1861 1385 apprehendat,
1893 1348 1927 1375 et
1951 1353 2012 1384 per
2039 1353 2118 1374 eum
2143 1340 2185 1373 ad
2211 1345 2322 1372 aeter-

1340 1407 1425 1428 num
1450 1400 1583 1437 patrem
1608 1392 1823 1432 adducatur,
1850 1392 1940 1425 sicut
1963 1392 2096 1436 inquit,
2127 1390 2223 1424 Ioan0
2243 1388 2321 1424 14.:

1340 1445 1451 1479 Nemo
1477 1443 1573 1476 venit
1597 1442 1639 1474 ad
1666 1449 1819 1485 patrem,
1855 1442 1923 1474 nisi
1946 1454 2008 1484 per
2029 1442 2152 1474 filium.
2206 1438 2258 1472 Ac
2284 1439 2322 1472 in

1342 1494 1540 1539 precatione
1565 1490 1655 1525 hanc
1679 1492 1874 1524 doctrinam
1899 1503 2137 1532 exerceamus,
2175 1490 2324 1523 sciamus

1344 1552 1485 1590 propter
1502 1543 1611 1575 filium
1630 1553 1694 1574 nos
1711 1542 1818 1585 recipi
1836 1549 1869 1575 et
1885 1542 2061 1581 exaudiri,
2085 1548 2117 1574 et
2134 1552 2194 1584 per
2211 1540 2324 1582 ipsum

1346 1595 1443 1640 quasi
1467 1593 1593 1626 adduci
1617 1592 1661 1624 ad
1685 1599 1839 1636 patrem,
1881 1598 1914 1624 et
1947 1591 2126 1635 deprecari
2157 1601 2235 1623 eum
2262 1600 2325 1633 pro

1347 1645 1469 1685 nobis,
1497 1651 1529 1677 et
1553 1643 1602 1675 sic
1619 1642 1725 1675 simul
1746 1650 1878 1685 patrem
1905 1648 1938 1675 et
1960 1642 2070 1675 filium
2093 1641 2224 1685 spirare
2243 1639 2326 1683 Spi-

1349 1697 1455 1730 ritum
1488 1700 1647 1727 sanctum
1678 1692 1715 1724 in
1748 1693 1852 1726 corda
1882 1699 2024 1731 nostra,
2063 1692 2153 1725 sicut
2183 1691 2329 1723 dicitur:

1350 1746 1544 1779 veniemus
1570 1744 1612 1777 ad
1639 1754 1737 1784 eum,
1759 1749 1791 1776 et
1816 1743 2035 1776 mansionem
2060 1743 2152 1786 apud
2179 1752 2257 1774 eum
2280 1741 2332 1785 fa-

1353 1807 1496 1831 ciemus.

1456 1862 1529 1896 Iam
1552 1860 1818 1895 considerentur
1836 1866 1869 1894 et
1886 1866 2040 1893 veterum
2061 1857 2334 1903 promissionum

1356 1915 1465 1949 dicta:
1508 1912 1635 1946 Semen
1656 1910 1813 1944 mulieris
1844 1917 2000 1944 conteret
2023 1917 2127 1954 caput
2150 1909 2333 1952 serpentis.

1359 1966 1465 1999 Item:
1494 1962 1537 1996 In
1559 1962 1691 1996 semine
1714 1968 1775 1995 tuo
1792 1961 2043 1994 benedicentur
2066 1970 2188 1993 omnes
2206 1966 2337 2001 gentes.

1360 2016 1466 2050 Item:
1494 2013 1668 2047 Parvulus
1690 2012 1790 2045 datus
1813 2018 1862 2045 est
1881 2012 2002 2052 nobis,
2029 2017 2125 2056 pater
2149 2009 2260 2043 futuri
2284 2021 2338 2043 se-

1360 2066 1430 2100 culi
1454 2071 1517 2098 etc.
1578 2064 1637 2097 An
1669 2074 1742 2096 non
1769 2069 1841 2096 tota
1870 2061 2037 2096 divinitas
2064 2060 2213 2094 conterit
2239 2067 2342 2104 caput

1362 2115 1548 2160 serpentis,
1575 2120 1608 2147 et
1621 2113 1797 2146 benedicit
1813 2112 1940 2145 nobis?
1989 2111 2218 2155 Respondeo:
2244 2109 2338 2144 Tex-

1362 2175 1418 2202 tus
1443 2175 1600 2208 expresse
1625 2164 1749 2197 dicunt
1773 2164 1816 2196 de
1840 2162 1971 2196 semine
2001 2162 2178 2203 mulieris,
2214 2161 2257 2194 de
2286 2173 2341 2195 se-

1362 2217 1458 2251 miue
1475 2212 1660 2254 Abrahae,
1686 2215 1729 2247 de
1744 2214 1890 2258 parvulo
1906 2220 1988 2247 nato
2005 2225 2045 2247 ex
2063 2211 2213 2255 virgine.

1467 2281 1679 2326 Quanquam
1704 2281 1811 2325 igitur
1836 2287 1908 2315 tota
1933 2280 2099 2314 divinitas
2121 2283 2269 2318 conterit
2286 2295 2343 2318 ca-

1366 2340 1428 2380 put
1451 2332 1638 2377 serpentis,
1663 2338 1780 2365 tamen
1799 2331 1835 2365 id
1856 2331 1894 2364 fit
1910 2330 2110 2365 immediate
2131 2347 2190 2378 per
2207 2334 2343 2367 media..

1367 2393 1498 2422 torem,
1526 2389 1558 2416 et
1577 2382 1740 2416 meritum
1756 2388 1806 2415 est
1821 2381 2003 2425 proprium
2026 2383 2246 2426 mediatoris,
2273 2398 2342 2430 quo

1367 2434 1488 2470 satisfit
1513 2433 1670 2467 iusticiae
1695 2431 1772 2468 Dei.
1823 2431 1961 2465 Deinde
1985 2438 2017 2465 et
2044 2432 2115 2476 ipsa
2138 2435 2249 2474 actio,
2276 2448 2344 2479 qua

1369 2485 1547 2527 colligitur
1563 2483 1716 2517 Ecclesia
1734 2493 1796 2527 per
1811 2481 2066 2523 ministerium,
2103 2492 2135 2520 et
2152 2487 2345 2520 sanctifica-

1370 2543 1428 2570 tur
1451 2536 1532 2568 dato
1556 2533 1692 2578 Spiritu
1720 2540 1858 2573 sancto,
1891 2538 1925 2565 et
1945 2532 2146 2577 eripiuntur
2169 2537 2278 2570 sancti
2305 2548 2346 2570 ex

1371 2593 1510 2620 aeterna
1539 2591 1669 2625 morte,
1714 2590 1765 2617 est
1788 2582 1988 2616 immediate
2014 2594 2100 2627 opus
2128 2587 2209 2627 filii,
2259 2587 2347 2620 sicut

344 2658 439 2680 sum„
469 2644 599 2679 lucem,
638 2635 863 2680 sapientiam,
897 2632 1071 2666 iusticiam
1097 2640 1128 2666 et
1153 2632 1319 2666 laetitiam
1342 2667 1347 2679 ,
1371 2647 1527 2681 expresse
1553 2635 1699 2676 dicitur,
1732 2630 1855 2669 Iohan.
1874 2631 1950 2668 17.:
1985 2632 2122 2669 Dedisti
2145 2637 2177 2670 ei
2195 2644 2344 2682 potesta-
