2415 2942
280 106 369 142 ll-li

278 190 553 226 consolationem
570 215 577 228 ,
621 186 808 220 videlicet:
852 184 934 218 Noli
960 185 1082 218 timere
1106 182 1260 220 Abram,
1286 191 1291 241 g

280 256 342 285 ego
362 248 535 286 protector
552 245 643 273 tnuS.
701 237 774 279 lpse
800 248 881 268 vcro
906 247 1026 268 sensus
1046 234 1260 268 consolatio·
1289 275 1290 290 χ

282 295 356 332 nis,
397 302 499 336 quem
535 288 693 322 accendit
724 287 879 330 Spiritus
913 293 1052 319 sanctus
1087 287 1123 318 in
1157 285 1290 318 cordex

280 340 461 378 Abraham
490 339 671 378 credenti,
718 345 750 370 et
783 344 832 370 est
863 338 922 370 lux
957 343 989 369 ct
1023 337 1153 370 laetitia
1190 346 1262 367 non

284 396 400 437 ignota
423 392 508 436 piis,
535 398 584 423 est
608 388 673 422 lioc
697 388 896 432 speculum,
925 399 985 431 per
1006 388 1099 432 quod
1120 387 1263 419 intuen-
1289 404 1292 419 χ

283 453 341 478 tur
352 443 460 477 Deum
481 442 515 474 in
536 442 597 474 illo
615 441 719 472 verbo
739 450 796 472 seu
816 439 1010 481 aenigmate
1028 450 1062 471 se
1078 438 1266 470 ostenden·
1290 435 1293 446 ”

285 504 367 529 tem.
425 492 472 525 lta
498 500 529 525 et
555 493 589 526 2.
607 487 770 524 Corinth.
793 489 827 523 3.
856 490 1003 523 dicitur:
1041 488 1265 532 Speculantes

286 545 434 591 gloriam
451 542 617 579 Domini,
646 542 681 573 id
708 547 777 579 est,
805 542 980 573 intuentes
1005 539 1117 572 Deum
1144 539 1178 569 in
1207 536 1265 568 illa
1292 533 1294 565 ζ

287 598 386 635 luce,
429 601 461 627 et
497 592 737 625 consolatione
767 603 909 623 accensa
945 602 1005 634 per
1035 588 1269 632 Evangelium

285 654 316 680 et
341 657 401 690 per
423 644 595 688 Spiritum
623 649 790 675 sanctum.

386 703 453 737 Sed
479 701 562 736 haec
581 702 710 735 noticia
737 700 894 732 nondum
925 700 1010 731 adeo
1038 697 1186 732 illustris
1208 702 1267 735 est,
1293 690 1296 700 ⁴

286 763 324 789 ut
351 754 513 788 intuitiva
542 753 578 785 in
604 751 741 784 coelesti
773 750 1046 787 cousuetudine,
1083 760 1186 793 quam
1213 745 1270 778 bie

287 806 446 839 nominat
468 804 594 836 Videre
618 802 704 835 facie
729 803 771 834 ad
799 801 939 840 faciem,
985 801 1018 833 id
1039 807 1107 840 est,
1151 809 1269 832 coram

287 858 362 890 sine
385 855 533 898 caligine
562 853 620 885 illa
645 863 785 885 cernere
804 850 869 884 Dei
893 851 1124 884 substantiam
1149 856 1181 882 et
1208 860 1269 881 vo-

289 908 481 946 luntatem,
509 911 541 938 et
560 904 596 936 in
615 915 654 936 eo
675 914 793 936 causas
819 902 1024 935 divinorum
1052 912 1210 946 operum.

281 1000 376 1045 Ἄρτι
399 994 572 1046 γινώσκω
597 996 634 1030 ἐκ
655 993 808 1040 μίμους,
843 990 923 1028 τότε
947 991 986 1028 δὲ
1009 989 1273 1041 ἐπιγνώσομαι,

516 1045 646 1085 καθώς
669 1044 730 1080 καὶ
757 1042 1013 1092 ἐπεγνώσθην.

388 1124 497 1159 Recte
530 1135 613 1157 usus
647 1129 695 1155 est
731 1122 836 1154 verbo
873 1117 1145 1167 Smyrcriooftffl,
1190 1118 1272 1163 quia
1300 1135 1301 1156 t

290 1176 457 1220 significat
483 1187 556 1208 rem
581 1180 680 1207 antea
706 1180 884 1217 utcunque
910 1179 1028 1205 notam
1059 1183 1119 1203 seu
1143 1170 1271 1212 cogita·
1299 1192 1301 1206 .

290 1236 381 1268 tam,
422 1239 499 1260 cum
527 1232 642 1270 postea
675 1225 769 1256 venit
802 1224 836 1255 in
863 1230 1104 1266 conspectum,
1148 1233 1187 1253 ex
1215 1220 1273 1252 illa

889 99 1011 133 PlllL.
1036 97 1154 132 MEL.
1182 95 1387 134 SCRIPTA
1414 95 1712 133 ExEGETtCA.

1288 245 1290 268 ;
1315 247 1368 268 res
1387 241 1418 268 et
1435 235 1646 278 praecedens
1664 241 1714 268 est
1735 236 1899 278 cognitio,

292 1279 408 1322 priore
433 1276 668 1322 qualicunque
693 1275 768 1306 idea
788 1281 880 1307 certo
900 1284 1124 1315 cognoscere,
1151 1272 1184 1303 id
1204 1270 1273 1303 La-

292 1329 357 1363 tini
386 1328 571 1360 nominant
602 1328 810 1368 Agnoscere.
875 1323 977 1356 Nunc
1008 1329 1186 1366 utcunque
1210 1322 1273 1353 ob-

292 1391 391 1412 scure
415 1378 625 1420 cogitamus,
653 1376 737 1420 quid
763 1375 807 1407 sit
832 1373 944 1414 Deus,
973 1374 1056 1417 quid
1085 1374 1127 1405 sit
1147 1373 1274 1410 anima,

293 1430 349 1463 sed
372 1436 488 1473 postea
506 1427 632 1461 clarius
650 1438 728 1459 eum
747 1435 1016 1467 cognoscemus,
1036 1430 1066 1455 et
1083 1433 1275 1465 congruere

293 1481 431 1514 eumad
453 1479 603 1523 priorem
622 1476 867 1518 cogitationem
893 1475 1141 1515 intelligemus.
1196 1472 1276 1505 Mo-

294 1538 353 1564 net
379 1537 493 1563 autem
520 1529 621 1561 valde
644 1526 862 1571 perspicuam
886 1525 1052 1558 noticiam
1076 1524 1167 1561 sore,
1195 1522 1276 1567 quia
1302 1547 1304 1561 ,

293 1582 372 1615 talis
396 1581 478 1618 erit,
509 1579 623 1624 qualis
647 1585 695 1610 est
718 1577 753 1609 in
776 1576 846 1610 Deo
867 1587 929 1607 nos
954 1575 1131 1614 intuente,
1162 1574 1195 1605 id
1215 1579 1277 1612 est,

295 1633 386 1666 clara
404 1638 436 1664 et
457 1637 547 1663 certa
568 1630 643 1662 sine
665 1628 733 1661 ulla
753 1627 901 1670 caligine
920 1633 950 1659 et
969 1625 1206 1667 ambiguitate.

395 1688 579 1724 Caeterum.
605 1700 643 1720 ex
668 1684 827 1719 hocloco
851 1686 955 1718 etiam
979 1682 1061 1717 haec
1085 1682 1278 1716 consolatio

297 1741 466 1775 sumenda
490 1746 538 1773 est
564 1739 599 1771 in
631 1737 855 1771 invocatione
880 1736 916 1768 in
944 1734 1006 1768 bac
1034 1735 1115 1768 vita.
1168 1732 1278 1767 Dole-

297 1803 395 1832 mus,
432 1792 525 1836 quod
552 1802 624 1822 non
650 1789 777 1820 clarius
800 1788 975 1820 cernimus
999 1786 1135 1822 Deum,
1176 1792 1208 1817 et
1241 1784 1278 1815 in
1304 1796 1305 1806 ¹

299 1842 519 1875 invocatione
543 1841 694 1873 libenter
709 1839 805 1884 quasi
829 1839 1009 1880 complecti
1030 1848 1107 1868 eum
1127 1832 1279 1868 brachiis
1304 1861 1306 1869 ,

298 1893 480 1926 vellemus.

300 1943 509 1986 cogitatione
543 1942 702 1975 intuente
732 1938 844 1973 Deum
877 1940 913 1971 in
942 1939 1048 1971 verbo
1074 1944 1107 1970 et
1131 1937 1206 1969 eius
1230 1943 1280 1969 te-
1304 1942 1306 1974 t

543 1890 612 1924 sed
640 1901 747 1922 ⁵¹m¹¹⁵
773 1895 926 1921 ⁰⁰¹¹¹e¹¹¹¹
955 1885 1017 1920 ¹¹³⁰
1043 1887 1280 1932 q¹¹³¹l¹⁰¹¹nque
1303 1905 1307 1938 l
1334 1901 1419 1942 Dei,
1460 1913 1521 1934 nec
1552 1913 1717 1945 quaerere
1744 1902 1830 1935 alias
1861 1902 2151 1936 illuminationes.

300 1994 493 2033 stimoniis,
534 1992 627 2025 iuxta
656 1992 714 2024 illa
748 1991 856 2023 dicta:
892 1989 989 2022 Beati
1023 1989 1082 2033 qui
1113 1989 1278 2026 credunt,

301 2057 379 2079 cum
405 2056 476 2077 non
503 2043 667 2076 viderint.
725 2041 829 2075 ltem:
867 2040 1045 2073 Iustificati
1071 2040 1136 2071 side
1161 2049 1279 2082 pacem

302 2094 481 2128 habemus.
534 2093 702 2126 Nondum
720 2092 826 2134 fulget
845 2092 880 2123 iu
902 2092 1002 2123 nobis
1024 2090 1189 2123 intuitiva
1217 2100 1281 2120 no-

303 2197 383 2231 licet
407 2196 442 2229 in
467 2195 585 2229 verbo.

404 2287 500 2323 Nm'i
529 2286 566 2323 δὲ
596 2285 692 2331 Ιιιέιέι
723 2284 857 2324 πίστις,
897 2283 1013 2327 ἐλπὶς,
1044 2280 1183 2331 ἀγάπη.

406 2363 506 2396 Hanc
531 2363 638 2405 ipsam
664 2361 938 2394 consolationem
961 2359 1123 2402 proponit
1145 2357 1285 2396 Paulus,
1309 2377 1311 2391 t

307 2416 342 2447 in
364 2411 428 2447 bac
448 2415 515 2445 vita
538 2414 631 2446 iubet
655 2411 918 2454 adprehendere
936 2410 1049 2444 Deum
1077 2409 1141 2442 side
1160 2416 1192 2441 et
1216 2420 1284 2451 spe.
1310 2424 1311 2437 1

307 2466 489 2499 (faeta-rum
509 2476 546 2495 ex
577 2461 734 2496 hocloco
758 2470 869 2496 sumta
889 2470 935 2494 cst
957 2462 1080 2494 usitata
1101 2471 1284 2492 enumera-

306 2517 354 2549 tio
379 2515 484 2548 trium
517 2516 704 2554 virtutum,
745 2526 833 2558 quae
864 2513 1094 2546 nominantur
1127 2507 1312 2557 ’Πιεοίο-ι

306 2567 412 2608 gicae.
474 2563 545 2597 Mc
588 2565 798 2597 inconcinna
836 2571 885 2597 est
924 2561 1160 2596 enumeratio:
1203 2572 1282 2592 nam

306 2618 452 2649 xii-tutes
483 2615 570 2647 aliae
606 2615 735 2647 multae
766 2615 802 2647 in
835 2612 919 2648 baec
955 2614 1110 2646 membra
1151 2611 1282 2644 includi

307 2672 462 2711 possunt.

2209 100 2304 135 1148

1417 183 1458 217 In
1479 194 1689 229 quacunque
1716 185 1979 220 enumeratione
1998 186 2168 220 virtutum
2191 186 2303 230 prima

1954 237 2046 279 Quia
2073 238 2181 280 ignoti
2208 237 2305 270 nulla

1315 286 1456 329 cupido.
1515 284 1595 317 Ideo
1623 291 1655 317 et
1681 286 1836 328 primum
1873 295 2093 330 praeceptum
2129 289 2172 321 ab
2205 288 2304 330 agni-

1290 340 1291 371 ]
1316 337 1412 370 tione
1435 334 1498 368 Dei
1525 336 1682 368 orditur:
1711 335 1781 379 Ego
1799 348 1875 369 snm
1903 338 2077 370 Dominus
2100 337 2194 370 Deus
2214 345 2304 377 tuus,

1317 389 1375 432 qui
1402 393 1434 419 te
1459 386 1563 418 eduxi
1587 387 1629 418 de
1656 393 1745 419 terra
1777 388 1938 432 Aegypti.
1984 387 2142 420 Primum
2169 389 2215 420 ibi
2240 400 2305 420 no-

1318 438 1474 470 minatur
1491 435 1603 476 Deus,
1630 443 1660 469 et
1680 437 1892 470 discernitur
1911 439 1954 470 ab
1980 439 2146 470 omnibus
2172 445 2307 471 creatu-

1319 488 1365 521 ris
1388 495 1420 520 et
1450 488 1700 520 commentitiis
1731 489 1951 521 numinibus.
2008 488 2056 521 lta
2090 489 2225 521 erudite
2251 486 2308 522 bic

1319 540 1365 572 ait
1385 538 1524 576 PauluS,
1544 539 1772 571 necessariam
1794 540 1956 572 virtutem
1977 551 2048 572 esse
2068 540 2182 575 tidem,
2207 539 2304 572 vide-

1320 589 1396 621 licet
1415 590 1668 631 cognitionem,
1688 597 1719 622 et
1737 590 1877 633 quidem
1895 590 1997 622 talem
2012 617 2019 627 ,
2046 602 2132 634 quae
2150 590 2193 622 sit
2209 590 2305 628 fides,

1320 640 1353 671 id
1378 646 1446 678 est,
1481 639 1650 678 assensio,
1694 653 1759 683 qua
1795 641 1937 672 vei-bum
1972 641 2034 674 Dei
2063 641 2306 683 amplectimur

1321 691 1363 722 de
1388 691 1492 722 rebus
1520 701 1590 721 non
1619 689 1883 724 incurrentibus
1911 691 1944 723 in
1976 703 2136 732 sensum,
2169 702 2232 723 nec
2253 702 2310 723 ra-

1322 741 1417 774 tione
1443 738 1678 783 deprehensis.

1425 790 1518 823 llaec
1546 791 1698 832 cognitio
1724 799 1784 826 aut
1814 799 1862 825 est
1891 790 2079 831 historiae,
2112 798 2171 826 aut
2194 791 2310 833 legum

1323 848 1356 874 et
1396 841 1734 885 comminationum,
1781 851 1840 877 aut
1881 843 2169 886 promissionum.
2223 841 2311 876 Cum

1324 905 1403 925 vera
1435 892 1642 924 adsensione
1677 892 1764 933 leges
1800 901 1828 926 et
1856 893 2147 927 comminationes
2179 892 2312 940 ample-

1325 944 1469 982 ctimur,
1514 943 1626 975 oritur
1662 943 1777 975 timor.
1846 943 1933 976 Cum
1960 951 2074 977 autem
2107 943 2312 986 promissio-

1299 1004 1300 1027 ]
1326 1005 1386 1026 nes
1420 992 1684 1036 amplectimur,
1726 994 1840 1026 oritur
1871 994 1998 1027 fiducia
2023 995 2246 1038 acquiescens
2275 993 2311 1026 in

1299 1056 1300 1059 ’
1325 1043 1419 1083 Deo,

1461 1051 1493 1076 et
1518 1043 1697 1076 vivificans
1725 1046 1840 1079 coi-da.
1902 1044 1996 1077 Haec
2029 1045 2141 1077 virtus
2172 1043 2312 1088 proprie

1330 1095 1534 1127 nominatur
1546 1093 1668 1133 Fides,
1696 1095 1775 1138 qnia
1794 1102 1875 1127 tunc
1895 1096 2034 1127 demum
2055 1095 2250 1127 accedimus
2268 1094 2311 1127 ad

1328 1145 1460 1185 Deum,
1487 1156 1564 1177 cum
1592 1142 1809 1188 apprehensa
1836 1154 1881 1177 est
1906 1146 2142 1178 misericordia
2169 1152 2312 1188 propter

1326 1197 1436 1229 filium
1468 1195 1647 1239 promissa.
1701 1195 1752 1228 De
1785 1194 1847 1228 bac
1873 1197 1939 1228 fide
1964 1197 2094 1229 dicitur
2125 1198 2166 1228 ad
2193 1193 2313 1238 Ephe-

1326 1248 1396 1280 sios
1414 1247 1463 1279 3.:
1490 1245 1557 1278 Per
1575 1258 1677 1290 quem
1697 1243 1865 1279 habemus
1883 1247 2042 1279 fiduciam
2056 1274 2064 1287 ‚
2093 1254 2126 1279 et
2144 1247 2313 1279 audemus

1327 1298 1488 1330 accedere
1524 1308 1585 1339 per
1619 1297 1721 1328 fidem
1760 1297 1845 1330 eius.
1908 1296 2162 1341 Complectitur
2195 1303 2313 1330 autem

1328 1346 1412 1380 baec
1439 1347 1522 1379 fides
1539 1359 1660 1379 omnes
1684 1347 1849 1380 articulos
1871 1347 1970 1387 fidei,
1998 1360 2060 1381 nec
2086 1355 2222 1381 tantum
2247 1358 2314 1379 no-

1301 1417 1302 1424 1
1328 1398 1406 1430 tii-ia
1435 1404 1502 1436 est,
1536 1399 1594 1428 sed
1620 1404 1670 1430 est
1695 1397 1841 1436 fiducia,
1879 1410 1945 1442 qua
1972 1410 2032 1431 cor
2062 1397 2248 1442 acquiescit
2273 1397 2311 1429 in

1329 1449 1400 1480 filio
1417 1446 1502 1486 Dei,
1531 1453 1562 1479 et
1590 1447 1625 1479 in
1644 1447 1736 1485 Deo,
1766 1448 1858 1480 iuxta
1884 1448 2166 1491 promissionem.

2220 1446 2312 1489 Quia

1302 1509 1303 1522 ³
1329 1498 1464 1530 cumin
1490 1498 1580 1529 veris
1602 1498 1791 1539 pavoribus
1815 1499 2020 1538 articulum,
2048 1497 2162 1531 Credo
2190 1497 2313 1530 remis-

1331 1549 1464 1580 sionem
1492 1554 1730 1590 peoeatorum,
1759 1549 1804 1581 ita
1828 1549 2065 1591 amplecteris,
2100 1556 2137 1582 ut
2161 1550 2203 1580 de
2226 1559 2315 1592 quo-

1332 1611 1398 1643 que
1426 1598 1586 1630 includas
1617 1597 1653 1630 in
1688 1599 1956 1640 promissionem
1987 1599 2245 1645 unixsersalem‚
2283 1604 2317 1631 et

1304 1679 1305 1683 ,
1331 1656 1461 1682 statuas
1488 1648 1551 1680 tibi
1579 1648 1710 1680 remitti
1739 1657 1897 1692 peccata,
1942 1649 2175 1682 certissimum
2203 1654 2253 1681 est
2277 1647 2315 1680 in

1332 1700 1436 1732 corde
1469 1698 1565 1743 sequi
1595 1699 1756 1731 fiduciam
1782 1707 1813 1733 et
1846 1700 2012 1733 laetitiam
2039 1699 2315 1743 acquiescentem

1333 1750 1370 1784 in
1388 1750 1480 1790 Deo,
1508 1756 1545 1782 ut
1561 1749 1769 1791 experientia
1791 1751 1825 1782 in
1845 1763 1924 1782 vera
1943 1750 2181 1783 consolatione
2197 1755 2316 1782 osten-

1304 1825 1305 1842 3
1334 1802 1402 1842 dit,
1430 1800 1466 1832 in
1483 1812 1550 1844 qna
1568 1807 1656 1832 recte
1675 1800 1859 1840 discimus,
1876 1801 1959 1846 quid
1979 1801 2023 1834 sit
2042 1801 2144 1840 fides,
2160 1807 2192 1832 et
2209 1799 2315 1832 simul

1333 1851 1566 1890 agnoscimus,
1583 1857 1743 1893 oportere
1760 1863 1823 1883 nos
1838 1852 1905 1884 fide
1923 1852 2138 1895 acquiescere
2156 1851 2192 1883 in
2208 1851 2316 1883 verbo

2216 1900 2318 1933 Hanc

1334 1952 1612 1986 admonitionem
1640 1953 1867 1986 necessariam
1897 1964 1988 1993 esse,
2038 1953 2141 1986 etiam
2165 1951 2317 1985 ostendit

1334 2003 1558 2048 experientia,

1435 2053 1520 2096 Spes
1537 2059 1586 2086 est
1604 2052 1794 2096 expectatio
1813 2052 1902 2085 vitae
1920 2059 2081 2086 aeternae
2097 2059 2187 2086 certa
2199 2079 2208 2093 ‚
2233 2064 2318 2096 pro-

1307 2135 1309 2138 .
1336 2111 1410 2149 pter
1425 2104 1536 2137 filium
1555 2102 1641 2144 Dei,
1668 2104 1761 2137 iuxta
1781 2103 2050 2146 promissionem
2070 2104 2105 2136 in
2126 2101 2317 2146 Evangelio

302 2147 399 2186 fidas
426 2146 483 2178 sed
510 2145 769 2189 a“vste-“camus
788 2144 853 2175 *³¹¹⁸
882 2154 918 2174 ¹¹¹
938 2148 1151 2184 3²¹¹¹gm³¹¹e’
1184 2140 1283 2171 nde·
1307 2142 1309 2187 1
1336 2167 1551 2198 expressam,
1577 2161 1608 2187 et
1634 2161 1682 2187 est
1709 2154 1901 2198 expectatio
1931 2154 2162 2197 mitigationis
2185 2165 2317 2196 poena-
2355 2152 2361 2156 ’

1337 2218 1413 2239 rum
1430 2217 1489 2238 seu
1508 2205 1741 2237 calamitatum
1760 2205 1796 2237 in
1815 2202 1878 2237 hac
1898 2205 1987 2246 vita,
2008 2205 2102 2238 iuxta
2129 2204 2316 2237 consilium
2345 2235 2349 2238 c

1337 2256 1413 2289 Dei.
1467 2254 1555 2289 Cum
1581 2262 1693 2288 autem
1713 2255 1833 2288 dicant
1855 2255 2044 2288 adversarii
2065 2267 2164 2287 verae
2186 2254 2318 2288 doctri-

1337 2319 1422 2347 nae,
1466 2318 1538 2339 non
1565 2306 1693 2339 servari
1718 2319 1735 2338 a
1764 2306 1866 2339 nobis
1898 2305 2101 2339 discrimina
2135 2305 2317 2345 virtutum,

1336 2358 1413 2390 fidei
1440 2364 1471 2390 et
1497 2357 1587 2401 spei,
1621 2356 1753 2390 moneri
1774 2356 1929 2389 iuniores
1949 2358 1991 2389 de
2015 2368 2095 2389 vera
2119 2355 2316 2389 differentia

1336 2420 1474 2441 necesse
1498 2415 1556 2443 est.
1618 2406 1722 2439 Fides
1745 2407 1871 2451 accipit
1904 2419 2063 2450 praesens
2095 2407 2316 2446 beneficium,

1336 2459 1463 2492 scilicet
1486 2458 1728 2491 remissionem
1753 2463 1973 2501 peccatorum
2003 2465 2033 2490 et
2060 2457 2313 2490 reconciliatio-

1336 2522 1434 2549 nem,
1470 2517 1507 2542 ut
1525 2508 1757 2541 certissimum
1775 2514 1824 2540 est
1842 2519 1879 2540 ex
1897 2508 2009 2540 dicto:
2049 2507 2226 2540 lustificati
2249 2507 2315 2539 fide

1336 2572 1452 2603 pacem
1479 2557 1659 2594 habemns
1713 2557 1761 2591 At
1785 2569 1863 2605 spes
1890 2559 2043 2592 suturam
2073 2558 2314 2592 liberationem

1336 2611 1515 2651 intuetur,
1561 2616 1594 2643 et
1626 2614 1793 2653 expectat.
1862 2607 1957 2642 Ilaec
1992 2609 2151 2643 doctrina
2182 2607 2314 2652 perspi-

1335 2673 1395 2694 cua
1423 2669 1483 2696 est.
