2415 2942
301 108 392 144 1087

297 208 357 239 per
376 195 467 227 enim
486 193 592 224 inulta
612 198 691 224 sunt
715 190 897 233 coniugia,
926 191 961 222 in
989 190 1118 234 quibus
1140 191 1182 223 de
1206 188 1281 224 Deo

300 255 331 279 ct
352 258 392 277 ue
413 243 633 276 inxocatione
653 243 887 275 dissensiones
906 247 998 275 sunt.

403 317 504 350 Extat
533 324 649 349 :tutem
673 317 728 349 lex
746 313 942 349 Theodosii
961 315 997 346 in
1019 313 1165 353 Codice,
1192 327 1281 359 quae

303 369 375 401 fieri
396 368 545 400 ‹lixortixt
566 368 745 410 concedit,
774 379 845 399 non
865 372 1000 399 tantum
1018 372 1161 409 propter
1183 366 1285 398 adul-

302 420 388 452 teria
407 426 438 451 et
457 418 710 456 desertionem,
733 418 792 450 sed
816 418 919 450 etiam
939 424 1080 459 propter
1104 416 1283 448 saevitiam

302 479 334 502 et
363 470 504 501 insidias
530 468 620 500 vitae
644 475 800 502 structas.
871 466 922 500 De
950 465 1003 499 his
1029 466 1139 498 causis
1165 466 1286 510 quaeri

303 526 436 563 potest,
460 526 490 551 et
509 517 669 551 ‹hnones
690 519 732 551 de
750 519 840 551 vitae
863 517 1027 562 periculis
1056 517 1189 560 aliquid
1214 523 1283 549 sta-

302 578 456 603 ttici-unt.
509 569 587 602 Etsi
607 577 720 602 autern
738 569 822 601 uolo
841 569 948 609 magis
973 567 1080 599 laxari
1107 567 1285 599 vinculum

303 620 477 661 coniugii,
512 627 627 652 tamen
655 631 733 652 cum
761 620 814 652 lex
842 619 961 650 divina
987 617 1179 650 divortium
1205 630 1287 661 pro-

305 679 380 714 pter
399 670 523 713 impios
541 677 572 702 vt
591 670 783 702 indomitos
801 668 1028 705 concesserit,
1057 667 1194 711 sapiens
1213 680 1288 700 ma-

305 722 466 765 gistratus
495 721 614 753 dicens
638 721 697 753 ius*
726 720 842 761 impiis
868 726 899 751 et
926 718 1107 751 indomitis
1124 745 1133 757 ‚
1175 725 1288 761 posset

307 771 540 804 conscientiae
565 778 597 803 et
617 771 705 802 vitae
723 770 769 814 pii
788 767 942 802 hominis
959 781 998 801 ex
1015 781 1051 800 ea
1071 769 1143 810 lege
1161 780 1288 801 cousu—

306 824 386 855 lere.
443 822 597 864 Apparet
615 822 708 853 enim
728 821 825 852 illam
845 817 1040 852 Theodosii
1057 819 1166 860 legem
1191 819 1287 862 gravi

303 873 450 905 consilio
477 872 580 904 latam
607 883 689 904 esse.
744 869 833 903 Cum
858 870 951 902 enim
977 877 1077 903 antea
1096 870 1216 902 fierent
1234 869 1288 901 di-

307 923 420 955 vortia
452 922 526 953 sine
550 922 716 964 gravibus
748 921 879 960 causis,
919 927 959 953 ut
984 921 1128 954 cuilibet
1158 920 1290 953 libebat

305 986 400 1006 more
419 972 589 1012 'sm-eico,
612 979 645 1006 et
670 973 791 1004 fierent
815 984 851 1003 re
872 983 944 1003 non
972 971 1142 1010 iudicata,
1170 969 1290 1004 Theo-

304 1024 423 1056 dosius
448 1021 510 1054 bac
538 1023 609 1065 lege
637 1023 733 1054 illam
761 1019 936 1055 ethnicam
961 1021 1140 1054 licentiam
1162 1022 1290 1054 astrin-

304 1086 382 1115 gere
404 1073 534 1113 voluit,
563 1080 593 1105 et
623 1084 741 1105 causas
768 1073 978 1105 nominatim
1004 1080 1180 1113 recenset,
1207 1085 1290 1116 pro-

306 1132 381 1168 pter
408 1135 492 1168 quas
520 1124 611 1156 solas
638 1124 780 1156 concedi
804 1124 877 1155 vult
895 1123 1108 1163 divortium,
1137 1130 1171 1156 et
1197 1129 1289 1155 vetat

306 1189 342 1207 ea
364 1175 436 1206 fieri
457 1187 492 1206 re
511 1186 582 1206 nou
606 1174 768 1207 iudicata.
823 1172 927 1215 Quod
945 1181 1059 1206 autem
1078 1174 1195 1216 plures
1211 1185 1292 1206 cau—

306 1238 361 1257 sae
388 1225 619 1257 nominantur
644 1236 748 1268 quam
775 1225 864 1256 duae
884 1251 893 1264 ,
935 1224 983 1255 eis
1008 1224 1146 1256 consilii
1176 1224 1292 1267 aliqua

307 1277 394 1309 ratio
415 1277 479 1309 suit
502 1288 573 1307 nou
592 1275 833 1318 vituperanda.
888 1273 956 1307 Sed
982 1271 1065 1306 haec
1085 1275 1215 1307 iudicio
1239 1286 1293 1306 sa-

308 1330 465 1369 pientum
486 1325 732 1368 Magistratum
758 1332 789 1357 et
806 1324 989 1356 Pastorum
1015 1326 1293 1357 commendanda

306 1386 406 1416 suut,
440 1377 497 1420 qui
528 1377 633 1409 etiam
660 1382 847 1420 quaerant,
882 1387 921 1406 ex
950 1387 1018 1418 quo
1046 1375 1141 1408 sonte
1166 1387 1294 1408 consu-

308 1429 326 1459 l·
344 1430 449 1459 ndum
476 1427 520 1459 sit
547 1427 619 1463 illi,
657 1426 714 1470 qui
742 1432 884 1468 propter
909 1425 1039 1468 lepram
1071 1437 1186 1458 carere
1209 1438 1294 1458 con-

307 1478 494 1511 suetudine
512 1477 672 1518 coniugis
690 1475 836 1518 cogitur.

309 1588 551 1637 Alimluiszlii
568 1588 675 1622 vestri
692 1593 805 1622 esseni
825 1587 1018 1622 immundi.
1044 1589 1144 1625 ’Ertael
1164 1592 1235 1637 ἄρα
1250 1590 1296 1626 τὰ

326 1643 431 1677 τέκνα
453 1640 559 1685 ὑμῶν
577 1638 777 1686 ἀκάθαρτα
795 1638 903 1680 ἐστὶν,
930 1643 1000 1674 νῦν
1015 1638 1053 1675 δὲ
1071 1640 1159 1690 ἅγια
1177 1642 1287 1679 ἐστὶν.

412 1726 657 1770 Interpretatio
675 1725 904 1770 Septuaginta
929 1729 977 1761 sic
1002 1730 1177 1774 loquitur:
1207 1726 1298 1764 ἀκά-

311 1780 435 1822 θαρτα
452 1784 551 1810 vocat
571 1777 772 1818 immunda,
799 1779 833 1810 id
859 1786 926 1819 est,
954 1778 1150 1822 prohibita,
1177 1789 1216 1814 ut
1243 1782 1298 1814 di-

311 1831 438 1868 cimus,
477 1827 617 1860 suillam
650 1839 790 1860 carnem
825 1829 899 1872 lege
931 1829 1048 1875 Moysi
1079 1831 1297 1864 immundam

314 1892 408 1916 esse,
448 1876 513 1910 hoc
541 1885 606 1917 est,
652 1876 867 1921 prohibitam
903 1889 961 1914 aut
994 1894 1201 1925 puerperam
1233 1884 1298 1915 im-

313 1931 481 1963 mundam
501 1940 588 1969 esse,
616 1926 682 1961 hoc
707 1936 777 1968 est,
806 1931 904 1964 cuius
930 1934 1158 1966 contrectatio
1178 1932 1300 1978 prohi-

315 1982 385 2014 hlik.
409 1988 469 2014 CM.

419 2054 600 2089 Connexio
622 2062 737 2088 autem
755 2057 951 2099 argumenti
970 2055 1054 2092 haec
1071 2067 1132 2094 est.
1172 2060 1210 2094 Si
1228 2073 1300 2093 non

317 2109 469 2151 placeret
493 2107 707 2138 consuetudo
735 2108 948 2149 coniugalis,
978 2109 1041 2141 filii
1065 2111 1169 2143 vestri
1188 2119 1299 2144 essent

318 2158 457 2200 Spurii,
482 2163 513 2189 et
531 2163 672 2189 eatenus
691 2157 878 2197 immundi,
903 2155 1124 2204 ἀκάθαρτοι.
1176 2162 1221 2194 At
1238 2163 1299 2194 fitii

319 2208 423 2240 vestri
449 2219 520 2239 nou
550 2214 632 2240 suut
663 2209 790 2251 spurii:
828 2221 908 2251 ergo
935 2213 1149 2244 cousuetudo
1177 2213 1301 2246 coniu-

320 2259 404 2301 galis
423 2258 496 2292 Deo
518 2257 639 2300 placet.

419 2333 608 2376 Quomodo
631 2342 745 2368 autem
770 2335 879 2378 spurii
905 2336 1070 2379 peculiari
1097 2338 1201 2371 modo
1227 2339 1301 2372 sue-

320 2384 390 2417 rint
404 2385 589 2423 immundi,
607 2386 820 2419 ostenditlex
836 2386 935 2421 Deut.
948 2388 1025 2421 23:
1056 2387 1133 2420 Non
1146 2389 1301 2432 ingredi-

320 2443 377 2467 tur
399 2441 501 2482 *33:22
527 2435 561 2466 iu
590 2433 781 2468 Ecclesiam
805 2435 972 2477 Domini,
1007 2448 1115 2482 usque
1137 2441 1178 2471 ad
1207 2441 1300 2472 deci—

320 2497 411 2517 mam
436 2485 714 2525 generationem,
748 2488 784 2519 id
811 2494 879 2528 est,
915 2490 957 2520 ad
986 2489 1118 2521 nullam
1150 2490 1300 2525 functio-

321 2547 398 2567 nem
418 2536 453 2566 in
472 2532 624 2567 Ecclesia
643 2537 859 2573 admittatur.

415 2609 465 2643 Sit
491 2609 596 2652 igitur
618 2607 701 2644 haec
721 2613 981 2657 simplicissima
1004 2616 1192 2650 sententia:
1221 2617 1300 2652 Nati

316 2673 389 2694 non
419 2666 500 2693 suut
524 2660 653 2704 spurii,
688 2669 720 2695 et
745 2675 815 2696 uon
843 2666 1003 2707 arcendi,
1036 2674 1073 2700 ut
1102 2667 1154 2699 lex
1183 2667 1300 2715 Moysi

911 104 1034 139 PlllL.
1058 103 1176 140 MEL.
1204 103 1410 140 SCRIPTA
1437 102 1734 139 EXEGETtCA.

2232 108 2327 144 1088

1335 189 1491 223 arcebat:
1527 188 1639 233 Igitur
1674 197 1707 224 et
1748 192 1964 226 cousuetudo
2012 192 2205 237 coniugalis
2248 194 2325 237 pla-

1338 246 1389 272 cet
1415 238 1501 272 Deo.

1438 290 1543 331 Quod
1563 303 1646 324 vero
1663 303 1702 325 ex
1728 289 1793 324 hoc
1815 291 1891 325 loco
1909 290 2157 334 Anabaptistae
2181 293 2322 326 ratioci-

1338 346 1484 380 nantur,
1513 339 1603 374 nihil
1625 354 1696 374 esse
1723 349 1900 385 peccatum
1920 343 2086 386 originis,
2116 350 2148 375 et
2173 356 2213 376 ex
2240 356 2321 376 san-

1338 391 1401 422 ctis
1429 392 1523 423 nasci
1549 400 1705 433 sanctos,
1730 393 1763 424 id
1789 400 1856 433 est,
1893 393 2023 425 soetum
2048 404 2119 424 non
2148 405 2266 434 reum,
2293 401 2326 428 et

1339 440 1413 472 sine
1433 440 1508 473 labe
1527 443 1690 485 originis:
1726 439 1811 476 baec
1836 455 1907 476 non
1927 450 2071 486 possunt
2088 455 2126 474 ex
2146 440 2212 476 hoc
2233 451 2327 477 textu

1339 491 1446 528 effici,
1474 499 1505 525 et
1530 494 1728 526 refutantur
1756 493 1791 525 in
1814 493 1891 525 aliis
1913 494 1996 526 locis
2023 492 2214 537 perspicue.
2271 493 2326 527 lo-

1341 540 1421 574 ban.
1445 542 1474 576 l.
1498 550 1530 576 et
1549 541 1669 577 lohan.
1688 543 1724 576 3.
1751 543 1842 576 clare
1871 544 2021 583 dicitur,
2052 544 2227 576 nemim-m
2255 555 2328 577 esse

1341 591 1522 624 haeredem
1541 594 1630 626 vitae
1649 602 1830 632 aeternae,
1857 595 1922 626 uisi
1946 604 2104 626 renatum
2136 606 2175 626 ex
2192 593 2328 637 Spiritu

1339 649 1470 675 sancto.
1539 642 1634 677 llaec
1660 645 1858 678 testimonia
1883 646 2094 688 opponenda
2122 651 2205 678 suut
2231 643 2328 678 Ana-

1343 693 1517 735 baptistis.

1441 742 1514 775 Cur
1532 743 1638 785 igitur
1653 743 1784 778 Paulus
1803 741 1860 777 hic
1876 751 1975 777 vocat
1992 745 2144 778 infantes
2167 746 2330 779 sanctos?

1341 793 1608 836 Simplicis-sima
1643 802 1695 828 est
1727 796 1900 828 enarratio
1937 796 1979 828 de
2004 795 2251 835 immunditia,
2285 797 2329 829 de

1341 856 1408 889 qua
1435 844 1489 876 tex
1506 842 1623 890 Moysi
1640 845 1742 879 dicit:
1772 844 1852 879 Non
1877 852 1960 879 sunt
1985 845 2096 890 spurii
2121 846 2263 880 arcendi
2282 847 2327 880 ab

1341 894 1512 929 Ecclesia.

1442 944 1579 978 Deinde
1605 946 1632 978 si
1663 946 1740 990 quis
1769 947 1975 985 contendat,
2003 946 2080 988 plus
2100 946 2193 987 dici,
2221 947 2328 982 intel-

1343 995 1472 1039 ligatur
1492 996 1624 1029 dictum
1650 998 1692 1028 de
1719 995 1790 1037 his,
1818 997 1879 1041 qni
1903 997 2023 1029 inserti
2049 1004 2130 1030 sunt
2150 996 2328 1032 Ecclesiae

1342 1045 1428 1089 Dei,
1466 1047 1520 1079 vel
1544 1058 1606 1090 per
1630 1047 1867 1091 baptismum,
1903 1048 1956 1080 vel
1982 1059 2041 1090 per
2066 1047 2330 1082 invocationum

1342 1098 1406 1129 filii
1431 1096 1516 1137 Dei,
1553 1108 1657 1141 super
1681 1110 1756 1137 eos,
1799 1101 1879 1142 quia
1910 1106 2089 1141 utrunque
2111 1105 2243 1131 certum
2269 1107 2330 1140 est,

1344 1148 1534 1192 Apostolos
1555 1148 1710 1181 incoasse
1734 1149 1946 1192 baptismum
1973 1147 2168 1187 infantum,
2196 1156 2230 1182 et
2249 1163 2329 1183 mu-

1344 1199 1447 1231 lieres
1465 1199 1645 1232 credentes
1666 1210 1736 1231 non
1755 1199 1906 1242 amplius
1922 1210 1999 1231 usas
2017 1210 2088 1230 esse
2113 1196 2250 1233 ethnica
2276 1201 2333 1233 in-

1347 1249 1531 1281 vocatione
1575 1256 1608 1282 et
1642 1249 1850 1284 lustratione
1886 1249 2080 1287 infantum,
2123 1255 2161 1282 ut
2186 1262 2327 1294 semper

1348 1300 1440 1332 iuter
1455 1307 1574 1342 gentes
1594 1299 1697 1332 etiarn
1717 1300 1804 1333 ritus
1820 1300 1930 1345 aliqui
1953 1306 2173 1341 manserunt,
2201 1302 2332 1346 quibus

1346 1362 1466 1383 recens
1484 1350 1568 1383 editi
1586 1350 1699 1383 foetus
1717 1350 1792 1384 Deo
1809 1350 2045 1383 commendati
2071 1357 2173 1392 sunt,
2198 1350 2330 1399 γενέθ-

1347 1403 1404 1433 λια
1430 1400 1605 1438 indicant,
1634 1413 1722 1445 quae
1740 1412 1861 1434 omnes
1879 1401 2115 1435 celebrabant.

1447 1450 1528 1483 Non
1547 1451 1693 1483 dubium
1707 1458 1756 1484 est
1771 1451 1877 1494 igitur
1894 1462 2093 1494 puerperas,
2111 1462 2200 1495 quae
2212 1463 2327 1484 veram

1348 1502 1606 1534 invocationem
1633 1508 1778 1542 norant,
1818 1501 1923 1534 etiam
1946 1513 2028 1533 vero
2054 1499 2127 1533 Deo
2151 1513 2329 1535 commen-

1349 1553 1447 1585 dasse
1478 1552 1633 1584 sobolem
1652 1578 1661 1592 ,
1702 1552 1772 1584 imo
1802 1552 1912 1595 aliqui
1942 1552 2017 1584 nati
2053 1551 2333 1598 baptizabantur,

1351 1602 1461 1646 aliqui
1482 1603 1522 1634 ad
1539 1601 1729 1634 Ecclesiam
1746 1602 1995 1634 adferebantur
2014 1608 2155 1645 propter
2172 1614 2331 1636 commu-

1350 1665 1431 1685 nem
1461 1652 1706 1695 precationem.
1761 1651 1866 1684 Tales
1892 1658 1974 1685 sunt
1999 1651 2122 1685 inserti
2148 1651 2332 1694 Ecclesiae,

1351 1711 1384 1737 et
1402 1704 1438 1735 in
1455 1704 1502 1735 eis
1520 1703 1586 1735 fuit
1603 1703 1720 1735 efficax
1739 1701 1892 1744 Spiritus
1908 1710 2057 1736 sanctus.
2113 1701 2195 1736 ltleo
2213 1705 2254 1736 ad
2273 1715 2332 1737 eos

1352 1754 1500 1798 pertinet
1523 1755 1672 1786 dictum:
1701 1752 1842 1786 Talium
1861 1760 1910 1786 est
1928 1764 2072 1796 regnum
2086 1754 2281 1787 coelorum.

1453 1805 1615 1839 Affirmat
1648 1804 1755 1847 igitur
1789 1803 1940 1844 Paulus,
1974 1811 2007 1837 et
2041 1805 2330 1838 consuetudinem

1353 1856 1428 1900 piae
1453 1855 1610 1897 coniugis
1634 1866 1712 1887 cum
1739 1851 1880 1888 ethnico
1905 1855 2054 1894 marito,
2083 1861 2116 1887 et
2139 1854 2331 1889 liberorum

1353 1907 1628 1951 procreationem
1653 1904 1726 1938 Deo
1754 1906 1908 1948 placere,
1948 1906 2029 1949 quia
2056 1912 2200 1948 propter
2229 1906 2333 1939 fidem

1353 1957 1496 1991 alterius
1514 1956 1672 1999 coniugis
1687 1956 1894 1989 concubitus
1909 1955 1953 1988 sit
1971 1955 2173 1996 mundities,
2201 1962 2234 1989 et
2250 1968 2333 2000 pro-

1353 2008 1459 2041 creati
1485 2007 1629 2040 mundi:
1667 2007 1737 2038 imo
1764 2007 1834 2039 nati
1859 2006 1962 2039 etiam
1986 2006 2069 2039 fiant
2095 2007 2202 2038 sancti
2229 2007 2332 2041 invo-

1354 2059 1490 2093 catione
1521 2058 1598 2102 piae
1631 2057 1752 2090 matris
1784 2064 1843 2089 aut
1866 2056 1914 2100 pii
1944 2056 2062 2100 patris.
2129 2055 2331 2099 Cogitemus

1356 2121 1520 2152 magnum
1560 2108 1721 2140 ardorem
1759 2108 1840 2140 fidei
1873 2108 1910 2139 in
1943 2107 2002 2140 illa
2033 2107 2144 2151 prima
2175 2106 2331 2142 Ecclesia

1355 2161 1478 2198 fuisse,
1503 2166 1535 2192 et
1561 2159 1636 2201 pios
1660 2156 1883 2191 vehementer
1906 2157 2130 2191 abhorruisse
2154 2159 2198 2191 ab
2217 2158 2331 2192 idolis.

1357 2210 1438 2244 ldeo
1456 2210 1555 2242 valde
1572 2216 1843 2242 consentaneum
1861 2215 1930 2252 est,
1954 2207 2111 2243 ethnicos
2127 2208 2238 2252 ritus‚}
2250 2209 2330 2254 qui-

1356 2263 1419 2295 bus
1437 2261 1587 2294 infantes
1604 2260 1856 2298 lustrabantur,
1880 2259 1996 2293 statim
2015 2259 2167 2291 adiectos
2184 2269 2266 2293 esse.

1360 2344 1402 2380 ‘Y
1414 2342 1589 2391 περιτομὴ
1608 2341 1717 2379 οὐδέν
1734 2343 1820 2378 ἐστι.
1873 2339 2110 2377 Circumcisio
2130 2339 2232 2376 nihil
2254 2348 2318 2380 est.

1457 2413 1496 2447 ln
1513 2411 1576 2446 hac
1596 2419 1691 2455 parte
1712 2410 1836 2456 capitis
1852 2410 2019 2443 discernit
2039 2408 2190 2443 Mox-alia
2217 2419 2250 2445 et
2265 2411 2332 2446 Ce-

1357 2465 1530 2498 remonias
1544 2491 1552 2503 ,
1580 2470 1611 2496 ct
1631 2461 1772 2496 Gradus
1799 2462 1889 2494 vitae
1907 2461 2088 2504 politicae,
2122 2461 2210 2495 sicut
2231 2473 2331 2506 saepe

1356 2517 1441 2549 alias
1458 2515 1642 2557 repetitum
1662 2520 1712 2547 est
1727 2511 1793 2546 hoc
1808 2511 2008 2548 discrimen,
2025 2518 2063 2543 ut
2080 2512 2123 2543 ad
2141 2510 2283 2546 Galatas
2295 2511 2332 2547 5.

1355 2567 1392 2599 in
1409 2564 1550 2599 Christo
1573 2564 1647 2597 lesu
1666 2575 1729 2596 nec
1745 2562 1962 2595 circumcisio
1980 2561 2114 2605 aliquid
2135 2563 2241 2601 valet,
2268 2575 2333 2597 nec

1355 2616 1595 2661 praeputium,
1623 2615 1682 2648 sed
1703 2614 1806 2653 fides,
1840 2624 1929 2658 quae
1953 2623 2014 2657 per
2034 2612 2257 2647 dilectionem
2281 2620 2333 2647 est

1354 2668 1484 2702 efficax.
