2415 2942
467 151 551 187 XII.

98 241 172 285 ipse
189 238 370 274 miracula.
422 237 507 272 Ideo
528 238 595 272 fuit
618 238 655 271 in
672 237 776 273 Petro
800 238 933 271 bonum
958 251 1088 283 propo—

99 293 222 331 situm,
245 298 282 324 ut
298 288 382 323 haec
399 291 505 323 verba
523 296 714 328 testantur,
741 289 855 323 Lucae
873 290 950 323 220:
979 289 1089 322 Para-

102 350 158 377 tus
176 352 252 374 sum
271 348 385 374 tecum
402 341 439 373 in
456 348 604 375 mortem
622 341 684 374 ire.
737 339 934 380 Videbatur
951 351 1033 382 ergo
1051 340 1088 372 in

99 392 205 426 Petro
222 391 399 425 mediocre
416 393 525 425 robur
540 390 623 425 fidei
640 401 712 423 esse
724 415 734 433 ,
762 397 794 424 et
812 397 928 423 tamen
954 391 1087 433 exiguis

99 443 394 478 terriculamentis
419 443 565 475 ancillae
589 447 621 474 et
647 452 829 473 servorum
850 442 1087 484 perturbatus,

100 494 223 528 abiicit
245 493 511 527 consessionem.
572 491 671 524 Talis
697 497 770 524 erat
797 490 911 524 David
937 492 1087 524 donatus

99 545 237 589 Spiritu
255 551 394 583 sancto,
429 551 462 577 et
479 543 703 576 confirmatus
723 541 843 575 multis
861 542 933 575 suis
950 550 982 576 et
998 542 1085 575 alie-

101 596 157 628 nis
176 595 368 629 miraculis.
422 593 496 627 Iino
514 598 687 637 spectator
702 591 807 625 etiam
826 593 940 626 suerat
957 593 1086 626 tristis-

99 646 179 679 simi
214 645 324 678 exitus
355 645 489 683 Saulis,
533 644 628 689 quod
663 642 861 686 exemplum
900 644 1086 690 proposuit

98 695 194 729 Deus
210 696 378 729 secuturis
398 695 555 737 regibus,
586 700 625 727 ut
648 693 756 736 magis
776 693 940 728 timerent
957 693 1085 729 Deum.

96 745 143 781 Et
161 753 277 780 tamen
296 746 448 779 vincitur
464 744 577 778 David
597 744 748 777 ssammis
768 744 945 786 adulterii,
973 752 1006 778 et
1023 757 1085 777 cu-

98 798 211 830 mulat
223 797 336 830 statim
352 807 475 838 magna
500 801 650 838 peccata.
704 793 770 827 liis
793 796 961 839 exemplis
985 796 1085 828 infir-

95 847 226 881 mitatis
262 846 547 886 commonefacti,
597 846 822 879 emendemus
861 847 1083 880 securitatem

95 905 272 938 nostram,
313 904 346 931 et
369 898 585 941 deponamus
609 896 930 936 fiduciamnostri,
972 897 1084 930 disca—

95 960 173 982 mus
197 949 319 992 timere
336 947 474 989 Deum,
505 954 539 982 et
563 953 679 992 petere
701 947 872 982 auxilium
899 955 931 981 et
956 949 1084 992 guber-

92 1000 272 1033 nationem
292 998 460 1032 divinam.

194 1049 394 1082 Teneannis
408 1050 445 1082 in
465 1056 607 1093 promtu
623 1055 657 1083 et
675 1049 766 1082 dicta
794 1050 837 1082 de
863 1047 927 1082 hac
951 1049 1083 1082 doctri-

94 1112 160 1139 na,
196 1098 414 1134 loann.15.:
457 1100 543 1134 Sine
575 1112 631 1133 me
662 1097 755 1132 nihil
786 1100 930 1144 potestis
961 1100 1083 1135 facere.

93 1148 222 1185 Matth.
245 1151 317 1184 16.:
344 1149 502 1194 Vigilate
521 1158 553 1184 et
570 1158 683 1191 orate,
710 1162 753 1183 ne
781 1151 918 1184 intretis
943 1151 978 1183 in
1006 1158 1082 1183 ten-

91 1202 279 1235 tationem:
307 1201 460 1246 Spiritus
478 1202 621 1246 quidem
641 1208 800 1245 promtus
826 1208 893 1242 est,
921 1213 1000 1234 caro
1019 1213 1081 1235 au-

92 1259 163 1286 tem
181 1252 331 1287 infirma.
388 1252 419 1287 1.
437 1251 529 1286 Petr.
548 1252 627 1286 ult.:
657 1251 829 1294 Vigilate,
859 1252 940 1297 quia
957 1253 1080 1285 adver—

91 1302 204 1336 sarius
230 1311 341 1336 vester
365 1303 548 1343 diabolus,
582 1310 748 1347 tanquam
772 1303 826 1336 leo
848 1303 991 1346 rugiens
1012 1304 1082 1335 cir-

89 1354 220 1393 cumit,
270 1364 440 1398 quaerens
473 1365 578 1397 quem
614 1354 770 1386 devoret.
830 1355 865 1387 2.
892 1354 971 1388 Cor.
1001 1353 1076 1388 10.:

89 1402 161 1446 Qui
182 1404 320 1437 videtur
343 1411 451 1443 stare,
478 1403 594 1436 videat
618 1415 663 1435 ne
688 1404 798 1438 cadat.
853 1401 982 1437 Manli.
1004 1405 1077 1437 12:

89 1453 245 1487 Veniens
266 1454 402 1487 invenit
427 1455 571 1487 domum
596 1454 766 1493 otiosam,
804 1460 835 1487 et
861 1455 1007 1487 assumit
1025 1467 1077 1487 se-

88 1516 168 1538 cum
186 1505 273 1538 alios
292 1512 420 1548 septem
447 1504 590 1547 spiritus
614 1505 825 1542 deteriores,
854 1512 886 1538 et
904 1505 992 1538 fiunt
1011 1517 1077 1538 no-

86 1555 227 1589 vissima
258 1553 411 1588 hominis
434 1555 531 1588 illius
561 1556 733 1589 deteriora
766 1556 957 1599 prioribus.
1019 1556 1077 1589 Ad

87 1603 181 1638 Phil.
204 1607 255 1642 2,;
297 1605 386 1640 Cum
418 1606 544 1639 timore
580 1614 612 1639 et
647 1614 798 1640 tremore
815 1613 964 1640 vestram
984 1607 1077 1639 salu-

88 1664 158 1690 tem
176 1657 384 1700 operamini.
435 1659 469 1692 2.
488 1655 569 1690 Cor.
586 1657 637 1689 3.;
664 1655 746 1689 Non
763 1669 882 1690 sumus
900 1657 1077 1691 sufficien-

89 1713 141 1739 tes
164 1719 204 1739 ex
219 1708 322 1739 nobis
345 1707 497 1750 cogitare
518 1707 674 1751 aliquid,
709 1714 875 1752 tanquam
899 1720 937 1740 ex
963 1709 1076 1744 nobis.

88 1756 154 1790 His
170 1758 386 1790 etsimilibus
403 1758 502 1791 dictis
515 1758 701 1790 excitemus
718 1769 782 1790 nos
798 1760 840 1790 ad
859 1759 1076 1801 agnitionem

89 1815 230 1842 nostrae
249 1808 482 1848 infirmitatis,
508 1809 552 1841 ad
574 1808 735 1841 timorem
754 1809 843 1846 Dei,
870 1810 913 1841 ad
938 1811 1076 1852 petitio-

90 1871 170 1892 nem
186 1859 327 1899 auxilii,
354 1859 441 1891 sicut
460 1865 552 1892 totus
570 1858 698 1894 Psalm.
717 1859 800 1893 119.
819 1859 898 1892 talis
916 1861 1075 1893 doctrina

89 1917 121 1943 et
137 1910 290 1952 precatio
308 1916 375 1942 est:
411 1910 483 1942 Fac
501 1921 578 1942 cnm
596 1920 697 1941 servo
716 1916 777 1942 tuo
794 1911 988 1943 secundum
1009 1911 1076 1943 1111-

88 1960 314 1994 sericordiani
332 1967 445 2000 tuam,
474 1967 506 1993 et
522 1960 786 1993 iustificationes
805 1967 882 1993 tuas
910 1963 994 1994 doce
1010 1974 1075 1994 me.

87 2010 192 2044 Item:
231 2010 381 2044 Gressus
413 2023 507 2043 meos
539 2011 650 2052 dirige
677 2012 868 2044 secundum
895 2012 1075 2056 eloquium

86 2069 205 2103 tuum,
230 2070 262 2095 et
278 2074 349 2094 non
369 2062 572 2094 dominetur
588 2061 656 2094 mei
676 2062 791 2094 omnis
808 2062 998 2097 iniusticia.

189 2112 351 2147 Secundo
376 2114 636 2145 consideremus
665 2113 864 2156 exemplum
890 2114 1074 2157 poeniten-

87 2164 165 2199 tiae.
226 2162 333 2210 Apud
359 2163 490 2197 Lucam
515 2175 588 2207 cap.
614 2165 674 2199 22.
701 2161 785 2196 haec
812 2164 918 2197 verba
949 2165 1073 2208 legun-

88 2221 162 2248 tur:
191 2213 236 2248 Et
256 2215 390 2255 statim,
419 2215 586 2259 loquente
613 2226 672 2253 eo,
700 2215 811 2257 gallus
835 2216 1006 2256 cantavit,
1041 2222 1074 2249 et

86 2277 275 2300 conversus
292 2264 465 2298 Dominus
485 2264 634 2299 intuitus
653 2273 701 2298 est
719 2265 876 2304 Petrum,
905 2274 937 2300 et
954 2279 1072 2299 recor-

87 2317 187 2350 datus
203 2324 252 2350 est
270 2316 393 2350 Petrus
410 2317 582 2350 sermonis
598 2317 764 2357 Domini,
795 2324 827 2350 et
847 2329 1002 2360 egressus
1018 2318 1072 2350 fo-

89 2379 162 2407 ras,
188 2368 283 2401 flevit
301 2380 426 2401 amare.
457 2368 497 2400 ln
518 2366 571 2401 his
591 2368 705 2400 verbis
724 2368 973 2401 describuntur
988 2381 1071 2401 con-

87 2418 184 2452 tritio
210 2425 243 2452 et
272 2431 372 2452 causa
403 2419 638 2452 contritionis.
711 2419 862 2451 Amarae
896 2419 1070 2464 lacrymae

87 2469 282 2511 significant
299 2471 456 2503 dolorem
476 2471 513 2502 in
530 2472 635 2503 corde
653 2469 747 2503 Petri
773 2471 992 2513 agnoscentis
1010 2471 1072 2504 tri-

88 2526 173 2552 stem
191 2527 223 2553 et
238 2532 398 2563 magnum
416 2521 565 2565 lapsum.
618 2519 728 2555 Causa
748 2533 830 2553 vero
848 2521 1072 2555 contritionis

98 154 171 191 401

87 2581 230 2604 movens
247 2583 305 2604 cor
322 2571 417 2605 Petri
440 2573 525 2613 fuit,
552 2572 646 2616 quod
663 2569 844 2605 Christum
867 2583 946 2605 eum
962 2572 1068 2606 intui-
1098 2608 1100 2614 ,

85 2627 160 2661 tus,
199 2622 356 2656 accendit
385 2623 599 2666 agnitionem
632 2620 738 2656 huius
778 2623 866 2656 tanti
897 2623 1012 2667 lapsus
1040 2630 1072 2657 et

86 2672 257 2706 dolorem.
311 2671 362 2706 Ita
379 2674 416 2707 fit
441 2674 605 2707 contritio
632 2680 795 2708 movente
813 2674 918 2709 corda
936 2673 1072 2720 Spiritu

85 2729 205 2757 sancto
222 2735 284 2767 per
300 2725 444 2758 verbum
463 2725 544 2761 Dei.

138 2775 317 2811 MELAxTu.
347 2777 448 2812 Orza.
489 2778 572 2809 Vox„
597 2777 675 2811 XV.

603 148 905 188 ENARRATIO
935 152 985 189 IN
1006 150 1191 190 EVANG.
1218 149 1434 189 IOANNIS.
1486 149 1591 188 CAP.
1619 149 1759 190 XVIII.

1097 2434 1099 2461 1

1097 2479 1100 2526 i

1097 2539 1100 2590 1

1098 2615 1101 2645 l

1094 2730 1100 2770 1

2066 161 2141 200 402

1246 236 1324 272 Etsi
1341 245 1458 272 autem
1476 250 1551 272 non
1568 239 1752 281 scribitur,
1779 242 1841 277 ubi
1867 244 1974 280 fuerit
1999 244 2064 281 hoc
2084 249 2139 282 bi-

1144 289 1214 322 duo
1243 288 1386 329 Petrus‚
1431 290 1515 334 quid
1549 292 1676 333 egerit,
1719 299 1836 327 tamen
1861 305 2138 333 consentaneum

1143 347 1208 378 est,
1238 351 1318 371 eum
1339 340 1442 372 fuisse
1461 340 1496 372 in
1515 352 1641 383 magno
1660 343 1768 384 luctu,
1795 349 2003 381 sustentavit
2021 356 2136 383 autem

1142 401 1176 422 se
1195 387 1259 422 hac
1281 402 1383 422 voce:
1412 388 1548 432 Rogavi
1569 403 1631 433 pro
1650 400 1681 426 te
1697 393 1809 436 Petre,
1839 409 1882 429 ne
1900 400 2033 432 deficiat
2052 401 2136 434 fides

1141 447 1218 480 tua,
1256 437 1340 472 haec
1373 440 1524 472 scintilla
1547 440 1626 473 fidei
1652 455 1730 475 eum
1758 448 1929 491 tantisper
1955 452 2135 485 consolata

1141 497 1208 528 est,
1249 491 1362 539 donec
1397 497 1514 533 postea
1554 493 1778 527 resuscitatus
1809 497 1987 532 Dominus
2026 503 2135 545 magis

1141 541 1362 573 confirmavit
1395 552 1494 581 eum,
1536 540 1719 585 inquiens:
1772 545 1872 580 Petre
1906 551 2023 593 diligis
2057 553 2136 585 me?

1139 591 1246 624 Pasce
1263 603 1343 624 oves
1363 603 1465 625 meas.
1503 589 1606 625 Extat
1621 593 1727 636 igitur
1744 597 1984 632 testimonium
1998 626 2008 643 ‚
2038 605 2132 647 quod

1140 649 1173 676 et
1194 643 1264 675 labi
1284 641 1418 685 possint
1442 642 1573 682 renati,
1616 651 1648 676 et
1682 645 1769 688 lapsi
1806 660 1926 682 rursus
1951 654 1992 683 ad
2019 653 2133 688 Deum

1140 693 1317 731 converti,
1353 699 1385 725 et
1416 693 1510 737 quod
1538 705 1618 726 vere
1640 695 1869 738 recipiantur.
1932 700 2009 734 Hoc
2036 705 2132 737 testi-

1139 745 1297 776 moninm
1318 743 1419 776 nobis
1445 753 1580 786 semper
1602 744 1638 776 in
1665 755 1853 790 conspectu
1880 750 1941 788 sit,
1978 764 2050 785 non
2076 765 2132 786 so-

1140 794 1211 827 lum
1239 795 1281 827 ad
1303 794 1508 828 refutandos
1527 793 1760 837 Novatimios,
1798 801 1856 832 sed
1885 802 1988 834 etiam
2007 806 2049 836 ad
2068 817 2132 838 nos

1138 846 1232 889 ipsos
1251 845 1529 885 confirmandos,
1555 852 1593 879 ut
1611 853 1804 881 statuamus
1821 863 1899 883 vere
1923 864 1987 886 nos
2011 856 2131 899 recipi,

1138 897 1272 929 etiamsi
1290 896 1410 929 multis
1427 902 1458 928 et
1478 897 1613 938 magnis
1637 898 1826 933 sceleribus
1851 902 1975 945 polluti
1998 916 2130 944 sumus,

1138 954 1170 980 et
1189 949 1401 980 admoneant
1420 957 1483 979 nos
1508 947 1593 979 tales
1620 944 1786 982 historiae
1811 953 1854 984 de
1881 955 2130 997 promissioni-

1137 999 1219 1031 bus:
1248 997 1428 1031 Exuberat
1445 997 1553 1038 gratia
1572 1008 1675 1041 supra
1693 1000 1871 1035 delictum.
1902 1003 2006 1037 Item:
2036 1006 2129 1040 ¹{ivo

1138 1061 1212 1092 ego,
1237 1049 1321 1082 dicit
1338 1047 1535 1087 Dominus,
1565 1049 1649 1082 nolo
1668 1058 1815 1085 mortem
1835 1057 2038 1098 peccatoris,
2067 1060 2126 1092 sed

1136 1107 1174 1133 ut
1191 1107 1416 1133 convertatur
1432 1105 1464 1132 et
1482 1098 1586 1132 vivat.

1236 1150 1357 1184 Tertio
1383 1149 1626 1183 consideretur
1656 1153 1862 1193 magnitudo
1889 1157 2021 1200 lapsus:
2060 1160 2126 1193 Pe-

1136 1207 1209 1234 trus
1228 1208 1280 1234 ter
1297 1208 1411 1244 negat,
1431 1207 1464 1233 et
1481 1200 1658 1242 negationi
1675 1203 1787 1236 sciens
1804 1207 1901 1240 addit
1918 1209 2126 1252 periurium,

1134 1258 1172 1285 ut
1190 1251 1300 1286 Marc.
1322 1254 1378 1286 14.
1404 1262 1563 1294 expresse
1592 1251 1737 1285 dicitur:
1773 1254 1897 1300 Coepit
1921 1263 2071 1293 execrari
2091 1274 2126 1295 se

1134 1310 1166 1335 et
1198 1303 1324 1338 iurare.
1377 1301 1445 1334 Hic
1479 1301 1599 1346 quaeri
1635 1303 1720 1336 solet
1751 1306 1836 1349 quid
1870 1309 2005 1344 intersit
2033 1312 2125 1346 inter

1133 1351 1409 1397 blasphemiam,
1444 1358 1476 1385 et
1504 1349 1599 1385 hunc
1625 1352 1783 1397 lapsum,
1811 1360 1873 1391 etsi
1899 1360 1958 1392 alii
1977 1373 1993 1392 a
2013 1364 2124 1396 causis

1132 1404 1248 1447 lapsus
1267 1411 1410 1437 sumunt
1429 1403 1617 1436 discrimen
1631 1429 1640 1444 ‚
1668 1405 1749 1449 quia
1767 1415 1861 1441 metu
1880 1412 2044 1454 supplicii
2063 1426 2123 1447 su-

1131 1462 1271 1499 peratus
1289 1455 1331 1487 sit
1347 1454 1489 1494 Petrus,
1517 1460 1547 1486 et
1573 1466 1646 1487 11011
1671 1457 1753 1489 odio
1771 1456 1903 1494 Christi
1929 1471 2044 1496 motus
2069 1466 2124 1506 sit,

1131 1513 1170 1538 ut
1188 1504 1309 1544 Iudas,
1339 1513 1454 1539 tamen
1473 1516 1536 1536 nos
1555 1505 1751 1540 iudicemus
1770 1520 1786 1540 a
1807 1512 2007 1552 posteriore.
2037 1513 2122 1548 Cer-

1131 1557 1229 1590 nitur
1247 1556 1342 1591 Petri
1362 1556 1598 1600 poenitentia,
1627 1569 1715 1601 quae
1731 1560 1873 1603 quidem
1895 1575 1974 1596 mox
2006 1574 2119 1599 secuta

1131 1614 1179 1642 est
1198 1608 1345 1651 lapsum.
1400 1606 1481 1640 *Non
1499 1613 1549 1639 est
1571 1614 1687 1640 autem
1714 1609 1931 1653 blasphemia
1955 1616 2120 1650 adversus

1130 1658 1301 1699 Spiritum
1326 1664 1504 1697 sanctum,
1541 1658 1683 1701 quando
1711 1661 1871 1704 sequitur
1896 1676 1974 1697 vera
1997 1668 2120 1709 poeni-

1130 1709 1248 1742 tentia.
1302 1708 1345 1742 Et
1362 1709 1408 1741 ita
1425 1720 1489 1741 nos
1507 1708 1755 1743 universaliter
1771 1711 1926 1748 iudicare
1941 1716 2119 1760 debemus,

1131 1760 1194 1792 etsi
1214 1771 1334 1792 verum
1355 1767 1405 1792 est
1422 1759 1489 1792 alia
1511 1766 1648 1802 peccata
1666 1760 1744 1794 aliis
1762 1765 1933 1799 atrociora
1951 1778 2040 1808 esse,
2068 1776 2120 1802 ta·-

1129 1823 1209 1843 men
1227 1811 1345 1843 omnia
1365 1821 1490 1852 magna
1509 1816 1607 1850 sunt,
1637 1817 1669 1844 et
1686 1811 1788 1855 longe
1812 1815 1984 1859 tristiora,
2013 1831 2118 1864 quam

1130 1868 1169 1894 ut
1188 1874 1205 1893 a
1224 1861 1326 1894 nobis
1343 1858 1595 1904 comprehendi
1615 1873 1737 1895 eorum
1765 1867 1970 1908 magnitudo
1996 1871 2116 1913 possit.

1128 1910 1267 1945 Deinde
1290 1912 1352 1945 etsi
1384 1912 1503 1944 omnia
1528 1918 1608 1944 sunt
1633 1924 1776 1956 magna,
1819 1923 1935 1951 tamen
1966 1921 2117 1955 sciamus

1129 1964 1332 1995 mandatum
1351 1962 1417 1996 Dei
1436 1962 1656 1996 immutabile
1673 1976 1763 2006 esse,
1797 1973 1836 2000 ut
1861 1981 1934 2002 non
1953 1972 2116 2015 despere-

1129 2025 1225 2053 mus,
1259 2015 1317 2045 sed
1348 2014 1530 2046 redeamus
1557 2014 1599 2045 ad
1622 2012 1736 2048 Deum
1763 2029 1824 2060 per
1848 2022 2115 2065 poenitentiam,

1128 2072 1161 2098 et
1177 2064 1339 2097 fiduciam
1369 2063 1572 2097 mediatoris
1594 2062 1738 2099 Christi.
1792 2067 1903 2104 Filius
1922 2071 1986 2104 Dei
2012 2073 2114 2117 longe

1128 2115 1305 2158 potentior
1331 2126 1410 2154 ,esse
1435 2121 1508 2148 toto
1533 2126 1640 2156 regno
1667 2119 1799 2160 peccati
1831 2123 2009 2164 credatur,
2052 2127 2113 2169 qui

1126 2163 1190 2198 hac
1213 2166 1280 2199 fide
1310 2166 1459 2198 redeunt
1492 2166 1534 2198 ad
1560 2163 1692 2206 Deum,
1734 2166 1798 2202 hos
1823 2177 2013 2208 statuamus
2038 2188 2112 2209 non

1126 2215 1254 2250 habere
1272 2223 1449 2260 peccatum
1468 2216 1504 2249 in
1522 2216 1696 2263 Spiritum
1714 2227 1885 2257 sanctum.

1227 2267 1308 2301 Non
1333 2268 1440 2311 igitur
1465 2267 1530 2301 suit
1554 2267 1649 2301 Petri
1672 2269 1789 2312 lapsus
1814 2272 2030 2317 blasphemia
2050 2278 2112 2311 ad-

1125 2330 1243 2351 versus
1259 2318 1431 2362 Spiritum
1449 2325 1627 2358 sanctum,
1656 2321 1714 2352 sed
1733 2319 1858 2361 Iudae,
1887 2324 2053 2369 Caiphae,
2079 2335 2111 2362 et

1125 2370 1294 2402 similium
1327 2370 1482 2413 furores,
1526 2369 1585 2413 qui
1619 2381 1691 2402 non
1709 2372 1889 2409 redierunt
1913 2378 1955 2410 ad
1983 2377 2108 2419 Deum,

1123 2421 1266 2454 fuerunt
1291 2418 1526 2465 blasphemiae
1549 2420 1714 2454 adversus
1741 2422 1913 2466 Spiritum
1940 2436 2110 2466 sanctum.

1124 2471 1240 2514 Magis
1258 2472 1365 2514 igitur
1379 2472 1416 2504 in
1434 2470 1494 2504 tali
1511 2471 1703 2504 tentatione
1720 2472 1889 2510 intuenda
1910 2486 1990 2513 sunt
2009 2492 2109 2513 man-

1125 2523 1202 2556 data
1220 2525 1262 2555 de
1280 2522 1508 2566 poenitentia,
1536 2528 1567 2554 et
1586 2523 1835 2565 promissiones
1851 2528 1893 2561 de
1910 2529 1989 2570 fide,
2005 2543 2109 2575 quam

1124 2574 1301 2607 subtiliter
1321 2573 1542 2618 quaerendae
1561 2584 1682 2606 causae
1707 2575 1837 2610 delicti.
1894 2579 2030 2625 Lapsus
2053 2583 2108 2614 in-

1124 2636 1206 2668 gens
1229 2632 1297 2664 est,
1333 2631 1365 2657 et
1390 2622 1609 2657 horribiliter
1638 2623 1786 2660 offendit
1810 2628 1946 2672 Deum,
1974 2632 2107 2665 etiamsi

1124 2688 1162 2708 ex
1180 2682 1272 2708 metu
1289 2674 1411 2714 crucis,
1438 2685 1511 2707 non
1530 2686 1568 2706 ex
1583 2674 1665 2708 odio
1683 2674 1816 2712 Christi
1831 2686 1928 2714 ortus
1944 2689 2005 2716 est.
2031 2680 2109 2716 Etsi

1124 2726 1217 2760 enim
1234 2726 1414 2760 fatendum
1434 2732 1482 2758 est
1499 2736 1569 2758 esse
1587 2726 1715 2770 gradus
1730 2736 1965 2774 peccatorum,
1993 2739 2109 2767 tamen

1433 2776 1482 2810 26
