<?xml version="1.0" encoding="UTF-8"?>
<!DOCTYPE html PUBLIC "-//W3C//DTD XHTML 1.0 Transitional//EN"
    "http://www.w3.org/TR/xhtml1/DTD/xhtml1-transitional.dtd">
<html xmlns="http://www.w3.org/1999/xhtml" xml:lang="en" lang="en">
 <head>
  <title>
</title>
<meta http-equiv="Content-Type" content="text/html;charset=utf-8" />
  <meta name='ocr-system' content='tesseract 3.04.00' />
  <meta name='ocr-capabilities' content='ocr_page ocr_carea ocr_par ocr_line ocrx_word'/>
</head>
<body>
  <div class='ocr_page' id='page_1' title='image "./operaquaesupersu15melauoft/operaquaesupersu15melauoft_0112.png"; bbox 0 0 2415 2942; ppageno 0'>
   <div class='ocr_carea' id='block_1_1' title="bbox 236 76 2257 126">
    <p class='ocr_par' dir='ltr' id='par_1_1' title="bbox 236 76 2257 126">
     <span class='ocr_line' id='line_1_1' title="bbox 236 76 2257 126; baseline -0.006 0"><span class='ocrx_word' id='word_1_1' title='bbox 236 92 309 126; x_wconf 64' lang='lat'>2³07</span> <span class='ocrx_word' id='word_1_2' title='bbox 829 79 954 115; x_wconf 72' lang='lat' dir='ltr'>rum.</span> <span class='ocrx_word' id='word_1_3' title='bbox 980 79 1097 116; x_wconf 86' lang='lat' dir='ltr'><strong>MEL.</strong></span> <span class='ocrx_word' id='word_1_4' title='bbox 1123 76 1331 115; x_wconf 80' lang='lat' dir='ltr'>SCRIPTA</span> <span class='ocrx_word' id='word_1_5' title='bbox 1358 77 1658 117; x_wconf 80' lang='lat' dir='ltr'>EXEGETICA.</span> <span class='ocrx_word' id='word_1_6' title='bbox 2182 79 2257 114; x_wconf 74' lang='lat'>208</span> 
     </span>
    </p>
   </div>
   <div class='ocr_carea' id='block_1_2' title="bbox 246 164 1238 465">
    <p class='ocr_par' dir='ltr' id='par_1_2' title="bbox 246 164 1238 465">
     <span class='ocr_line' id='line_1_2' title="bbox 246 164 1232 221; baseline -0.016 -10"><span class='ocrx_word' id='word_1_7' title='bbox 246 187 334 221; x_wconf 86' lang='lat' dir='ltr'>opus</span> <span class='ocrx_word' id='word_1_8' title='bbox 358 173 482 207; x_wconf 77' lang='lat' dir='ltr'>violari</span> <span class='ocrx_word' id='word_1_9' title='bbox 510 170 680 203; x_wconf 72' lang='lat' dir='ltr'>noluerat.</span> <span class='ocrx_word' id='word_1_10' title='bbox 740 164 835 199; x_wconf 72' lang='lat' dir='ltr'>Ilaec</span> <span class='ocrx_word' id='word_1_11' title='bbox 851 164 1048 207; x_wconf 62' lang='lat' dir='ltr'>{diligenter</span> <span class='ocrx_word' id='word_1_12' title='bbox 1070 164 1232 197; x_wconf 84' lang='lat' dir='ltr'>conside-</span> 
     </span>
     <span class='ocr_line' id='line_1_3' title="bbox 247 215 1235 262; baseline -0.015 -1"><span class='ocrx_word' id='word_1_13' title='bbox 247 228 356 262; x_wconf 87' lang='lat' dir='ltr'>randa</span> <span class='ocrx_word' id='word_1_14' title='bbox 385 231 483 262; x_wconf 88' lang='lat' dir='ltr'>sunt,</span> <span class='ocrx_word' id='word_1_15' title='bbox 517 227 549 254; x_wconf 89' lang='lat' dir='ltr'>et</span> <span class='ocrx_word' id='word_1_16' title='bbox 579 217 727 261; x_wconf 77' lang='lat' dir='ltr'>simplex</span> <span class='ocrx_word' id='word_1_17' title='bbox 753 215 901 255; x_wconf 77' lang='lat' dir='ltr'>veritas,</span> <span class='ocrx_word' id='word_1_18' title='bbox 936 226 1040 259; x_wconf 84' lang='lat' dir='ltr'>quam</span> <span class='ocrx_word' id='word_1_19' title='bbox 1064 215 1235 255; x_wconf 87' lang='lat' dir='ltr'>recensui,</span> 
     </span>
     <span class='ocr_line' id='line_1_4' title="bbox 249 265 1234 311; baseline -0.013 -1"><span class='ocrx_word' id='word_1_20' title='bbox 249 274 433 311; x_wconf 74' lang='lat' dir='ltr'>retinenda</span> <span class='ocrx_word' id='word_1_21' title='bbox 457 279 523 309; x_wconf 85' lang='lat' dir='ltr'>est,</span> <span class='ocrx_word' id='word_1_22' title='bbox 552 270 725 302; x_wconf 80' lang='lat' dir='ltr'>discamus</span> <span class='ocrx_word' id='word_1_23' title='bbox 749 276 813 297; x_wconf 88' lang='lat' dir='ltr'>nos</span> <span class='ocrx_word' id='word_1_24' title='bbox 840 265 934 308; x_wconf 85' lang='lat' dir='ltr'>ipsos</span> <span class='ocrx_word' id='word_1_25' title='bbox 953 277 1134 310; x_wconf 86' lang='lat' dir='ltr'>accusare,</span> <span class='ocrx_word' id='word_1_26' title='bbox 1161 277 1234 298; x_wconf 90' lang='lat' dir='ltr'>non</span> 
     </span>
     <span class='ocr_line' id='line_1_5' title="bbox 249 316 1236 367; baseline -0.013 -6"><span class='ocrx_word' id='word_1_27' title='bbox 249 328 383 366; x_wconf 74' lang='lat' dir='ltr'>Deum,</span> <span class='ocrx_word' id='word_1_28' title='bbox 413 330 568 367; x_wconf 81' lang='lat' dir='ltr'>petamus</span> <span class='ocrx_word' id='word_1_29' title='bbox 589 330 607 350; x_wconf 87' lang='lat' dir='ltr'>a</span> <span class='ocrx_word' id='word_1_30' title='bbox 625 317 698 350; x_wconf 76' lang='lat' dir='ltr'>Deo</span> <span class='ocrx_word' id='word_1_31' title='bbox 725 316 879 349; x_wconf 80' lang='lat' dir='ltr'>remedia</span> <span class='ocrx_word' id='word_1_32' title='bbox 905 323 1108 350; x_wconf 89' lang='lat' dir='ltr'>nostrorum</span> <span class='ocrx_word' id='word_1_33' title='bbox 1124 317 1236 349; x_wconf 83' lang='lat' dir='ltr'>malo-</span> 
     </span>
     <span class='ocr_line' id='line_1_6' title="bbox 251 366 1238 413; baseline -0.013 -3"><span class='ocrx_word' id='word_1_34' title='bbox 251 389 348 413; x_wconf 85' lang='lat' dir='ltr'>rum,</span> <span class='ocrx_word' id='word_1_35' title='bbox 377 375 462 407; x_wconf 89' lang='lat' dir='ltr'>sicut</span> <span class='ocrx_word' id='word_1_36' title='bbox 487 370 598 403; x_wconf 81' lang='lat' dir='ltr'>Oscae</span> <span class='ocrx_word' id='word_1_37' title='bbox 619 368 675 401; x_wconf 80' lang='lat'>13.</span> <span class='ocrx_word' id='word_1_38' title='bbox 700 367 846 400; x_wconf 87' lang='lat' dir='ltr'>dicitur:</span> <span class='ocrx_word' id='word_1_39' title='bbox 875 366 1032 401; x_wconf 84' lang='lat' dir='ltr'>Perditio</span> <span class='ocrx_word' id='word_1_40' title='bbox 1057 374 1115 401; x_wconf 82' lang='lat' dir='ltr'>tua</span> <span class='ocrx_word' id='word_1_41' title='bbox 1142 379 1182 400; x_wconf 84' lang='lat' dir='ltr'>ex</span> <span class='ocrx_word' id='word_1_42' title='bbox 1205 374 1238 400; x_wconf 84' lang='lat' dir='ltr'>te</span> 
     </span>
     <span class='ocr_line' id='line_1_7' title="bbox 254 418 985 465; baseline -0.014 -5"><span class='ocrx_word' id='word_1_43' title='bbox 254 426 377 465; x_wconf 68' lang='lat' dir='ltr'>lsrael,</span> <span class='ocrx_word' id='word_1_44' title='bbox 404 429 540 456; x_wconf 85' lang='lat' dir='ltr'>tantum</span> <span class='ocrx_word' id='word_1_45' title='bbox 560 420 596 452; x_wconf 90' lang='lat' dir='ltr'>in</span> <span class='ocrx_word' id='word_1_46' title='bbox 614 430 670 451; x_wconf 85' lang='lat' dir='ltr'>me</span> <span class='ocrx_word' id='word_1_47' title='bbox 687 418 855 451; x_wconf 75' lang='lat' dir='ltr'>auxilium</span> <span class='ocrx_word' id='word_1_48' title='bbox 874 424 985 454; x_wconf 85' lang='lat' dir='ltr'>tuum.</span> 
     </span>
    </p>
   </div>
   <div class='ocr_carea' id='block_1_3' title="bbox 254 483 1251 1183">
    <p class='ocr_par' dir='ltr' id='par_1_3' title="bbox 254 483 1251 1183">
     <span class='ocr_line' id='line_1_8' title="bbox 355 483 1238 534; baseline -0.006 -12"><span class='ocrx_word' id='word_1_49' title='bbox 355 491 459 534; x_wconf 84' lang='lat' dir='ltr'>Quod</span> <span class='ocrx_word' id='word_1_50' title='bbox 487 500 568 521; x_wconf 88' lang='lat' dir='ltr'>vero</span> <span class='ocrx_word' id='word_1_51' title='bbox 596 486 770 519; x_wconf 88' lang='lat' dir='ltr'>obiiciunt</span> <span class='ocrx_word' id='word_1_52' title='bbox 794 483 1008 530; x_wconf 84' lang='lat' dir='ltr'>aliquihaec</span> <span class='ocrx_word' id='word_1_53' title='bbox 1025 486 1134 519; x_wconf 84' lang='lat' dir='ltr'>dicta:</span> <span class='ocrx_word' id='word_1_54' title='bbox 1164 483 1238 527; x_wconf 82' lang='lat' dir='ltr'>Ego</span> 
     </span>
     <span class='ocr_line' id='line_1_9' title="bbox 254 536 1240 578; baseline -0.01 -1"><span class='ocrx_word' id='word_1_55' title='bbox 254 543 431 578; x_wconf 79' lang='lat' dir='ltr'>indurabo</span> <span class='ocrx_word' id='word_1_56' title='bbox 456 551 515 572; x_wconf 90' lang='lat' dir='ltr'>cor</span> <span class='ocrx_word' id='word_1_57' title='bbox 531 536 745 576; x_wconf 71' lang='lat' dir='ltr'><strong>Pharaonis,</strong></span> <span class='ocrx_word' id='word_1_58' title='bbox 774 543 805 570; x_wconf 87' lang='lat' dir='ltr'>et</span> <span class='ocrx_word' id='word_1_59' title='bbox 825 536 974 577; x_wconf 77' lang='lat' dir='ltr'>similia,</span> <span class='ocrx_word' id='word_1_60' title='bbox 1001 543 1092 570; x_wconf 85' lang='lat' dir='ltr'>certa</span> <span class='ocrx_word' id='word_1_61' title='bbox 1110 543 1142 569; x_wconf 81' lang='lat' dir='ltr'>et</span> <span class='ocrx_word' id='word_1_62' title='bbox 1161 548 1240 568; x_wconf 75' lang='lat' dir='ltr'>vera</span> 
     </span>
     <span class='ocr_line' id='line_1_10' title="bbox 257 586 1242 638; baseline -0.01 -10"><span class='ocrx_word' id='word_1_63' title='bbox 257 593 440 638; x_wconf 71' lang='lat' dir='ltr'>explicatio</span> <span class='ocrx_word' id='word_1_64' title='bbox 473 597 541 630; x_wconf 84' lang='lat' dir='ltr'>est,</span> <span class='ocrx_word' id='word_1_65' title='bbox 576 586 660 621; x_wconf 75' lang='lat' dir='ltr'>llaec</span> <span class='ocrx_word' id='word_1_66' title='bbox 691 587 781 620; x_wconf 88' lang='lat' dir='ltr'>dicta</span> <span class='ocrx_word' id='word_1_67' title='bbox 810 587 905 631; x_wconf 90' lang='lat' dir='ltr'>loqui</span> <span class='ocrx_word' id='word_1_68' title='bbox 932 587 975 620; x_wconf 84' lang='lat' dir='ltr'>de</span> <span class='ocrx_word' id='word_1_69' title='bbox 1000 587 1242 630; x_wconf 75' lang='lat' dir='ltr'>permissione,</span> 
     </span>
     <span class='ocr_line' id='line_1_11' title="bbox 257 635 1243 681; baseline -0.011 -2"><span class='ocrx_word' id='word_1_70' title='bbox 257 645 453 681; x_wconf 85' lang='lat' dir='ltr'>indurabo,</span> <span class='ocrx_word' id='word_1_71' title='bbox 479 642 514 673; x_wconf 88' lang='lat' dir='ltr'>id</span> <span class='ocrx_word' id='word_1_72' title='bbox 539 646 606 679; x_wconf 84' lang='lat' dir='ltr'>est,</span> <span class='ocrx_word' id='word_1_73' title='bbox 635 638 745 670; x_wconf 88' lang='lat' dir='ltr'>sinam</span> <span class='ocrx_word' id='word_1_74' title='bbox 772 637 943 672; x_wconf 74' lang='lat' dir='ltr'>indurari,</span> <span class='ocrx_word' id='word_1_75' title='bbox 996 637 1084 670; x_wconf 82' lang='lat' dir='ltr'>Nam</span> <span class='ocrx_word' id='word_1_76' title='bbox 1107 635 1243 680; x_wconf 81' lang='lat' dir='ltr'>phrasis</span> 
     </span>
     <span class='ocr_line' id='line_1_12' title="bbox 257 686 1244 734; baseline -0.01 -5"><span class='ocrx_word' id='word_1_77' title='bbox 257 694 407 730; x_wconf 75' lang='lat' dir='ltr'>Ebraica</span> <span class='ocrx_word' id='word_1_78' title='bbox 432 704 503 725; x_wconf 86' lang='lat' dir='ltr'>non</span> <span class='ocrx_word' id='word_1_79' title='bbox 527 689 679 734; x_wconf 86' lang='lat' dir='ltr'>postulat</span> <span class='ocrx_word' id='word_1_80' title='bbox 697 686 901 721; x_wconf 80' lang='lat' dir='ltr'>huiusmodi</span> <span class='ocrx_word' id='word_1_81' title='bbox 923 689 1028 720; x_wconf 85' lang='lat' dir='ltr'>verba</span> <span class='ocrx_word' id='word_1_82' title='bbox 1045 689 1167 721; x_wconf 88' lang='lat' dir='ltr'>durius</span> <span class='ocrx_word' id='word_1_83' title='bbox 1186 699 1244 719; x_wconf 79' lang='lat' dir='ltr'>ex-</span> 
     </span>
     <span class='ocr_line' id='line_1_13' title="bbox 258 738 1245 791; baseline -0.01 -12"><span class='ocrx_word' id='word_1_84' title='bbox 258 746 363 791; x_wconf 81' lang='lat' dir='ltr'>poni,</span> <span class='ocrx_word' id='word_1_85' title='bbox 399 750 437 777; x_wconf 90' lang='lat' dir='ltr'>nt</span> <span class='ocrx_word' id='word_1_86' title='bbox 461 754 539 775; x_wconf 88' lang='lat' dir='ltr'>cum</span> <span class='ocrx_word' id='word_1_87' title='bbox 565 740 729 773; x_wconf 80' lang='lat' dir='ltr'>dicimus:</span> <span class='ocrx_word' id='word_1_88' title='bbox 758 738 809 771; x_wconf 54' lang='lat' dir='ltr'>§e</span> <span class='ocrx_word' id='word_1_89' title='bbox 834 750 897 770; x_wconf 87' lang='lat' dir='ltr'>nos</span> <span class='ocrx_word' id='word_1_90' title='bbox 922 738 1067 771; x_wconf 88' lang='lat' dir='ltr'>inducas</span> <span class='ocrx_word' id='word_1_91' title='bbox 1091 739 1245 770; x_wconf 90' lang='lat' dir='ltr'>intenta-</span> 
     </span>
     <span class='ocr_line' id='line_1_14' title="bbox 259 788 1246 835; baseline -0.01 -5"><span class='ocrx_word' id='word_1_92' title='bbox 259 798 410 835; x_wconf 82' lang='lat' dir='ltr'>tionem,</span> <span class='ocrx_word' id='word_1_93' title='bbox 438 794 472 825; x_wconf 92' lang='lat' dir='ltr'>id</span> <span class='ocrx_word' id='word_1_94' title='bbox 492 798 558 831; x_wconf 85' lang='lat' dir='ltr'>est,</span> <span class='ocrx_word' id='word_1_95' title='bbox 585 802 629 822; x_wconf 84' lang='lat' dir='ltr'>ue</span> <span class='ocrx_word' id='word_1_96' title='bbox 648 790 740 822; x_wconf 90' lang='lat' dir='ltr'>sinas</span> <span class='ocrx_word' id='word_1_97' title='bbox 760 800 823 821; x_wconf 87' lang='lat' dir='ltr'>nos</span> <span class='ocrx_word' id='word_1_98' title='bbox 842 789 980 827; x_wconf 89' lang='lat' dir='ltr'>induci,</span> <span class='ocrx_word' id='word_1_99' title='bbox 1006 795 1066 821; x_wconf 89' lang='lat' dir='ltr'>aut</span> <span class='ocrx_word' id='word_1_100' title='bbox 1083 788 1246 821; x_wconf 89' lang='lat' dir='ltr'>inductos</span> 
     </span>
     <span class='ocr_line' id='line_1_15' title="bbox 261 837 1247 892; baseline -0.007 -15"><span class='ocrx_word' id='word_1_101' title='bbox 261 848 386 892; x_wconf 73' lang='lat' dir='ltr'>perire.</span> <span class='ocrx_word' id='word_1_102' title='bbox 453 841 637 876; x_wconf 65' lang='lat' dir='ltr'>praevidet</span> <span class='ocrx_word' id='word_1_103' title='bbox 668 839 763 873; x_wconf 83' lang='lat' dir='ltr'>Deus</span> <span class='ocrx_word' id='word_1_104' title='bbox 797 837 1008 878; x_wconf 74' lang='lat' dir='ltr'>Pharaonis,</span> <span class='ocrx_word' id='word_1_105' title='bbox 1043 838 1178 878; x_wconf 86' lang='lat' dir='ltr'>Saulis,</span> <span class='ocrx_word' id='word_1_106' title='bbox 1215 844 1247 870; x_wconf 88' lang='lat' dir='ltr'>et</span> 
     </span>
     <span class='ocr_line' id='line_1_16' title="bbox 262 889 1247 933; baseline -0.011 -2"><span class='ocrx_word' id='word_1_107' title='bbox 262 899 411 932; x_wconf 78' lang='lat' dir='ltr'>alioruin</span> <span class='ocrx_word' id='word_1_108' title='bbox 428 894 579 931; x_wconf 81' lang='lat' dir='ltr'>furores,</span> <span class='ocrx_word' id='word_1_109' title='bbox 606 903 643 923; x_wconf 84' lang='lat' dir='ltr'>ac</span> <span class='ocrx_word' id='word_1_110' title='bbox 659 890 731 922; x_wconf 79' lang='lat' dir='ltr'>fieri</span> <span class='ocrx_word' id='word_1_111' title='bbox 751 889 938 933; x_wconf 83' lang='lat' dir='ltr'>permittit,</span> <span class='ocrx_word' id='word_1_112' title='bbox 966 896 1132 933; x_wconf 82' lang='lat' dir='ltr'>tanquam</span> <span class='ocrx_word' id='word_1_113' title='bbox 1150 900 1247 921; x_wconf 85' lang='lat' dir='ltr'>suam</span> 
     </span>
     <span class='ocr_line' id='line_1_17' title="bbox 263 938 1248 981; baseline -0.008 -2"><span class='ocrx_word' id='word_1_114' title='bbox 263 950 352 981; x_wconf 83' lang='lat' dir='ltr'>iram</span> <span class='ocrx_word' id='word_1_115' title='bbox 385 944 621 978; x_wconf 83' lang='lat' dir='ltr'>abscondens,</span> <span class='ocrx_word' id='word_1_116' title='bbox 655 952 694 972; x_wconf 84' lang='lat' dir='ltr'>ac</span> <span class='ocrx_word' id='word_1_117' title='bbox 722 940 932 972; x_wconf 71' lang='lat' dir='ltr'>determinat</span> <span class='ocrx_word' id='word_1_118' title='bbox 956 946 1094 979; x_wconf 89' lang='lat' dir='ltr'>tamen,</span> <span class='ocrx_word' id='word_1_119' title='bbox 1126 938 1162 971; x_wconf 88' lang='lat' dir='ltr'>id</span> <span class='ocrx_word' id='word_1_120' title='bbox 1188 946 1248 979; x_wconf 90' lang='lat' dir='ltr'>est,</span> 
     </span>
     <span class='ocr_line' id='line_1_18' title="bbox 263 990 1250 1033; baseline -0.01 -1"><span class='ocrx_word' id='word_1_121' title='bbox 263 1005 373 1031; x_wconf 86' lang='lat' dir='ltr'>metas</span> <span class='ocrx_word' id='word_1_122' title='bbox 391 995 460 1027; x_wconf 87' lang='lat' dir='ltr'>illis</span> <span class='ocrx_word' id='word_1_123' title='bbox 477 992 657 1025; x_wconf 87' lang='lat' dir='ltr'>furoribus</span> <span class='ocrx_word' id='word_1_124' title='bbox 676 990 874 1030; x_wconf 84' lang='lat' dir='ltr'>constitnit,</span> <span class='ocrx_word' id='word_1_125' title='bbox 902 1002 987 1033; x_wconf 88' lang='lat' dir='ltr'>quas</span> <span class='ocrx_word' id='word_1_126' title='bbox 1004 990 1153 1023; x_wconf 87' lang='lat' dir='ltr'>transire</span> <span class='ocrx_word' id='word_1_127' title='bbox 1172 990 1250 1022; x_wconf 90' lang='lat' dir='ltr'>illos</span> 
     </span>
     <span class='ocr_line' id='line_1_19' title="bbox 264 1040 1251 1083; baseline -0.01 -1"><span class='ocrx_word' id='word_1_128' title='bbox 264 1061 337 1082; x_wconf 82' lang='lat' dir='ltr'>nou</span> <span class='ocrx_word' id='word_1_129' title='bbox 362 1046 454 1078; x_wconf 86' lang='lat' dir='ltr'>sinit.</span> <span class='ocrx_word' id='word_1_130' title='bbox 510 1041 605 1074; x_wconf 86' lang='lat' dir='ltr'>Ilaec</span> <span class='ocrx_word' id='word_1_131' title='bbox 631 1041 876 1073; x_wconf 70' lang='lat' dir='ltr'>determinatio</span> <span class='ocrx_word' id='word_1_132' title='bbox 902 1040 1031 1073; x_wconf 77' lang='lat' dir='ltr'>illustri</span> <span class='ocrx_word' id='word_1_133' title='bbox 1055 1041 1164 1083; x_wconf 81' lang='lat' dir='ltr'>figura</span> <span class='ocrx_word' id='word_1_134' title='bbox 1190 1041 1251 1073; x_wconf 90' lang='lat' dir='ltr'>de-</span> 
     </span>
     <span class='ocr_line' id='line_1_20' title="bbox 266 1088 1251 1135; baseline -0.014 -4"><span class='ocrx_word' id='word_1_135' title='bbox 266 1098 432 1132; x_wconf 74' lang='lat' dir='ltr'>scribitur</span> <span class='ocrx_word' id='word_1_136' title='bbox 462 1094 499 1126; x_wconf 93' lang='lat' dir='ltr'>in</span> <span class='ocrx_word' id='word_1_137' title='bbox 533 1088 774 1132; x_wconf 79' lang='lat' dir='ltr'>Seunaherib-,</span> <span class='ocrx_word' id='word_1_138' title='bbox 808 1089 843 1126; x_wconf 79' lang='grc'>4.</span> <span class='ocrx_word' id='word_1_139' title='bbox 867 1090 1004 1133; x_wconf 80' lang='lat' dir='ltr'>Regum</span> <span class='ocrx_word' id='word_1_140' title='bbox 1025 1091 1096 1124; x_wconf 73' lang='lat'><strong>19‚:</strong></span> <span class='ocrx_word' id='word_1_141' title='bbox 1135 1090 1251 1135; x_wconf 78' lang='lat' dir='ltr'>Impo-</span> 
     </span>
     <span class='ocr_line' id='line_1_21' title="bbox 266 1142 1139 1183; baseline -0.008 -1"><span class='ocrx_word' id='word_1_142' title='bbox 266 1161 349 1182; x_wconf 82' lang='lat' dir='ltr'>nam</span> <span class='ocrx_word' id='word_1_143' title='bbox 367 1149 505 1180; x_wconf 85' lang='lat' dir='ltr'>frenum</span> <span class='ocrx_word' id='word_1_144' title='bbox 524 1143 625 1176; x_wconf 82' lang='lat' dir='ltr'>labiis</span> <span class='ocrx_word' id='word_1_145' title='bbox 643 1142 731 1181; x_wconf 89' lang='lat' dir='ltr'>tuis,</span> <span class='ocrx_word' id='word_1_146' title='bbox 761 1148 794 1175; x_wconf 90' lang='lat' dir='ltr'>et</span> <span class='ocrx_word' id='word_1_147' title='bbox 811 1143 975 1175; x_wconf 80' lang='lat' dir='ltr'>reducam</span> <span class='ocrx_word' id='word_1_148' title='bbox 995 1148 1047 1183; x_wconf 86' lang='lat' dir='ltr'>te,</span> <span class='ocrx_word' id='word_1_149' title='bbox 1074 1149 1139 1175; x_wconf 85' lang='lat' dir='ltr'>etc.</span> 
     </span>
    </p>
   </div>
   <div class='ocr_carea' id='block_1_4' title="bbox 372 1239 1154 1294">
    <p class='ocr_par' dir='ltr' id='par_1_4' title="bbox 372 1239 1154 1294">
     <span class='ocr_line' id='line_1_22' title="bbox 372 1239 1154 1294; baseline -0.01 -13"><span class='ocrx_word' id='word_1_150' title='bbox 372 1246 466 1294; x_wconf 75' lang='lat' dir='ltr'>Quis</span> <span class='ocrx_word' id='word_1_151' title='bbox 492 1257 537 1279; x_wconf 62' lang='lat' dir='ltr'>ex</span> <span class='ocrx_word' id='word_1_152' title='bbox 559 1243 658 1277; x_wconf 67' lang='lat' dir='ltr'>robis</span> <span class='ocrx_word' id='word_1_153' title='bbox 685 1246 813 1288; x_wconf 76' lang='lat' dir='ltr'>arguet</span> <span class='ocrx_word' id='word_1_154' title='bbox 839 1253 892 1275; x_wconf 75' lang='lat' dir='ltr'>me</span> <span class='ocrx_word' id='word_1_155' title='bbox 920 1239 961 1275; x_wconf 77' lang='lat' dir='ltr'>de</span> <span class='ocrx_word' id='word_1_156' title='bbox 984 1242 1154 1290; x_wconf 78' lang='lat' dir='ltr'>peccalo?</span> 
     </span>
    </p>
   </div>
   <div class='ocr_carea' id='block_1_5' title="bbox 271 1317 1269 2471">
    <p class='ocr_par' dir='ltr' id='par_1_5' title="bbox 271 1317 1269 2471">
     <span class='ocr_line' id='line_1_23' title="bbox 370 1317 1253 1366; baseline -0.007 -10"><span class='ocrx_word' id='word_1_157' title='bbox 370 1320 570 1366; x_wconf 71' lang='lat' dir='ltr'>Disputatio</span> <span class='ocrx_word' id='word_1_158' title='bbox 594 1326 643 1352; x_wconf 89' lang='lat' dir='ltr'>est</span> <span class='ocrx_word' id='word_1_159' title='bbox 668 1319 710 1350; x_wconf 86' lang='lat' dir='ltr'>dc</span> <span class='ocrx_word' id='word_1_160' title='bbox 737 1317 935 1357; x_wconf 83' lang='lat' dir='ltr'>vocatione,</span> <span class='ocrx_word' id='word_1_161' title='bbox 962 1329 1006 1349; x_wconf 86' lang='lat' dir='ltr'>an</span> <span class='ocrx_word' id='word_1_162' title='bbox 1032 1317 1075 1350; x_wconf 90' lang='lat' dir='ltr'>sit</span> <span class='ocrx_word' id='word_1_163' title='bbox 1094 1317 1219 1350; x_wconf 79' lang='lat' dir='ltr'>missus</span> <span class='ocrx_word' id='word_1_164' title='bbox 1237 1330 1253 1350; x_wconf 90' lang='lat' dir='ltr'>a</span> 
     </span>
     <span class='ocr_line' id='line_1_24' title="bbox 271 1367 1254 1411; baseline -0.011 -1"><span class='ocrx_word' id='word_1_165' title='bbox 271 1377 347 1411; x_wconf 84' lang='lat' dir='ltr'>Deo</span> <span class='ocrx_word' id='word_1_166' title='bbox 373 1372 431 1406; x_wconf 78' lang='lat' dir='ltr'>hic</span> <span class='ocrx_word' id='word_1_167' title='bbox 461 1371 573 1410; x_wconf 87' lang='lat' dir='ltr'>Iesus,</span> <span class='ocrx_word' id='word_1_168' title='bbox 609 1370 677 1401; x_wconf 89' lang='lat' dir='ltr'>imo</span> <span class='ocrx_word' id='word_1_169' title='bbox 704 1380 747 1401; x_wconf 90' lang='lat' dir='ltr'>au</span> <span class='ocrx_word' id='word_1_170' title='bbox 772 1369 815 1400; x_wconf 88' lang='lat' dir='ltr'>sit</span> <span class='ocrx_word' id='word_1_171' title='bbox 840 1367 1005 1405; x_wconf 70' lang='lat' dir='ltr'>Messias,</span> <span class='ocrx_word' id='word_1_172' title='bbox 1039 1368 1128 1400; x_wconf 87' lang='lat' dir='ltr'>sicut</span> <span class='ocrx_word' id='word_1_173' title='bbox 1152 1379 1254 1411; x_wconf 86' lang='lat' dir='ltr'>supra</span> 
     </span>
     <span class='ocr_line' id='line_1_25' title="bbox 272 1416 1254 1466; baseline -0.011 -5"><span class='ocrx_word' id='word_1_174' title='bbox 272 1429 511 1466; x_wconf 74' lang='lat' dir='ltr'>interrogant,</span> <span class='ocrx_word' id='word_1_175' title='bbox 547 1420 624 1465; x_wconf 84' lang='lat' dir='ltr'>quis</span> <span class='ocrx_word' id='word_1_176' title='bbox 656 1420 712 1454; x_wconf 88' lang='lat' dir='ltr'>sit.</span> <span class='ocrx_word' id='word_1_177' title='bbox 778 1418 896 1451; x_wconf 86' lang='lat' dir='ltr'>Iudaei</span> <span class='ocrx_word' id='word_1_178' title='bbox 927 1426 1040 1450; x_wconf 86' lang='lat' dir='ltr'>autem</span> <span class='ocrx_word' id='word_1_179' title='bbox 1065 1416 1254 1460; x_wconf 80' lang='lat' dir='ltr'>reprelien-</span> 
     </span>
     <span class='ocr_line' id='line_1_26' title="bbox 274 1469 1256 1515; baseline -0.01 -4"><span class='ocrx_word' id='word_1_180' title='bbox 274 1480 363 1511; x_wconf 80' lang='lat' dir='ltr'>dunt</span> <span class='ocrx_word' id='word_1_181' title='bbox 388 1476 461 1508; x_wconf 86' lang='lat' dir='ltr'>eius</span> <span class='ocrx_word' id='word_1_182' title='bbox 483 1473 594 1511; x_wconf 89' lang='lat' dir='ltr'>dicta,</span> <span class='ocrx_word' id='word_1_183' title='bbox 621 1471 713 1515; x_wconf 86' lang='lat' dir='ltr'>quod</span> <span class='ocrx_word' id='word_1_184' title='bbox 735 1477 802 1502; x_wconf 86' lang='lat' dir='ltr'>tam</span> <span class='ocrx_word' id='word_1_185' title='bbox 824 1469 956 1502; x_wconf 81' lang='lat' dir='ltr'>tristem</span> <span class='ocrx_word' id='word_1_186' title='bbox 973 1469 1180 1502; x_wconf 84' lang='lat' dir='ltr'>sententiam</span> <span class='ocrx_word' id='word_1_187' title='bbox 1201 1476 1256 1502; x_wconf 89' lang='lat' dir='ltr'>tu-</span> 
     </span>
     <span class='ocr_line' id='line_1_27' title="bbox 275 1517 1256 1564; baseline -0.015 -3"><span class='ocrx_word' id='word_1_188' title='bbox 275 1531 378 1564; x_wconf 84' lang='lat' dir='ltr'>lerat,</span> <span class='ocrx_word' id='word_1_189' title='bbox 406 1524 587 1561; x_wconf 78' lang='lat' dir='ltr'>videlicet,</span> <span class='ocrx_word' id='word_1_190' title='bbox 616 1520 679 1553; x_wconf 81' lang='lat' dir='ltr'>bos</span> <span class='ocrx_word' id='word_1_191' title='bbox 704 1520 792 1552; x_wconf 78' lang='lat' dir='ltr'>tilios</span> <span class='ocrx_word' id='word_1_192' title='bbox 820 1517 1001 1558; x_wconf 80' lang='lat' dir='ltr'>Abrahae,</span> <span class='ocrx_word' id='word_1_193' title='bbox 1026 1526 1057 1551; x_wconf 91' lang='lat' dir='ltr'>et</span> <span class='ocrx_word' id='word_1_194' title='bbox 1083 1520 1256 1561; x_wconf 75' lang='lat' dir='ltr'>guberna-</span> 
     </span>
     <span class='ocr_line' id='line_1_28' title="bbox 274 1568 1256 1619; baseline -0.009 -8"><span class='ocrx_word' id='word_1_195' title='bbox 274 1588 365 1614; x_wconf 81' lang='lat' dir='ltr'>tores</span> <span class='ocrx_word' id='word_1_196' title='bbox 392 1574 510 1619; x_wconf 78' lang='lat' dir='ltr'>populi</span> <span class='ocrx_word' id='word_1_197' title='bbox 540 1572 602 1606; x_wconf 76' lang='lat' dir='ltr'>Dei</span> <span class='ocrx_word' id='word_1_198' title='bbox 631 1583 701 1603; x_wconf 83' lang='lat' dir='ltr'>csse</span> <span class='ocrx_word' id='word_1_199' title='bbox 725 1584 742 1602; x_wconf 83' lang='lat' dir='ltr'>a</span> <span class='ocrx_word' id='word_1_200' title='bbox 771 1570 923 1604; x_wconf 77' lang='lat' dir='ltr'>diabolo.</span> <span class='ocrx_word' id='word_1_201' title='bbox 976 1568 1071 1602; x_wconf 80' lang='lat' dir='ltr'>Haec</span> <span class='ocrx_word' id='word_1_202' title='bbox 1096 1582 1161 1602; x_wconf 83' lang='lat' dir='ltr'>vox</span> <span class='ocrx_word' id='word_1_203' title='bbox 1188 1577 1256 1602; x_wconf 89' lang='lat' dir='ltr'>tam</span> 
     </span>
     <span class='ocr_line' id='line_1_29' title="bbox 276 1620 1258 1666; baseline -0.01 -4"><span class='ocrx_word' id='word_1_204' title='bbox 276 1629 427 1662; x_wconf 77' lang='lat' dir='ltr'>absurda</span> <span class='ocrx_word' id='word_1_205' title='bbox 455 1632 487 1657; x_wconf 81' lang='lat' dir='ltr'>et</span> <span class='ocrx_word' id='word_1_206' title='bbox 513 1624 618 1666; x_wconf 83' lang='lat' dir='ltr'>impia</span> <span class='ocrx_word' id='word_1_207' title='bbox 642 1622 796 1661; x_wconf 79' lang='lat' dir='ltr'>videtur,</span> <span class='ocrx_word' id='word_1_208' title='bbox 824 1627 861 1653; x_wconf 91' lang='lat' dir='ltr'>nt</span> <span class='ocrx_word' id='word_1_209' title='bbox 886 1621 912 1652; x_wconf 90' lang='lat' dir='ltr'>si</span> <span class='ocrx_word' id='word_1_210' title='bbox 936 1621 1013 1664; x_wconf 84' lang='lat' dir='ltr'>quis</span> <span class='ocrx_word' id='word_1_211' title='bbox 1039 1620 1131 1653; x_wconf 88' lang='lat' dir='ltr'>dicat</span> <span class='ocrx_word' id='word_1_212' title='bbox 1154 1632 1258 1665; x_wconf 69' lang='lat' dir='ltr'>syno-</span> 
     </span>
     <span class='ocr_line' id='line_1_30' title="bbox 275 1670 1258 1719; baseline -0.01 -5"><span class='ocrx_word' id='word_1_213' title='bbox 275 1682 361 1714; x_wconf 84' lang='lat' dir='ltr'>dum</span> <span class='ocrx_word' id='word_1_214' title='bbox 386 1684 418 1709; x_wconf 91' lang='lat' dir='ltr'>et</span> <span class='ocrx_word' id='word_1_215' title='bbox 432 1674 624 1719; x_wconf 70' lang='lat' dir='ltr'>Episcopus</span> <span class='ocrx_word' id='word_1_216' title='bbox 648 1670 713 1704; x_wconf 82' lang='lat' dir='ltr'>hoc</span> <span class='ocrx_word' id='word_1_217' title='bbox 738 1679 893 1715; x_wconf 83' lang='lat' dir='ltr'>tempore</span> <span class='ocrx_word' id='word_1_218' title='bbox 915 1672 1139 1703; x_wconf 72' lang='lat' dir='ltr'>adversantes</span> <span class='ocrx_word' id='word_1_219' title='bbox 1159 1683 1258 1704; x_wconf 83' lang='lat' dir='ltr'>verae</span> 
     </span>
     <span class='ocr_line' id='line_1_31' title="bbox 277 1720 1259 1764; baseline -0.01 0"><span class='ocrx_word' id='word_1_220' title='bbox 277 1729 476 1764; x_wconf 87' lang='lat' dir='ltr'>doctrinae,</span> <span class='ocrx_word' id='word_1_221' title='bbox 511 1736 581 1757; x_wconf 88' lang='lat' dir='ltr'>non</span> <span class='ocrx_word' id='word_1_222' title='bbox 607 1734 678 1755; x_wconf 83' lang='lat' dir='ltr'>esse</span> <span class='ocrx_word' id='word_1_223' title='bbox 702 1721 891 1754; x_wconf 77' lang='lat' dir='ltr'>Ecclesiam</span> <span class='ocrx_word' id='word_1_224' title='bbox 914 1720 990 1754; x_wconf 72' lang='lat' dir='ltr'>Dei.</span> <span class='ocrx_word' id='word_1_225' title='bbox 1043 1720 1259 1754; x_wconf 82' lang='lat' dir='ltr'>Procedente</span> 
     </span>
     <span class='ocr_line' id='line_1_32' title="bbox 278 1771 1260 1824; baseline -0.009 -10"><span class='ocrx_word' id='word_1_226' title='bbox 278 1781 385 1824; x_wconf 78' lang='lat' dir='ltr'>igitur</span> <span class='ocrx_word' id='word_1_227' title='bbox 409 1776 646 1820; x_wconf 82' lang='lat' dir='ltr'>disputatione</span> <span class='ocrx_word' id='word_1_228' title='bbox 666 1780 831 1816; x_wconf 78' lang='lat' dir='ltr'>tauquam</span> <span class='ocrx_word' id='word_1_229' title='bbox 854 1778 929 1814; x_wconf 85' lang='lat' dir='ltr'>post</span> <span class='ocrx_word' id='word_1_230' title='bbox 949 1771 1020 1805; x_wconf 88' lang='lat' dir='ltr'>litis</span> <span class='ocrx_word' id='word_1_231' title='bbox 1035 1773 1260 1806; x_wconf 78' lang='lat' dir='ltr'>contestatio-</span> 
     </span>
     <span class='ocr_line' id='line_1_33' title="bbox 278 1822 1260 1874; baseline -0.009 -9"><span class='ocrx_word' id='word_1_232' title='bbox 278 1844 379 1871; x_wconf 86' lang='lat' dir='ltr'>nem,</span> <span class='ocrx_word' id='word_1_233' title='bbox 404 1827 539 1874; x_wconf 85' lang='lat' dir='ltr'>quaerit</span> <span class='ocrx_word' id='word_1_234' title='bbox 555 1823 714 1859; x_wconf 86' lang='lat' dir='ltr'>Christus</span> <span class='ocrx_word' id='word_1_235' title='bbox 733 1835 884 1856; x_wconf 87' lang='lat' dir='ltr'>causam:</span> <span class='ocrx_word' id='word_1_236' title='bbox 917 1822 956 1856; x_wconf 90' lang='lat' dir='ltr'>Si</span> <span class='ocrx_word' id='word_1_237' title='bbox 974 1834 1029 1854; x_wconf 88' lang='lat' dir='ltr'>me</span> <span class='ocrx_word' id='word_1_238' title='bbox 1046 1823 1260 1856; x_wconf 79' lang='lat' dir='ltr'>condemna-</span> 
     </span>
     <span class='ocr_line' id='line_1_34' title="bbox 279 1881 1260 1922; baseline -0.007 -8"><span class='ocrx_word' id='word_1_239' title='bbox 279 1884 342 1922; x_wconf 76' lang='lat' dir='ltr'>tis,</span> <span class='ocrx_word' id='word_1_240' title='bbox 378 1890 514 1914; x_wconf 82' lang='lat' dir='ltr'>causam</span> <span class='ocrx_word' id='word_1_241' title='bbox 540 1882 720 1919; x_wconf 77' lang='lat' dir='ltr'>exponite,</span> <span class='ocrx_word' id='word_1_242' title='bbox 756 1885 816 1916; x_wconf 81' lang='lat' dir='ltr'>ego</span> <span class='ocrx_word' id='word_1_243' title='bbox 841 1885 953 1906; x_wconf 86' lang='lat' dir='ltr'>meam</span> <span class='ocrx_word' id='word_1_244' title='bbox 978 1884 1115 1906; x_wconf 86' lang='lat' dir='ltr'>causam</span> <span class='ocrx_word' id='word_1_245' title='bbox 1138 1881 1260 1907; x_wconf 86' lang='lat' dir='ltr'>contra</span> 
     </span>
     <span class='ocr_line' id='line_1_35' title="bbox 279 1920 1262 1975; baseline -0.007 -10"><span class='ocrx_word' id='word_1_246' title='bbox 279 1944 340 1967; x_wconf 70' lang='lat' dir='ltr'>vos</span> <span class='ocrx_word' id='word_1_247' title='bbox 360 1931 498 1975; x_wconf 82' lang='lat' dir='ltr'>planam</span> <span class='ocrx_word' id='word_1_248' title='bbox 518 1934 550 1960; x_wconf 91' lang='lat' dir='ltr'>et</span> <span class='ocrx_word' id='word_1_249' title='bbox 567 1926 759 1969; x_wconf 77' lang='lat' dir='ltr'>expeditam</span> <span class='ocrx_word' id='word_1_250' title='bbox 781 1924 902 1964; x_wconf 74' lang='lat' dir='ltr'>allego.</span> <span class='ocrx_word' id='word_1_251' title='bbox 953 1920 1086 1956; x_wconf 88' lang='lat' dir='ltr'>Omnia</span> <span class='ocrx_word' id='word_1_252' title='bbox 1105 1925 1262 1958; x_wconf 81' lang='lat' dir='ltr'>membra</span> 
     </span>
     <span class='ocr_line' id='line_1_36' title="bbox 279 1973 1262 2017; baseline -0.009 0"><span class='ocrx_word' id='word_1_253' title='bbox 279 1981 455 2017; x_wconf 75' lang='lat' dir='ltr'>Ecclesiae</span> <span class='ocrx_word' id='word_1_254' title='bbox 469 1978 680 2011; x_wconf 79' lang='lat' dir='ltr'>audiverunt</span> <span class='ocrx_word' id='word_1_255' title='bbox 698 1976 842 2007; x_wconf 79' lang='lat' dir='ltr'>verbum</span> <span class='ocrx_word' id='word_1_256' title='bbox 853 1974 929 2008; x_wconf 85' lang='lat' dir='ltr'>Dei.</span> <span class='ocrx_word' id='word_1_257' title='bbox 982 1973 1054 2007; x_wconf 64' lang='lat' dir='ltr'>Vos</span> <span class='ocrx_word' id='word_1_258' title='bbox 1071 1987 1144 2007; x_wconf 92' lang='lat' dir='ltr'>non</span> <span class='ocrx_word' id='word_1_259' title='bbox 1161 1976 1262 2009; x_wconf 88' lang='lat' dir='ltr'>andi-</span> 
     </span>
     <span class='ocr_line' id='line_1_37' title="bbox 281 2024 1262 2075; baseline -0.009 -12"><span class='ocrx_word' id='word_1_260' title='bbox 281 2035 346 2073; x_wconf 58' lang='lat' dir='ltr'>tis,</span> <span class='ocrx_word' id='word_1_261' title='bbox 375 2043 454 2075; x_wconf 80' lang='lat' dir='ltr'>ergo</span> <span class='ocrx_word' id='word_1_262' title='bbox 478 2040 549 2061; x_wconf 90' lang='lat' dir='ltr'>non</span> <span class='ocrx_word' id='word_1_263' title='bbox 570 2027 648 2060; x_wconf 90' lang='lat' dir='ltr'>estis</span> <span class='ocrx_word' id='word_1_264' title='bbox 664 2026 819 2058; x_wconf 84' lang='lat' dir='ltr'>membra</span> <span class='ocrx_word' id='word_1_265' title='bbox 840 2024 961 2069; x_wconf 86' lang='lat' dir='ltr'>populi</span> <span class='ocrx_word' id='word_1_266' title='bbox 979 2025 1060 2060; x_wconf 78' lang='lat' dir='ltr'>Dei,</span> <span class='ocrx_word' id='word_1_267' title='bbox 1112 2026 1191 2059; x_wconf 76' lang='lat' dir='ltr'>Hac</span> <span class='ocrx_word' id='word_1_268' title='bbox 1208 2039 1262 2059; x_wconf 68' lang='lat' dir='ltr'>ra-</span> 
     </span>
     <span class='ocr_line' id='line_1_38' title="bbox 281 2076 1264 2120; baseline -0.008 -3"><span class='ocrx_word' id='word_1_269' title='bbox 281 2086 378 2120; x_wconf 85' lang='lat' dir='ltr'>tione</span> <span class='ocrx_word' id='word_1_270' title='bbox 402 2080 583 2115; x_wconf 83' lang='lat' dir='ltr'>manifeste</span> <span class='ocrx_word' id='word_1_271' title='bbox 610 2089 670 2109; x_wconf 81' lang='lat' dir='ltr'>vos</span> <span class='ocrx_word' id='word_1_272' title='bbox 694 2076 885 2115; x_wconf 80' lang='lat' dir='ltr'>convinco,</span> <span class='ocrx_word' id='word_1_273' title='bbox 919 2087 981 2107; x_wconf 89' lang='lat' dir='ltr'>vos</span> <span class='ocrx_word' id='word_1_274' title='bbox 1006 2082 1126 2109; x_wconf 89' lang='lat' dir='ltr'>contra</span> <span class='ocrx_word' id='word_1_275' title='bbox 1153 2083 1185 2110; x_wconf 91' lang='lat' dir='ltr'>et</span> <span class='ocrx_word' id='word_1_276' title='bbox 1210 2089 1264 2109; x_wconf 87' lang='lat' dir='ltr'>me</span> 
     </span>
     <span class='ocr_line' id='line_1_39' title="bbox 284 2126 1265 2172; baseline -0.009 -3"><span class='ocrx_word' id='word_1_277' title='bbox 284 2132 493 2169; x_wconf 70' lang='lat' dir='ltr'>convincite.</span> <span class='ocrx_word' id='word_1_278' title='bbox 560 2127 694 2162; x_wconf 87' lang='lat' dir='ltr'>Similis</span> <span class='ocrx_word' id='word_1_279' title='bbox 720 2126 908 2170; x_wconf 87' lang='lat' dir='ltr'>disputatio</span> <span class='ocrx_word' id='word_1_280' title='bbox 930 2126 1096 2166; x_wconf 88' lang='lat' dir='ltr'>recurrit,</span> <span class='ocrx_word' id='word_1_281' title='bbox 1130 2128 1265 2172; x_wconf 83' lang='lat' dir='ltr'>quoties</span> 
     </span>
     <span class='ocr_line' id='line_1_40' title="bbox 286 2176 1264 2221; baseline -0.007 -4"><span class='ocrx_word' id='word_1_282' title='bbox 286 2186 449 2218; x_wconf 86' lang='lat' dir='ltr'>oriuntur</span> <span class='ocrx_word' id='word_1_283' title='bbox 480 2179 668 2214; x_wconf 82' lang='lat' dir='ltr'>certamina</span> <span class='ocrx_word' id='word_1_284' title='bbox 701 2178 742 2210; x_wconf 87' lang='lat' dir='ltr'>de</span> <span class='ocrx_word' id='word_1_285' title='bbox 775 2176 947 2209; x_wconf 81' lang='lat' dir='ltr'>doctrina.</span> <span class='ocrx_word' id='word_1_286' title='bbox 1002 2176 1148 2221; x_wconf 86' lang='lat' dir='ltr'>Semper</span> <span class='ocrx_word' id='word_1_287' title='bbox 1171 2179 1264 2210; x_wconf 86' lang='lat' dir='ltr'>enim</span> 
     </span>
     <span class='ocr_line' id='line_1_41' title="bbox 286 2227 1267 2274; baseline -0.01 -6"><span class='ocrx_word' id='word_1_288' title='bbox 286 2237 329 2268; x_wconf 89' lang='lat' dir='ltr'>de</span> <span class='ocrx_word' id='word_1_289' title='bbox 361 2235 456 2267; x_wconf 88' lang='lat' dir='ltr'>fonte</span> <span class='ocrx_word' id='word_1_290' title='bbox 487 2232 705 2274; x_wconf 67' lang='lat' dir='ltr'>disputatur,</span> <span class='ocrx_word' id='word_1_291' title='bbox 738 2228 831 2261; x_wconf 82' lang='lat' dir='ltr'>unde</span> <span class='ocrx_word' id='word_1_292' title='bbox 862 2227 905 2259; x_wconf 86' lang='lat' dir='ltr'>sit</span> <span class='ocrx_word' id='word_1_293' title='bbox 935 2227 1112 2269; x_wconf 85' lang='lat' dir='ltr'>doctrina,</span> <span class='ocrx_word' id='word_1_294' title='bbox 1148 2229 1196 2262; x_wconf 81' lang='lat' dir='ltr'>sic</span> <span class='ocrx_word' id='word_1_295' title='bbox 1225 2231 1267 2261; x_wconf 81' lang='lat' dir='ltr'>de</span> 
     </span>
     <span class='ocr_line' id='line_1_42' title="bbox 286 2277 1267 2324; baseline -0.01 -6"><span class='ocrx_word' id='word_1_296' title='bbox 286 2286 436 2324; x_wconf 82' lang='lat' dir='ltr'>Ioanne,</span> <span class='ocrx_word' id='word_1_297' title='bbox 464 2284 505 2314; x_wconf 85' lang='lat' dir='ltr'>de</span> <span class='ocrx_word' id='word_1_298' title='bbox 524 2280 688 2319; x_wconf 80' lang='lat' dir='ltr'>lercmia,</span> <span class='ocrx_word' id='word_1_299' title='bbox 716 2285 748 2310; x_wconf 90' lang='lat' dir='ltr'>et</span> <span class='ocrx_word' id='word_1_300' title='bbox 770 2277 846 2310; x_wconf 86' lang='lat' dir='ltr'>aliis</span> <span class='ocrx_word' id='word_1_301' title='bbox 868 2278 1099 2321; x_wconf 72' lang='lat' dir='ltr'>quaerebant,</span> <span class='ocrx_word' id='word_1_302' title='bbox 1126 2291 1169 2311; x_wconf 86' lang='lat' dir='ltr'>au</span> <span class='ocrx_word' id='word_1_303' title='bbox 1188 2291 1267 2312; x_wconf 75' lang='lat' dir='ltr'>vera</span> 
     </span>
     <span class='ocr_line' id='line_1_43' title="bbox 287 2327 1269 2373; baseline -0.01 -5"><span class='ocrx_word' id='word_1_304' title='bbox 287 2339 470 2373; x_wconf 77' lang='lat' dir='ltr'>docerent,</span> <span class='ocrx_word' id='word_1_305' title='bbox 503 2345 546 2364; x_wconf 87' lang='lat' dir='ltr'>au</span> <span class='ocrx_word' id='word_1_306' title='bbox 581 2336 694 2363; x_wconf 79' lang='lat' dir='ltr'>esseut</span> <span class='ocrx_word' id='word_1_307' title='bbox 720 2328 890 2360; x_wconf 77' lang='lat' dir='ltr'>divinitus</span> <span class='ocrx_word' id='word_1_308' title='bbox 916 2327 1024 2360; x_wconf 85' lang='lat' dir='ltr'>missi.</span> <span class='ocrx_word' id='word_1_309' title='bbox 1093 2328 1150 2362; x_wconf 85' lang='lat' dir='ltr'>Sic</span> <span class='ocrx_word' id='word_1_310' title='bbox 1175 2342 1269 2362; x_wconf 79' lang='lat' dir='ltr'>nune</span> 
     </span>
     <span class='ocr_line' id='line_1_44' title="bbox 288 2377 1268 2430; baseline -0.008 -12"><span class='ocrx_word' id='word_1_311' title='bbox 288 2388 486 2430; x_wconf 77' lang='lat' dir='ltr'>disputatur</span> <span class='ocrx_word' id='word_1_312' title='bbox 517 2383 609 2415; x_wconf 85' lang='lat' dir='ltr'>unde</span> <span class='ocrx_word' id='word_1_313' title='bbox 642 2381 688 2413; x_wconf 87' lang='lat' dir='ltr'>sit</span> <span class='ocrx_word' id='word_1_314' title='bbox 717 2377 784 2412; x_wconf 84' lang='lat' dir='ltr'>boc</span> <span class='ocrx_word' id='word_1_315' title='bbox 810 2389 916 2421; x_wconf 84' lang='lat' dir='ltr'>genus</span> <span class='ocrx_word' id='word_1_316' title='bbox 945 2378 1141 2420; x_wconf 80' lang='lat' dir='ltr'>doctrinae,</span> <span class='ocrx_word' id='word_1_317' title='bbox 1175 2381 1268 2424; x_wconf 89' lang='lat' dir='ltr'>quod</span> 
     </span>
     <span class='ocr_line' id='line_1_45' title="bbox 288 2438 635 2471; baseline -0.02 0"><span class='ocrx_word' id='word_1_318' title='bbox 288 2448 383 2471; x_wconf 86' lang='lat' dir='ltr'>nunc</span> <span class='ocrx_word' id='word_1_319' title='bbox 402 2440 557 2467; x_wconf 71' lang='lat' dir='ltr'>emt-tum</span> <span class='ocrx_word' id='word_1_320' title='bbox 575 2438 635 2464; x_wconf 84' lang='lat' dir='ltr'>est.</span> 
     </span>
    </p>
   </div>
   <div class='ocr_carea' id='block_1_6' title="bbox 289 2483 1272 2630">
    <p class='ocr_par' dir='ltr' id='par_1_6' title="bbox 289 2483 1272 2630">
     <span class='ocr_line' id='line_1_46' title="bbox 390 2483 1271 2534; baseline -0.006 -10"><span class='ocrx_word' id='word_1_321' title='bbox 390 2489 587 2534; x_wconf 76' lang='lat' dir='ltr'>Respondit</span> <span class='ocrx_word' id='word_1_322' title='bbox 620 2487 724 2529; x_wconf 65' lang='lat' dir='ltr'>igitur</span> <span class='ocrx_word' id='word_1_323' title='bbox 749 2483 929 2526; x_wconf 79' lang='lat' dir='ltr'>Christus,</span> <span class='ocrx_word' id='word_1_324' title='bbox 959 2493 993 2519; x_wconf 88' lang='lat' dir='ltr'>et</span> <span class='ocrx_word' id='word_1_325' title='bbox 1021 2486 1122 2530; x_wconf 88' lang='lat' dir='ltr'>ponit</span> <span class='ocrx_word' id='word_1_326' title='bbox 1145 2485 1271 2528; x_wconf 83' lang='lat' dir='ltr'>thesin,</span> 
     </span>
     <span class='ocr_line' id='line_1_47' title="bbox 289 2536 1271 2590; baseline -0.007 -12"><span class='ocrx_word' id='word_1_327' title='bbox 289 2556 393 2590; x_wconf 83' lang='lat' dir='ltr'>qnam</span> <span class='ocrx_word' id='word_1_328' title='bbox 420 2547 556 2586; x_wconf 71' lang='lat' dir='ltr'>oportet</span> <span class='ocrx_word' id='word_1_329' title='bbox 581 2538 715 2570; x_wconf 78' lang='lat' dir='ltr'>firmani</span> <span class='ocrx_word' id='word_1_330' title='bbox 741 2549 883 2569; x_wconf 83' lang='lat' dir='ltr'>manere</span> <span class='ocrx_word' id='word_1_331' title='bbox 907 2537 943 2569; x_wconf 93' lang='lat' dir='ltr'>in</span> <span class='ocrx_word' id='word_1_332' title='bbox 962 2536 1128 2571; x_wconf 78' lang='lat' dir='ltr'>Ecclesia.</span> <span class='ocrx_word' id='word_1_333' title='bbox 1183 2537 1271 2579; x_wconf 84' lang='lat' dir='ltr'>Quis</span> 
     </span>
     <span class='ocr_line' id='line_1_48' title="bbox 290 2586 1272 2630; baseline -0.007 -2"><span class='ocrx_word' id='word_1_334' title='bbox 290 2602 443 2628; x_wconf 77' lang='lat' dir='ltr'>vestrum</span> <span class='ocrx_word' id='word_1_335' title='bbox 467 2596 603 2624; x_wconf 80' lang='lat' dir='ltr'>accusat</span> <span class='ocrx_word' id='word_1_336' title='bbox 625 2600 679 2620; x_wconf 88' lang='lat' dir='ltr'>me</span> <span class='ocrx_word' id='word_1_337' title='bbox 699 2588 742 2619; x_wconf 86' lang='lat' dir='ltr'>dc</span> <span class='ocrx_word' id='word_1_338' title='bbox 760 2588 923 2630; x_wconf 69' lang='lat' dir='ltr'>peccato?</span> <span class='ocrx_word' id='word_1_339' title='bbox 975 2586 1049 2619; x_wconf 78' lang='lat' dir='ltr'>Etsi</span> <span class='ocrx_word' id='word_1_340' title='bbox 1066 2588 1166 2621; x_wconf 89' lang='lat' dir='ltr'>multi</span> <span class='ocrx_word' id='word_1_341' title='bbox 1189 2586 1272 2621; x_wconf 87' lang='lat' dir='ltr'>haec</span> 
     </span>
    </p>
   </div>
   <div class='ocr_carea' id='block_1_7' title="bbox 288 2621 2357 2690">
    <p class='ocr_par' dir='ltr' id='par_1_7' title="bbox 288 2621 2357 2690">
     <span class='ocr_line' id='line_1_49' title="bbox 288 2621 2357 2690; baseline -0 -13"><span class='ocrx_word' id='word_1_342' title='bbox 288 2647 563 2689; x_wconf 75' lang='lat' dir='ltr'>interpretantur</span> <span class='ocrx_word' id='word_1_343' title='bbox 582 2645 717 2672; x_wconf 82' lang='lat' dir='ltr'>tantum</span> <span class='ocrx_word' id='word_1_344' title='bbox 735 2638 776 2670; x_wconf 86' lang='lat' dir='ltr'>de</span> <span class='ocrx_word' id='word_1_345' title='bbox 794 2638 937 2681; x_wconf 80' lang='lat' dir='ltr'>privatis</span> <span class='ocrx_word' id='word_1_346' title='bbox 953 2638 1112 2672; x_wconf 84' lang='lat' dir='ltr'>moribus</span> <span class='ocrx_word' id='word_1_347' title='bbox 1130 2636 1272 2681; x_wconf 83' lang='lat' dir='ltr'>Christi,</span> <span class='ocrx_word' id='word_1_348' title='bbox 1293 2621 1302 2687; x_wconf 72' lang='lat' dir='ltr'>l</span> <span class='ocrx_word' id='word_1_349' title='bbox 1324 2637 1515 2672; x_wconf 84' lang='lat' dir='ltr'>Ecclesiam</span> <span class='ocrx_word' id='word_1_350' title='bbox 1534 2639 1637 2673; x_wconf 80' lang='lat' dir='ltr'>etiam</span> <span class='ocrx_word' id='word_1_351' title='bbox 1656 2638 1946 2683; x_wconf 82' lang='lat' dir='ltr'>exSamaritanis,</span> <span class='ocrx_word' id='word_1_352' title='bbox 1974 2642 2118 2676; x_wconf 82' lang='lat' dir='ltr'>docebat</span> <span class='ocrx_word' id='word_1_353' title='bbox 2135 2642 2307 2690; x_wconf 87' lang='lat' dir='ltr'>populum</span> <span class='ocrx_word' id='word_1_354' title='bbox 2354 2658 2357 2662; x_wconf 63' lang='lat'>&gt;</span> 
     </span>
    </p>
   </div>
   <div class='ocr_carea' id='block_1_8' title="bbox 1284 163 2274 415">
    <p class='ocr_par' dir='ltr' id='par_1_8' title="bbox 1284 163 2274 415">
     <span class='ocr_line' id='line_1_50' title="bbox 1284 163 2270 211; baseline -0.004 -9"><span class='ocrx_word' id='word_1_355' title='bbox 1284 175 1401 202; x_wconf 87' lang='lat' dir='ltr'>tamen</span> <span class='ocrx_word' id='word_1_356' title='bbox 1432 166 1623 211; x_wconf 84' lang='lat' dir='ltr'>disputatio</span> <span class='ocrx_word' id='word_1_357' title='bbox 1648 164 1808 210; x_wconf 89' lang='lat' dir='ltr'>loquitur</span> <span class='ocrx_word' id='word_1_358' title='bbox 1831 165 1874 198; x_wconf 89' lang='lat' dir='ltr'>de</span> <span class='ocrx_word' id='word_1_359' title='bbox 1897 164 2077 207; x_wconf 88' lang='lat' dir='ltr'>doctrina,</span> <span class='ocrx_word' id='word_1_360' title='bbox 2110 163 2270 198; x_wconf 83' lang='lat' dir='ltr'>existimo</span> 
     </span>
     <span class='ocr_line' id='line_1_51' title="bbox 1286 214 2271 261; baseline -0.001 -10"><span class='ocrx_word' id='word_1_361' title='bbox 1286 219 1394 261; x_wconf 82' lang='lat' dir='ltr'>igitur</span> <span class='ocrx_word' id='word_1_362' title='bbox 1421 214 1489 250; x_wconf 83' lang='lat' dir='ltr'>hoc</span> <span class='ocrx_word' id='word_1_363' title='bbox 1523 217 1655 261; x_wconf 85' lang='lat' dir='ltr'>quaeri.</span> <span class='ocrx_word' id='word_1_364' title='bbox 1707 215 1759 249; x_wconf 79' lang='lat' dir='ltr'>De</span> <span class='ocrx_word' id='word_1_365' title='bbox 1791 216 1964 250; x_wconf 75' lang='lat' dir='ltr'>doctrina}</span> <span class='ocrx_word' id='word_1_366' title='bbox 1982 228 2037 248; x_wconf 89' lang='lat' dir='ltr'>me</span> <span class='ocrx_word' id='word_1_367' title='bbox 2060 215 2271 250; x_wconf 87' lang='lat' dir='ltr'>convincite.</span> 
     </span>
     <span class='ocr_line' id='line_1_52' title="bbox 1289 265 2273 311; baseline -0.003 -10"><span class='ocrx_word' id='word_1_368' title='bbox 1289 268 1378 311; x_wconf 77' lang='lat' dir='ltr'>Quis</span> <span class='ocrx_word' id='word_1_369' title='bbox 1403 275 1557 301; x_wconf 88' lang='lat' dir='ltr'>vestrum</span> <span class='ocrx_word' id='word_1_370' title='bbox 1581 278 1740 301; x_wconf 84' lang='lat' dir='ltr'>accusare</span> <span class='ocrx_word' id='word_1_371' title='bbox 1758 278 1814 299; x_wconf 90' lang='lat' dir='ltr'>me</span> <span class='ocrx_word' id='word_1_372' title='bbox 1830 273 1963 310; x_wconf 89' lang='lat' dir='ltr'>potest,</span> <span class='ocrx_word' id='word_1_373' title='bbox 1991 267 2085 311; x_wconf 88' lang='lat' dir='ltr'>quod</span> <span class='ocrx_word' id='word_1_374' title='bbox 2104 265 2189 298; x_wconf 80' lang='lat' dir='ltr'>falsa</span> <span class='ocrx_word' id='word_1_375' title='bbox 2207 265 2273 298; x_wconf 48' lang='lat' dir='ltr'>do-*</span> 
     </span>
     <span class='ocr_line' id='line_1_53' title="bbox 1289 314 2273 364; baseline -0.004 -12"><span class='ocrx_word' id='word_1_376' title='bbox 1289 331 1396 359; x_wconf 84' lang='lat' dir='ltr'>ceam,</span> <span class='ocrx_word' id='word_1_377' title='bbox 1423 319 1517 364; x_wconf 88' lang='lat' dir='ltr'>qnod</span> <span class='ocrx_word' id='word_1_378' title='bbox 1534 318 1598 351; x_wconf 90' lang='lat' dir='ltr'>sim</span> <span class='ocrx_word' id='word_1_379' title='bbox 1615 314 1944 362; x_wconf 77' lang='lat' dir='ltr'>pseudopropheta?</span> <span class='ocrx_word' id='word_1_380' title='bbox 1996 317 2091 350; x_wconf 80' lang='lat' dir='ltr'>Haec</span> <span class='ocrx_word' id='word_1_381' title='bbox 2106 323 2155 350; x_wconf 90' lang='lat' dir='ltr'>est</span> <span class='ocrx_word' id='word_1_382' title='bbox 2171 315 2273 359; x_wconf 87' lang='lat' dir='ltr'>prin-</span> 
     </span>
     <span class='ocr_line' id='line_1_54' title="bbox 1290 365 2274 415; baseline -0.004 -12"><span class='ocrx_word' id='word_1_383' title='bbox 1290 369 1411 413; x_wconf 88' lang='lat' dir='ltr'>cipalis</span> <span class='ocrx_word' id='word_1_384' title='bbox 1436 369 1593 415; x_wconf 74' lang='lat' dir='ltr'>quaestio</span> <span class='ocrx_word' id='word_1_385' title='bbox 1617 370 1659 402; x_wconf 88' lang='lat' dir='ltr'>de</span> <span class='ocrx_word' id='word_1_386' title='bbox 1682 368 1842 402; x_wconf 85' lang='lat' dir='ltr'>doctrina</span> <span class='ocrx_word' id='word_1_387' title='bbox 1867 374 1901 401; x_wconf 83' lang='lat' dir='ltr'>et</span> <span class='ocrx_word' id='word_1_388' title='bbox 1924 368 2117 402; x_wconf 86' lang='lat' dir='ltr'>vocatione.</span> <span class='ocrx_word' id='word_1_389' title='bbox 2177 365 2274 399; x_wconf 87' lang='lat' dir='ltr'>Haec</span> 
     </span>
    </p>
   </div>
   <div class='ocr_carea' id='block_1_9' title="bbox 1292 410 2325 465">
    <p class='ocr_par' dir='ltr' id='par_1_9' title="bbox 1292 410 2325 465">
     <span class='ocr_line' id='line_1_55' title="bbox 1292 410 2325 465; baseline -0.003 -12"><span class='ocrx_word' id='word_1_390' title='bbox 1292 421 1445 465; x_wconf 85' lang='lat' dir='ltr'>primum</span> <span class='ocrx_word' id='word_1_391' title='bbox 1478 420 1666 453; x_wconf 87' lang='lat' dir='ltr'>iudicanda</span> <span class='ocrx_word' id='word_1_392' title='bbox 1696 426 1745 452; x_wconf 89' lang='lat' dir='ltr'>est</span> <span class='ocrx_word' id='word_1_393' title='bbox 1777 431 1817 451; x_wconf 85' lang='lat' dir='ltr'>ex</span> <span class='ocrx_word' id='word_1_394' title='bbox 1843 419 1950 451; x_wconf 88' lang='lat' dir='ltr'>verbo</span> <span class='ocrx_word' id='word_1_395' title='bbox 1974 417 2059 458; x_wconf 77' lang='lat' dir='ltr'>Dei,</span> <span class='ocrx_word' id='word_1_396' title='bbox 2095 423 2210 461; x_wconf 88' lang='lat' dir='ltr'>postea</span> <span class='ocrx_word' id='word_1_397' title='bbox 2235 428 2276 450; x_wconf 81' lang='lat' dir='ltr'>ex</span> <span class='ocrx_word' id='word_1_398' title='bbox 2323 410 2325 413; x_wconf 37' lang='lat'><strong><em>¹</em></strong></span> 
     </span>
    </p>
   </div>
   <div class='ocr_carea' id='block_1_10' title="bbox 1291 464 2296 1742">
    <p class='ocr_par' dir='ltr' id='par_1_10' title="bbox 1291 464 2279 665">
     <span class='ocr_line' id='line_1_56' title="bbox 1291 464 2278 513; baseline -0.005 -9"><span class='ocrx_word' id='word_1_399' title='bbox 1291 471 1469 504; x_wconf 84' lang='lat' dir='ltr'>miraculis</span> <span class='ocrx_word' id='word_1_400' title='bbox 1502 477 1535 504; x_wconf 88' lang='lat' dir='ltr'>ct</span> <span class='ocrx_word' id='word_1_401' title='bbox 1565 470 1709 513; x_wconf 82' lang='lat' dir='ltr'>privatis</span> <span class='ocrx_word' id='word_1_402' title='bbox 1738 469 1896 502; x_wconf 87' lang='lat' dir='ltr'>moribus</span> <span class='ocrx_word' id='word_1_403' title='bbox 1919 468 2140 509; x_wconf 88' lang='lat' dir='ltr'>docentium,</span> <span class='ocrx_word' id='word_1_404' title='bbox 2170 464 2278 500; x_wconf 81' lang='lat' dir='ltr'>Chri-</span> 
     </span>
     <span class='ocr_line' id='line_1_57' title="bbox 1293 517 2277 560; baseline -0.004 -6"><span class='ocrx_word' id='word_1_405' title='bbox 1293 529 1364 555; x_wconf 84' lang='lat' dir='ltr'>stus</span> <span class='ocrx_word' id='word_1_406' title='bbox 1390 521 1589 555; x_wconf 86' lang='lat' dir='ltr'>testimonia</span> <span class='ocrx_word' id='word_1_407' title='bbox 1614 519 1719 554; x_wconf 84' lang='lat' dir='ltr'>habet</span> <span class='ocrx_word' id='word_1_408' title='bbox 1738 520 1837 553; x_wconf 88' lang='lat' dir='ltr'>verbi</span> <span class='ocrx_word' id='word_1_409' title='bbox 1855 520 1942 560; x_wconf 90' lang='lat' dir='ltr'>Dei,</span> <span class='ocrx_word' id='word_1_410' title='bbox 1969 519 2097 552; x_wconf 87' lang='lat' dir='ltr'>deinde</span> <span class='ocrx_word' id='word_1_411' title='bbox 2121 517 2277 551; x_wconf 85' lang='lat' dir='ltr'>miracu-</span> 
     </span>
     <span class='ocr_line' id='line_1_58' title="bbox 1293 567 2279 615; baseline -0.003 -11"><span class='ocrx_word' id='word_1_412' title='bbox 1293 573 1428 611; x_wconf 81' lang='lat' dir='ltr'>lorum,</span> <span class='ocrx_word' id='word_1_413' title='bbox 1451 579 1627 615; x_wconf 86' lang='lat' dir='ltr'>postremo</span> <span class='ocrx_word' id='word_1_414' title='bbox 1650 571 1778 615; x_wconf 83' lang='lat' dir='ltr'>privati</span> <span class='ocrx_word' id='word_1_415' title='bbox 1801 582 1915 604; x_wconf 84' lang='lat' dir='ltr'>mores</span> <span class='ocrx_word' id='word_1_416' title='bbox 1940 570 2014 603; x_wconf 80' lang='lat' dir='ltr'>elus</span> <span class='ocrx_word' id='word_1_417' title='bbox 2030 581 2103 602; x_wconf 91' lang='lat' dir='ltr'>non</span> <span class='ocrx_word' id='word_1_418' title='bbox 2119 576 2201 603; x_wconf 88' lang='lat' dir='ltr'>sunt</span> <span class='ocrx_word' id='word_1_419' title='bbox 2219 567 2279 601; x_wconf 89' lang='lat' dir='ltr'>in-</span> 
     </span>
     <span class='ocr_line' id='line_1_59' title="bbox 1295 622 1658 665; baseline 0.006 -11"><span class='ocrx_word' id='word_1_420' title='bbox 1295 623 1384 655; x_wconf 88' lang='lat' dir='ltr'>dicia</span> <span class='ocrx_word' id='word_1_421' title='bbox 1402 623 1486 654; x_wconf 86' lang='lat' dir='ltr'>mali</span> <span class='ocrx_word' id='word_1_422' title='bbox 1503 622 1658 665; x_wconf 79' lang='lat' dir='ltr'>spiritus·</span> 
     </span>
    </p>

    <p class='ocr_par' dir='ltr' id='par_1_11' title="bbox 1297 686 2296 1742">
     <span class='ocr_line' id='line_1_60' title="bbox 1397 686 2280 721; baseline -0.003 0"><span class='ocrx_word' id='word_1_423' title='bbox 1397 687 1466 721; x_wconf 85' lang='lat' dir='ltr'>Hic</span> <span class='ocrx_word' id='word_1_424' title='bbox 1488 689 1575 721; x_wconf 92' lang='lat' dir='ltr'>ordo</span> <span class='ocrx_word' id='word_1_425' title='bbox 1597 688 1836 721; x_wconf 83' lang='lat' dir='ltr'>observandus</span> <span class='ocrx_word' id='word_1_426' title='bbox 1860 694 1910 721; x_wconf 91' lang='lat' dir='ltr'>est</span> <span class='ocrx_word' id='word_1_427' title='bbox 1936 687 1974 720; x_wconf 92' lang='lat' dir='ltr'>in</span> <span class='ocrx_word' id='word_1_428' title='bbox 1999 686 2140 720; x_wconf 89' lang='lat' dir='ltr'>iudiciis</span> <span class='ocrx_word' id='word_1_429' title='bbox 2156 686 2198 719; x_wconf 87' lang='lat' dir='ltr'>de</span> <span class='ocrx_word' id='word_1_430' title='bbox 2215 686 2280 719; x_wconf 91' lang='lat' dir='ltr'>do-</span> 
     </span>
     <span class='ocr_line' id='line_1_61' title="bbox 1297 736 2282 783; baseline -0.003 -10"><span class='ocrx_word' id='word_1_431' title='bbox 1297 740 1430 777; x_wconf 87' lang='lat' dir='ltr'>ctrina,</span> <span class='ocrx_word' id='word_1_432' title='bbox 1458 751 1563 783; x_wconf 87' lang='lat' dir='ltr'>quam</span> <span class='ocrx_word' id='word_1_433' title='bbox 1588 739 1699 772; x_wconf 85' lang='lat' dir='ltr'>sancit</span> <span class='ocrx_word' id='word_1_434' title='bbox 1719 745 1747 771; x_wconf 90' lang='lat' dir='ltr'>et</span> <span class='ocrx_word' id='word_1_435' title='bbox 1769 739 1839 779; x_wconf 87' lang='lat' dir='ltr'>lex,</span> <span class='ocrx_word' id='word_1_436' title='bbox 1864 738 1967 771; x_wconf 85' lang='lat' dir='ltr'>Dent.</span> <span class='ocrx_word' id='word_1_437' title='bbox 1989 739 2063 772; x_wconf 82' lang='lat'>13.:</span> <span class='ocrx_word' id='word_1_438' title='bbox 2090 736 2232 770; x_wconf 87' lang='lat' dir='ltr'>Primus</span> <span class='ocrx_word' id='word_1_439' title='bbox 2247 741 2282 770; x_wconf 85' lang='lat' dir='ltr'>et</span> 
     </span>
     <span class='ocr_line' id='line_1_62' title="bbox 1299 786 2283 826; baseline -0.003 -4"><span class='ocrx_word' id='word_1_440' title='bbox 1299 801 1454 823; x_wconf 88' lang='lat' dir='ltr'>summus</span> <span class='ocrx_word' id='word_1_441' title='bbox 1480 790 1583 822; x_wconf 90' lang='lat' dir='ltr'>iudex</span> <span class='ocrx_word' id='word_1_442' title='bbox 1608 789 1787 822; x_wconf 84' lang='lat' dir='ltr'>doctrinae</span> <span class='ocrx_word' id='word_1_443' title='bbox 1804 795 1853 822; x_wconf 86' lang='lat' dir='ltr'>est</span> <span class='ocrx_word' id='word_1_444' title='bbox 1871 790 2017 826; x_wconf 84' lang='lat' dir='ltr'>verbum</span> <span class='ocrx_word' id='word_1_445' title='bbox 2035 787 2099 822; x_wconf 91' lang='lat' dir='ltr'>Dei</span> <span class='ocrx_word' id='word_1_446' title='bbox 2115 786 2283 821; x_wconf 80' lang='lat' dir='ltr'>traditum</span> 
     </span>
     <span class='ocr_line' id='line_1_63' title="bbox 1300 837 2283 887; baseline -0.003 -14"><span class='ocrx_word' id='word_1_447' title='bbox 1300 841 1397 885; x_wconf 85' lang='lat' dir='ltr'>prius</span> <span class='ocrx_word' id='word_1_448' title='bbox 1427 852 1490 887; x_wconf 88' lang='lat' dir='ltr'>per</span> <span class='ocrx_word' id='word_1_449' title='bbox 1517 837 1709 883; x_wconf 83' lang='lat' dir='ltr'>Prophetas</span> <span class='ocrx_word' id='word_1_450' title='bbox 1739 846 1772 872; x_wconf 87' lang='lat' dir='ltr'>et</span> <span class='ocrx_word' id='word_1_451' title='bbox 1799 838 2005 883; x_wconf 88' lang='lat' dir='ltr'>Apostolos,</span> <span class='ocrx_word' id='word_1_452' title='bbox 2039 850 2083 871; x_wconf 84' lang='lat' dir='ltr'>ne</span> <span class='ocrx_word' id='word_1_453' title='bbox 2113 837 2283 871; x_wconf 84' lang='lat' dir='ltr'>miracula</span> 
     </span>
     <span class='ocr_line' id='line_1_64' title="bbox 1301 888 2285 936; baseline -0.003 -13"><span class='ocrx_word' id='word_1_454' title='bbox 1301 892 1442 936; x_wconf 82' lang='lat' dir='ltr'>quidem</span> <span class='ocrx_word' id='word_1_455' title='bbox 1466 891 1541 924; x_wconf 88' lang='lat' dir='ltr'>vult</span> <span class='ocrx_word' id='word_1_456' title='bbox 1558 891 1610 923; x_wconf 87' lang='lat' dir='ltr'>lex</span> <span class='ocrx_word' id='word_1_457' title='bbox 1627 890 1791 923; x_wconf 80' lang='lat' dir='ltr'>anteferri</span> <span class='ocrx_word' id='word_1_458' title='bbox 1810 891 1917 923; x_wconf 84' lang='lat' dir='ltr'>verbo</span> <span class='ocrx_word' id='word_1_459' title='bbox 1932 889 2011 925; x_wconf 90' lang='lat' dir='ltr'>Dei.</span> <span class='ocrx_word' id='word_1_460' title='bbox 2062 888 2186 922; x_wconf 87' lang='lat' dir='ltr'>Postea</span> <span class='ocrx_word' id='word_1_461' title='bbox 2205 899 2285 921; x_wconf 90' lang='lat' dir='ltr'>cum</span> 
     </span>
     <span class='ocr_line' id='line_1_65' title="bbox 1302 938 2286 983; baseline -0.002 -10"><span class='ocrx_word' id='word_1_462' title='bbox 1302 941 1462 983; x_wconf 80' lang='lat' dir='ltr'>congruit</span> <span class='ocrx_word' id='word_1_463' title='bbox 1487 942 1633 974; x_wconf 86' lang='lat' dir='ltr'>verbum</span> <span class='ocrx_word' id='word_1_464' title='bbox 1657 940 1741 980; x_wconf 82' lang='lat' dir='ltr'>Dei,</span> <span class='ocrx_word' id='word_1_465' title='bbox 1767 941 2035 974; x_wconf 86' lang='lat' dir='ltr'>considerentur</span> <span class='ocrx_word' id='word_1_466' title='bbox 2061 938 2228 972; x_wconf 84' lang='lat' dir='ltr'>miracula</span> <span class='ocrx_word' id='word_1_467' title='bbox 2252 944 2286 972; x_wconf 85' lang='lat' dir='ltr'>et</span> 
     </span>
     <span class='ocr_line' id='line_1_66' title="bbox 1303 990 2287 1036; baseline -0.003 -12"><span class='ocrx_word' id='word_1_468' title='bbox 1303 992 1430 1036; x_wconf 76' lang='lat' dir='ltr'>privati</span> <span class='ocrx_word' id='word_1_469' title='bbox 1455 1004 1588 1032; x_wconf 76' lang='lat' dir='ltr'>mores,</span> <span class='ocrx_word' id='word_1_470' title='bbox 1614 998 1647 1025; x_wconf 88' lang='lat' dir='ltr'>et</span> <span class='ocrx_word' id='word_1_471' title='bbox 1673 993 1710 1024; x_wconf 87' lang='lat' dir='ltr'>in</span> <span class='ocrx_word' id='word_1_472' title='bbox 1734 992 1878 1035; x_wconf 88' lang='lat' dir='ltr'>privatis</span> <span class='ocrx_word' id='word_1_473' title='bbox 1905 992 2064 1024; x_wconf 88' lang='lat' dir='ltr'>moribus</span> <span class='ocrx_word' id='word_1_474' title='bbox 2090 990 2217 1033; x_wconf 82' lang='lat' dir='ltr'>duplex</span> <span class='ocrx_word' id='word_1_475' title='bbox 2236 995 2287 1022; x_wconf 87' lang='lat' dir='ltr'>est</span> 
     </span>
     <span class='ocr_line' id='line_1_67' title="bbox 1304 1041 2287 1087; baseline -0.003 -12"><span class='ocrx_word' id='word_1_476' title='bbox 1304 1043 1557 1082; x_wconf 85' lang='lat' dir='ltr'>consideratio,</span> <span class='ocrx_word' id='word_1_477' title='bbox 1592 1049 1651 1075; x_wconf 88' lang='lat' dir='ltr'>aut</span> <span class='ocrx_word' id='word_1_478' title='bbox 1678 1049 1761 1075; x_wconf 91' lang='lat' dir='ltr'>sunt</span> <span class='ocrx_word' id='word_1_479' title='bbox 1788 1042 1891 1081; x_wconf 89' lang='lat' dir='ltr'>vitia,</span> <span class='ocrx_word' id='word_1_480' title='bbox 1926 1054 2015 1087; x_wconf 83' lang='lat' dir='ltr'>quae</span> <span class='ocrx_word' id='word_1_481' title='bbox 2039 1041 2105 1084; x_wconf 92' lang='lat' dir='ltr'>ipsi</span> <span class='ocrx_word' id='word_1_482' title='bbox 2127 1042 2287 1073; x_wconf 76' lang='lat' dir='ltr'>doctores</span> 
     </span>
     <span class='ocr_line' id='line_1_68' title="bbox 1306 1091 2288 1136; baseline -0.003 -11"><span class='ocrx_word' id='word_1_483' title='bbox 1306 1093 1507 1136; x_wconf 88' lang='lat' dir='ltr'>improbant</span> <span class='ocrx_word' id='word_1_484' title='bbox 1537 1099 1570 1125; x_wconf 86' lang='lat' dir='ltr'>et</span> <span class='ocrx_word' id='word_1_485' title='bbox 1601 1093 1806 1133; x_wconf 83' lang='lat' dir='ltr'>emendant,</span> <span class='ocrx_word' id='word_1_486' title='bbox 1838 1100 1878 1126; x_wconf 93' lang='lat' dir='ltr'>nt</span> <span class='ocrx_word' id='word_1_487' title='bbox 1908 1105 1986 1125; x_wconf 90' lang='lat' dir='ltr'>cum</span> <span class='ocrx_word' id='word_1_488' title='bbox 2017 1091 2142 1124; x_wconf 88' lang='lat' dir='ltr'>Petrus</span> <span class='ocrx_word' id='word_1_489' title='bbox 2169 1091 2288 1134; x_wconf 87' lang='lat' dir='ltr'>lapsus</span> 
     </span>
     <span class='ocr_line' id='line_1_69' title="bbox 1307 1142 2290 1187; baseline -0.003 -11"><span class='ocrx_word' id='word_1_490' title='bbox 1307 1151 1372 1176; x_wconf 85' lang='lat' dir='ltr'>est:</span> <span class='ocrx_word' id='word_1_491' title='bbox 1411 1149 1470 1175; x_wconf 84' lang='lat' dir='ltr'>aut</span> <span class='ocrx_word' id='word_1_492' title='bbox 1510 1149 1592 1176; x_wconf 90' lang='lat' dir='ltr'>sunt</span> <span class='ocrx_word' id='word_1_493' title='bbox 1629 1143 1735 1182; x_wconf 87' lang='lat' dir='ltr'>vitia,</span> <span class='ocrx_word' id='word_1_494' title='bbox 1777 1155 1864 1187; x_wconf 84' lang='lat' dir='ltr'>qnae</span> <span class='ocrx_word' id='word_1_495' title='bbox 1894 1144 2053 1176; x_wconf 87' lang='lat' dir='ltr'>doctores</span> <span class='ocrx_word' id='word_1_496' title='bbox 2082 1142 2290 1174; x_wconf 84' lang='lat' dir='ltr'>defendunt.</span> 
     </span>
     <span class='ocr_line' id='line_1_70' title="bbox 1306 1193 2288 1236; baseline -0.002 -10"><span class='ocrx_word' id='word_1_497' title='bbox 1306 1194 1401 1226; x_wconf 85' lang='lat' dir='ltr'>Ilaec</span> <span class='ocrx_word' id='word_1_498' title='bbox 1426 1200 1508 1226; x_wconf 88' lang='lat' dir='ltr'>sunt</span> <span class='ocrx_word' id='word_1_499' title='bbox 1532 1193 1614 1225; x_wconf 86' lang='lat' dir='ltr'>mali</span> <span class='ocrx_word' id='word_1_500' title='bbox 1633 1193 1783 1234; x_wconf 87' lang='lat' dir='ltr'>fructus,</span> <span class='ocrx_word' id='word_1_501' title='bbox 1811 1200 1843 1226; x_wconf 88' lang='lat' dir='ltr'>et</span> <span class='ocrx_word' id='word_1_502' title='bbox 1859 1193 1955 1236; x_wconf 86' lang='lat' dir='ltr'>sigua</span> <span class='ocrx_word' id='word_1_503' title='bbox 1972 1193 2125 1233; x_wconf 87' lang='lat' dir='ltr'>diaboli,</span> <span class='ocrx_word' id='word_1_504' title='bbox 2151 1198 2189 1225; x_wconf 88' lang='lat' dir='ltr'>ut</span> <span class='ocrx_word' id='word_1_505' title='bbox 2208 1202 2288 1224; x_wconf 90' lang='lat' dir='ltr'>cum</span> 
     </span>
     <span class='ocr_line' id='line_1_71' title="bbox 1308 1242 2292 1287; baseline -0.005 -9"><span class='ocrx_word' id='word_1_506' title='bbox 1308 1244 1560 1287; x_wconf 78' lang='lat' dir='ltr'>Anabaptistae</span> <span class='ocrx_word' id='word_1_507' title='bbox 1577 1244 1770 1276; x_wconf 88' lang='lat' dir='ltr'>defendunt</span> <span class='ocrx_word' id='word_1_508' title='bbox 1789 1243 1988 1283; x_wconf 87' lang='lat' dir='ltr'>seditiones,</span> <span class='ocrx_word' id='word_1_509' title='bbox 2015 1254 2053 1275; x_wconf 84' lang='lat' dir='ltr'>ac</span> <span class='ocrx_word' id='word_1_510' title='bbox 2070 1242 2292 1276; x_wconf 88' lang='lat' dir='ltr'>contendunt</span> 
     </span>
     <span class='ocr_line' id='line_1_72' title="bbox 1307 1293 2293 1337; baseline -0.003 -10"><span class='ocrx_word' id='word_1_511' title='bbox 1307 1307 1342 1328; x_wconf 90' lang='lat' dir='ltr'>se</span> <span class='ocrx_word' id='word_1_512' title='bbox 1358 1296 1522 1327; x_wconf 84' lang='lat' dir='ltr'>mandato</span> <span class='ocrx_word' id='word_1_513' title='bbox 1538 1293 1721 1337; x_wconf 82' lang='lat' dir='ltr'>Evangelii</span> <span class='ocrx_word' id='word_1_514' title='bbox 1736 1295 1813 1327; x_wconf 86' lang='lat' dir='ltr'>aliis</span> <span class='ocrx_word' id='word_1_515' title='bbox 1827 1295 1917 1327; x_wconf 85' lang='lat' dir='ltr'>bella</span> <span class='ocrx_word' id='word_1_516' title='bbox 1937 1294 2083 1334; x_wconf 89' lang='lat' dir='ltr'>inferre,</span> <span class='ocrx_word' id='word_1_517' title='bbox 2110 1300 2141 1327; x_wconf 86' lang='lat' dir='ltr'>et</span> <span class='ocrx_word' id='word_1_518' title='bbox 2158 1303 2293 1325; x_wconf 90' lang='lat' dir='ltr'>novum</span> 
     </span>
     <span class='ocr_line' id='line_1_73' title="bbox 1310 1344 2292 1387; baseline -0.002 -10"><span class='ocrx_word' id='word_1_519' title='bbox 1310 1358 1454 1387; x_wconf 74' lang='lat' dir='ltr'>regnum</span> <span class='ocrx_word' id='word_1_520' title='bbox 1478 1345 1699 1378; x_wconf 88' lang='lat' dir='ltr'>constituere.</span> <span class='ocrx_word' id='word_1_521' title='bbox 1754 1344 1842 1377; x_wconf 85' lang='lat' dir='ltr'>Tale</span> <span class='ocrx_word' id='word_1_522' title='bbox 1865 1345 2028 1377; x_wconf 87' lang='lat' dir='ltr'>delirium</span> <span class='ocrx_word' id='word_1_523' title='bbox 2053 1356 2125 1376; x_wconf 91' lang='lat' dir='ltr'>non</span> <span class='ocrx_word' id='word_1_524' title='bbox 2146 1349 2195 1376; x_wconf 90' lang='lat' dir='ltr'>est</span> <span class='ocrx_word' id='word_1_525' title='bbox 2212 1349 2292 1375; x_wconf 88' lang='lat' dir='ltr'>tan-</span> 
     </span>
     <span class='ocr_line' id='line_1_74' title="bbox 1310 1391 2291 1438; baseline -0.002 -10"><span class='ocrx_word' id='word_1_526' title='bbox 1310 1403 1381 1429; x_wconf 81' lang='lat' dir='ltr'>tuiu</span> <span class='ocrx_word' id='word_1_527' title='bbox 1408 1397 1523 1438; x_wconf 83' lang='lat' dir='ltr'>lapsus</span> <span class='ocrx_word' id='word_1_528' title='bbox 1545 1396 1581 1426; x_wconf 90' lang='lat' dir='ltr'>in</span> <span class='ocrx_word' id='word_1_529' title='bbox 1609 1395 1784 1434; x_wconf 85' lang='lat' dir='ltr'>moribus,</span> <span class='ocrx_word' id='word_1_530' title='bbox 1811 1396 1868 1428; x_wconf 91' lang='lat' dir='ltr'>sed</span> <span class='ocrx_word' id='word_1_531' title='bbox 1896 1402 1945 1429; x_wconf 87' lang='lat' dir='ltr'>est</span> <span class='ocrx_word' id='word_1_532' title='bbox 1961 1406 2059 1427; x_wconf 90' lang='lat' dir='ltr'>error</span> <span class='ocrx_word' id='word_1_533' title='bbox 2076 1395 2113 1427; x_wconf 90' lang='lat' dir='ltr'>in</span> <span class='ocrx_word' id='word_1_534' title='bbox 2130 1391 2291 1426; x_wconf 84' lang='lat' dir='ltr'>doctrina</span> 
     </span>
     <span class='ocr_line' id='line_1_75' title="bbox 1311 1445 2293 1487; baseline -0.003 -8"><span class='ocrx_word' id='word_1_535' title='bbox 1311 1453 1341 1479; x_wconf 79' lang='lat' dir='ltr'>et</span> <span class='ocrx_word' id='word_1_536' title='bbox 1364 1447 1492 1479; x_wconf 87' lang='lat' dir='ltr'>abusus</span> <span class='ocrx_word' id='word_1_537' title='bbox 1515 1445 1668 1477; x_wconf 86' lang='lat' dir='ltr'>nominis</span> <span class='ocrx_word' id='word_1_538' title='bbox 1685 1446 1816 1486; x_wconf 85' lang='lat' dir='ltr'>divini,</span> <span class='ocrx_word' id='word_1_539' title='bbox 1844 1452 1964 1479; x_wconf 85' lang='lat' dir='ltr'>contra</span> <span class='ocrx_word' id='word_1_540' title='bbox 1981 1445 2173 1478; x_wconf 85' lang='lat' dir='ltr'>secundum</span> <span class='ocrx_word' id='word_1_541' title='bbox 2192 1455 2293 1487; x_wconf 83' lang='lat' dir='ltr'>prae-</span> 
     </span>
     <span class='ocr_line' id='line_1_76' title="bbox 1311 1493 2292 1539; baseline -0.003 -10"><span class='ocrx_word' id='word_1_542' title='bbox 1311 1504 1461 1539; x_wconf 85' lang='lat' dir='ltr'>ceptum.</span> <span class='ocrx_word' id='word_1_543' title='bbox 1514 1495 1587 1528; x_wconf 82' lang='lat' dir='ltr'>Ilas</span> <span class='ocrx_word' id='word_1_544' title='bbox 1610 1496 1717 1537; x_wconf 81' lang='lat' dir='ltr'>igitur</span> <span class='ocrx_word' id='word_1_545' title='bbox 1742 1497 1878 1539; x_wconf 82' lang='lat' dir='ltr'>regulas</span> <span class='ocrx_word' id='word_1_546' title='bbox 1902 1497 2126 1529; x_wconf 88' lang='lat' dir='ltr'>observemus</span> <span class='ocrx_word' id='word_1_547' title='bbox 2143 1495 2180 1527; x_wconf 91' lang='lat' dir='ltr'>in</span> <span class='ocrx_word' id='word_1_548' title='bbox 2196 1493 2292 1527; x_wconf 86' lang='lat' dir='ltr'>iudi-</span> 
     </span>
     <span class='ocr_line' id='line_1_77' title="bbox 1311 1543 2294 1590; baseline -0.002 -11"><span class='ocrx_word' id='word_1_549' title='bbox 1311 1548 1430 1579; x_wconf 85' lang='lat' dir='ltr'>caudis</span> <span class='ocrx_word' id='word_1_550' title='bbox 1455 1547 1655 1589; x_wconf 82' lang='lat' dir='ltr'>spiritibus,</span> <span class='ocrx_word' id='word_1_551' title='bbox 1681 1546 1769 1579; x_wconf 91' lang='lat' dir='ltr'>sicut</span> <span class='ocrx_word' id='word_1_552' title='bbox 1791 1544 1950 1580; x_wconf 86' lang='lat' dir='ltr'>Christus</span> <span class='ocrx_word' id='word_1_553' title='bbox 1975 1547 2105 1590; x_wconf 87' lang='lat' dir='ltr'>inquit:</span> <span class='ocrx_word' id='word_1_554' title='bbox 2139 1543 2193 1577; x_wconf 84' lang='lat' dir='ltr'>Ex</span> <span class='ocrx_word' id='word_1_555' title='bbox 2216 1545 2294 1577; x_wconf 86' lang='lat' dir='ltr'>ftu-</span> 
     </span>
     <span class='ocr_line' id='line_1_78' title="bbox 1312 1595 2295 1639; baseline -0.003 -10"><span class='ocrx_word' id='word_1_556' title='bbox 1312 1598 1424 1631; x_wconf 73' lang='lat' dir='ltr'>ctilius</span> <span class='ocrx_word' id='word_1_557' title='bbox 1448 1609 1567 1630; x_wconf 88' lang='lat' dir='ltr'>eorum</span> <span class='ocrx_word' id='word_1_558' title='bbox 1592 1597 1805 1639; x_wconf 81' lang='lat' dir='ltr'>cognoscetis</span> <span class='ocrx_word' id='word_1_559' title='bbox 1829 1608 1906 1638; x_wconf 88' lang='lat' dir='ltr'>eos,</span> <span class='ocrx_word' id='word_1_560' title='bbox 1932 1597 1968 1629; x_wconf 86' lang='lat' dir='ltr'>id</span> <span class='ocrx_word' id='word_1_561' title='bbox 1988 1603 2055 1636; x_wconf 90' lang='lat' dir='ltr'>est,</span> <span class='ocrx_word' id='word_1_562' title='bbox 2083 1595 2234 1639; x_wconf 85' lang='lat' dir='ltr'>primum</span> <span class='ocrx_word' id='word_1_563' title='bbox 2253 1605 2295 1626; x_wconf 79' lang='lat' dir='ltr'>ex</span> 
     </span>
     <span class='ocr_line' id='line_1_79' title="bbox 1313 1646 2296 1690; baseline -0.004 -9"><span class='ocrx_word' id='word_1_564' title='bbox 1313 1648 1492 1681; x_wconf 80' lang='lat' dir='ltr'>doctrinae</span> <span class='ocrx_word' id='word_1_565' title='bbox 1523 1647 1752 1687; x_wconf 84' lang='lat' dir='ltr'>testimoniis,</span> <span class='ocrx_word' id='word_1_566' title='bbox 1787 1654 1904 1690; x_wconf 84' lang='lat' dir='ltr'>postea</span> <span class='ocrx_word' id='word_1_567' title='bbox 1931 1659 1972 1680; x_wconf 86' lang='lat' dir='ltr'>ex</span> <span class='ocrx_word' id='word_1_568' title='bbox 1997 1646 2196 1687; x_wconf 78' lang='lat' dir='ltr'>miraculis,</span> <span class='ocrx_word' id='word_1_569' title='bbox 2230 1656 2296 1689; x_wconf 85' lang='lat' dir='ltr'>po-</span> 
     </span>
     <span class='ocr_line' id='line_1_80' title="bbox 1314 1697 1981 1742; baseline -0.003 -11"><span class='ocrx_word' id='word_1_570' title='bbox 1314 1706 1441 1732; x_wconf 77' lang='lat' dir='ltr'>stremo</span> <span class='ocrx_word' id='word_1_571' title='bbox 1459 1710 1499 1730; x_wconf 84' lang='lat' dir='ltr'>ex</span> <span class='ocrx_word' id='word_1_572' title='bbox 1514 1697 1610 1730; x_wconf 88' lang='lat' dir='ltr'>vitiis</span> <span class='ocrx_word' id='word_1_573' title='bbox 1626 1709 1713 1742; x_wconf 89' lang='lat' dir='ltr'>quae</span> <span class='ocrx_word' id='word_1_574' title='bbox 1731 1698 1981 1733; x_wconf 82' lang='lat' dir='ltr'>defenduntur,</span> 
     </span>
    </p>
   </div>
   <div class='ocr_carea' id='block_1_11' title="bbox 1397 1801 2215 1847">
    <p class='ocr_par' dir='ltr' id='par_1_12' title="bbox 1397 1801 2215 1847">
     <span class='ocr_line' id='line_1_81' title="bbox 1397 1801 2215 1847; baseline 0.002 -10"><span class='ocrx_word' id='word_1_575' title='bbox 1397 1803 1741 1847; x_wconf 64' lang='lat' dir='ltr'>Samaritanuses,</span> <span class='ocrx_word' id='word_1_576' title='bbox 1775 1809 1806 1838; x_wconf 82' lang='lat' dir='ltr'>el</span> <span class='ocrx_word' id='word_1_577' title='bbox 1833 1802 2064 1839; x_wconf 80' lang='lat' dir='ltr'>daemonium</span> <span class='ocrx_word' id='word_1_578' title='bbox 2087 1801 2215 1839; x_wconf 78' lang='lat' dir='ltr'>habes.</span> 
     </span>
    </p>
   </div>
   <div class='ocr_carea' id='block_1_12' title="bbox 1315 1880 2307 2635">
    <p class='ocr_par' dir='ltr' id='par_1_13' title="bbox 1315 1880 2307 2635">
     <span class='ocr_line' id='line_1_82' title="bbox 1416 1880 2299 1925; baseline 0.001 -11"><span class='ocrx_word' id='word_1_579' title='bbox 1416 1880 1496 1914; x_wconf 84' lang='lat' dir='ltr'>Non</span> <span class='ocrx_word' id='word_1_580' title='bbox 1533 1888 1680 1925; x_wconf 87' lang='lat' dir='ltr'>possunt</span> <span class='ocrx_word' id='word_1_581' title='bbox 1717 1881 1842 1914; x_wconf 85' lang='lat' dir='ltr'>afferre</span> <span class='ocrx_word' id='word_1_582' title='bbox 1880 1893 2016 1914; x_wconf 83' lang='lat' dir='ltr'>causam</span> <span class='ocrx_word' id='word_1_583' title='bbox 2058 1880 2197 1922; x_wconf 84' lang='lat' dir='ltr'>Iudaei,</span> <span class='ocrx_word' id='word_1_584' title='bbox 2236 1893 2299 1915; x_wconf 87' lang='lat' dir='ltr'>cur</span> 
     </span>
     <span class='ocr_line' id='line_1_83' title="bbox 1315 1929 2300 1976; baseline 0.001 -11"><span class='ocrx_word' id='word_1_585' title='bbox 1315 1933 1486 1965; x_wconf 88' lang='lat' dir='ltr'>damnent</span> <span class='ocrx_word' id='word_1_586' title='bbox 1512 1929 1606 1964; x_wconf 88' lang='lat' dir='ltr'>hunc</span> <span class='ocrx_word' id='word_1_587' title='bbox 1630 1933 1827 1972; x_wconf 86' lang='lat' dir='ltr'>doctorem,</span> <span class='ocrx_word' id='word_1_588' title='bbox 1855 1933 1913 1964; x_wconf 92' lang='lat' dir='ltr'>sed</span> <span class='ocrx_word' id='word_1_589' title='bbox 1939 1938 2102 1976; x_wconf 87' lang='lat' dir='ltr'>repetunt</span> <span class='ocrx_word' id='word_1_590' title='bbox 2122 1940 2154 1966; x_wconf 79' lang='lat' dir='ltr'>et</span> <span class='ocrx_word' id='word_1_591' title='bbox 2172 1939 2300 1976; x_wconf 81' lang='lat' dir='ltr'>augent</span> 
     </span>
     <span class='ocr_line' id='line_1_84' title="bbox 1317 1981 2300 2024; baseline 0.001 -8"><span class='ocrx_word' id='word_1_592' title='bbox 1317 1982 1485 2017; x_wconf 83' lang='lat' dir='ltr'>convicia.</span> <span class='ocrx_word' id='word_1_593' title='bbox 1539 1981 1607 2014; x_wconf 81' lang='lat' dir='ltr'>Hic</span> <span class='ocrx_word' id='word_1_594' title='bbox 1632 1982 1804 2024; x_wconf 83' lang='lat' dir='ltr'>disputari</span> <span class='ocrx_word' id='word_1_595' title='bbox 1829 1983 1916 2015; x_wconf 89' lang='lat' dir='ltr'>solet</span> <span class='ocrx_word' id='word_1_596' title='bbox 1941 1984 1983 2015; x_wconf 88' lang='lat' dir='ltr'>de</span> <span class='ocrx_word' id='word_1_597' title='bbox 2006 1983 2237 2024; x_wconf 82' lang='lat' dir='ltr'>refutatione,</span> <span class='ocrx_word' id='word_1_598' title='bbox 2266 1990 2300 2017; x_wconf 85' lang='lat' dir='ltr'>et</span> 
     </span>
     <span class='ocr_line' id='line_1_85' title="bbox 1317 2032 2300 2076; baseline 0.001 -10"><span class='ocrx_word' id='word_1_599' title='bbox 1317 2033 1490 2073; x_wconf 84' lang='lat' dir='ltr'>vindicta,</span> <span class='ocrx_word' id='word_1_600' title='bbox 1517 2034 1576 2065; x_wconf 88' lang='lat' dir='ltr'>sed</span> <span class='ocrx_word' id='word_1_601' title='bbox 1600 2032 1752 2065; x_wconf 85' lang='lat' dir='ltr'>facilima</span> <span class='ocrx_word' id='word_1_602' title='bbox 1775 2039 1826 2065; x_wconf 88' lang='lat' dir='ltr'>est</span> <span class='ocrx_word' id='word_1_603' title='bbox 1848 2033 2042 2076; x_wconf 81' lang='lat' dir='ltr'>explicatio.</span> <span class='ocrx_word' id='word_1_604' title='bbox 2094 2032 2170 2066; x_wconf 78' lang='lat' dir='ltr'>Etsi</span> <span class='ocrx_word' id='word_1_605' title='bbox 2194 2046 2300 2067; x_wconf 89' lang='lat' dir='ltr'>mnn-</span> 
     </span>
     <span class='ocr_line' id='line_1_86' title="bbox 1319 2080 2303 2126; baseline 0.002 -10"><span class='ocrx_word' id='word_1_606' title='bbox 1319 2086 1383 2117; x_wconf 90' lang='lat' dir='ltr'>dus</span> <span class='ocrx_word' id='word_1_607' title='bbox 1410 2084 1530 2116; x_wconf 90' lang='lat' dir='ltr'>miscet</span> <span class='ocrx_word' id='word_1_608' title='bbox 1555 2080 1640 2115; x_wconf 82' lang='lat' dir='ltr'>haec</span> <span class='ocrx_word' id='word_1_609' title='bbox 1667 2085 1755 2123; x_wconf 89' lang='lat' dir='ltr'>duo,</span> <span class='ocrx_word' id='word_1_610' title='bbox 1784 2083 2022 2116; x_wconf 85' lang='lat' dir='ltr'>defensionem</span> <span class='ocrx_word' id='word_1_611' title='bbox 2048 2090 2080 2116; x_wconf 83' lang='lat' dir='ltr'>et</span> <span class='ocrx_word' id='word_1_612' title='bbox 2098 2084 2303 2126; x_wconf 88' lang='lat' dir='ltr'>vindictam,</span> 
     </span>
     <span class='ocr_line' id='line_1_87' title="bbox 1319 2132 2303 2178; baseline 0 -11"><span class='ocrx_word' id='word_1_613' title='bbox 1319 2142 1434 2167; x_wconf 80' lang='lat' dir='ltr'>tamen</span> <span class='ocrx_word' id='word_1_614' title='bbox 1459 2134 1511 2167; x_wconf 86' lang='lat' dir='ltr'>lex</span> <span class='ocrx_word' id='word_1_615' title='bbox 1533 2140 1566 2166; x_wconf 89' lang='lat' dir='ltr'>et</span> <span class='ocrx_word' id='word_1_616' title='bbox 1585 2133 1753 2166; x_wconf 87' lang='lat' dir='ltr'>iudicium</span> <span class='ocrx_word' id='word_1_617' title='bbox 1770 2132 1838 2166; x_wconf 67' lang='lat' dir='ltr'>Dei</span> <span class='ocrx_word' id='word_1_618' title='bbox 1855 2135 1931 2167; x_wconf 86' lang='lat' dir='ltr'>vult</span> <span class='ocrx_word' id='word_1_619' title='bbox 1947 2146 1984 2167; x_wconf 91' lang='lat' dir='ltr'>ea</span> <span class='ocrx_word' id='word_1_620' title='bbox 2003 2134 2192 2178; x_wconf 84' lang='lat' dir='ltr'>distingui,</span> <span class='ocrx_word' id='word_1_621' title='bbox 2219 2136 2303 2169; x_wconf 91' lang='lat' dir='ltr'>uni-</span> 
     </span>
     <span class='ocr_line' id='line_1_88' title="bbox 1321 2184 2303 2227; baseline 0.001 -9"><span class='ocrx_word' id='word_1_622' title='bbox 1321 2185 1499 2218; x_wconf 74' lang='lat' dir='ltr'>versaliter</span> <span class='ocrx_word' id='word_1_623' title='bbox 1515 2184 1670 2216; x_wconf 83' lang='lat' dir='ltr'>defensio</span> <span class='ocrx_word' id='word_1_624' title='bbox 1685 2184 1840 2217; x_wconf 85' lang='lat' dir='ltr'>veritatis</span> <span class='ocrx_word' id='word_1_625' title='bbox 1858 2196 2016 2218; x_wconf 87' lang='lat' dir='ltr'>concessa</span> <span class='ocrx_word' id='word_1_626' title='bbox 2033 2192 2101 2227; x_wconf 85' lang='lat' dir='ltr'>est,</span> <span class='ocrx_word' id='word_1_627' title='bbox 2128 2186 2186 2219; x_wconf 91' lang='lat' dir='ltr'>sed</span> <span class='ocrx_word' id='word_1_628' title='bbox 2204 2186 2303 2219; x_wconf 86' lang='lat' dir='ltr'>aliud</span> 
     </span>
     <span class='ocr_line' id='line_1_89' title="bbox 1321 2234 2304 2279; baseline 0.001 -10"><span class='ocrx_word' id='word_1_629' title='bbox 1321 2243 1371 2269; x_wconf 85' lang='lat' dir='ltr'>est</span> <span class='ocrx_word' id='word_1_630' title='bbox 1389 2235 1502 2267; x_wconf 79' lang='lat' dir='ltr'>verbis</span> <span class='ocrx_word' id='word_1_631' title='bbox 1520 2234 1711 2275; x_wconf 82' lang='lat' dir='ltr'>testificari,</span> <span class='ocrx_word' id='word_1_632' title='bbox 1736 2247 1823 2279; x_wconf 84' lang='lat' dir='ltr'>qnae</span> <span class='ocrx_word' id='word_1_633' title='bbox 1840 2236 2009 2269; x_wconf 89' lang='lat' dir='ltr'>sententia</span> <span class='ocrx_word' id='word_1_634' title='bbox 2025 2236 2069 2269; x_wconf 91' lang='lat' dir='ltr'>sit</span> <span class='ocrx_word' id='word_1_635' title='bbox 2086 2248 2180 2277; x_wconf 88' lang='lat' dir='ltr'>vera,</span> <span class='ocrx_word' id='word_1_636' title='bbox 2205 2237 2304 2270; x_wconf 81' lang='lat' dir='ltr'>aliud</span> 
     </span>
     <span class='ocr_line' id='line_1_90' title="bbox 1322 2283 2304 2330; baseline 0.002 -10"><span class='ocrx_word' id='word_1_637' title='bbox 1322 2293 1372 2320; x_wconf 84' lang='lat' dir='ltr'>est</span> <span class='ocrx_word' id='word_1_638' title='bbox 1399 2293 1516 2330; x_wconf 86' lang='lat' dir='ltr'>postea</span> <span class='ocrx_word' id='word_1_639' title='bbox 1543 2297 1640 2318; x_wconf 83' lang='lat' dir='ltr'>arma</span> <span class='ocrx_word' id='word_1_640' title='bbox 1665 2297 1796 2329; x_wconf 84' lang='lat' dir='ltr'>capere.</span> <span class='ocrx_word' id='word_1_641' title='bbox 1853 2283 2014 2319; x_wconf 85' lang='lat' dir='ltr'>Christus</span> <span class='ocrx_word' id='word_1_642' title='bbox 2037 2287 2153 2320; x_wconf 88' lang='lat' dir='ltr'>verbis</span> <span class='ocrx_word' id='word_1_643' title='bbox 2175 2288 2304 2322; x_wconf 84' lang='lat' dir='ltr'>refutat</span> 
     </span>
     <span class='ocr_line' id='line_1_91' title="bbox 1323 2336 2304 2375; baseline 0.002 -6"><span class='ocrx_word' id='word_1_644' title='bbox 1323 2337 1558 2375; x_wconf 70' lang='lat' dir='ltr'>adversarios,</span> <span class='ocrx_word' id='word_1_645' title='bbox 1601 2348 1673 2368; x_wconf 88' lang='lat' dir='ltr'>non</span> <span class='ocrx_word' id='word_1_646' title='bbox 1705 2342 1821 2369; x_wconf 80' lang='lat' dir='ltr'>movet</span> <span class='ocrx_word' id='word_1_647' title='bbox 1850 2348 1957 2369; x_wconf 83' lang='lat' dir='ltr'>arma.</span> <span class='ocrx_word' id='word_1_648' title='bbox 2020 2336 2159 2370; x_wconf 86' lang='lat' dir='ltr'>Deinde</span> <span class='ocrx_word' id='word_1_649' title='bbox 2190 2345 2304 2372; x_wconf 86' lang='lat' dir='ltr'>servat</span> 
     </span>
     <span class='ocr_line' id='line_1_92' title="bbox 1324 2385 2306 2429; baseline 0.004 -10"><span class='ocrx_word' id='word_1_650' title='bbox 1324 2386 1386 2421; x_wconf 80' lang='lat' dir='ltr'>lios</span> <span class='ocrx_word' id='word_1_651' title='bbox 1409 2388 1552 2429; x_wconf 78' lang='lat' dir='ltr'>gradus:</span> <span class='ocrx_word' id='word_1_652' title='bbox 1580 2385 1661 2419; x_wconf 82' lang='lat' dir='ltr'>Non</span> <span class='ocrx_word' id='word_1_653' title='bbox 1685 2387 1811 2419; x_wconf 85' lang='lat' dir='ltr'>refutat</span> <span class='ocrx_word' id='word_1_654' title='bbox 1827 2387 1945 2419; x_wconf 84' lang='lat' dir='ltr'>omnia</span> <span class='ocrx_word' id='word_1_655' title='bbox 1963 2387 2140 2427; x_wconf 88' lang='lat' dir='ltr'>convicia,</span> <span class='ocrx_word' id='word_1_656' title='bbox 2167 2390 2226 2421; x_wconf 92' lang='lat' dir='ltr'>sed</span> <span class='ocrx_word' id='word_1_657' title='bbox 2243 2389 2306 2423; x_wconf 85' lang='lat' dir='ltr'>illa</span> 
     </span>
     <span class='ocr_line' id='line_1_93' title="bbox 1324 2437 2306 2481; baseline 0.003 -11"><span class='ocrx_word' id='word_1_658' title='bbox 1324 2445 1458 2470; x_wconf 76' lang='lat' dir='ltr'>tantum</span> <span class='ocrx_word' id='word_1_659' title='bbox 1471 2464 1480 2477; x_wconf 86' lang='lat'>,</span> <span class='ocrx_word' id='word_1_660' title='bbox 1507 2449 1595 2481; x_wconf 85' lang='lat' dir='ltr'>quae</span> <span class='ocrx_word' id='word_1_661' title='bbox 1612 2448 1768 2480; x_wconf 86' lang='lat' dir='ltr'>expresse</span> <span class='ocrx_word' id='word_1_662' title='bbox 1786 2437 1970 2471; x_wconf 81' lang='lat' dir='ltr'>laedebant</span> <span class='ocrx_word' id='word_1_663' title='bbox 1987 2439 2133 2480; x_wconf 87' lang='lat' dir='ltr'>gloriam</span> <span class='ocrx_word' id='word_1_664' title='bbox 2150 2437 2234 2477; x_wconf 89' lang='lat' dir='ltr'>Dei,</span> <span class='ocrx_word' id='word_1_665' title='bbox 2262 2441 2306 2473; x_wconf 89' lang='lat' dir='ltr'>de</span> 
     </span>
     <span class='ocr_line' id='line_1_94' title="bbox 1325 2485 2304 2534; baseline 0.003 -14"><span class='ocrx_word' id='word_1_666' title='bbox 1325 2488 1484 2520; x_wconf 80' lang='lat' dir='ltr'>convicio</span> <span class='ocrx_word' id='word_1_667' title='bbox 1503 2487 1715 2521; x_wconf 79' lang='lat' dir='ltr'>Samaritani</span> <span class='ocrx_word' id='word_1_668' title='bbox 1741 2485 1831 2519; x_wconf 89' lang='lat' dir='ltr'>nihil</span> <span class='ocrx_word' id='word_1_669' title='bbox 1850 2490 2056 2532; x_wconf 82' lang='lat' dir='ltr'>respondet,</span> <span class='ocrx_word' id='word_1_670' title='bbox 2085 2496 2118 2523; x_wconf 84' lang='lat' dir='ltr'>et</span> <span class='ocrx_word' id='word_1_671' title='bbox 2133 2491 2214 2534; x_wconf 86' lang='lat' dir='ltr'>quia</span> <span class='ocrx_word' id='word_1_672' title='bbox 2229 2502 2304 2524; x_wconf 86' lang='lat' dir='ltr'>ma-</span> 
     </span>
     <span class='ocr_line' id='line_1_95' title="bbox 1325 2538 2306 2579; baseline 0.004 -9"><span class='ocrx_word' id='word_1_673' title='bbox 1325 2539 1449 2570; x_wconf 82' lang='lat' dir='ltr'>nifesta</span> <span class='ocrx_word' id='word_1_674' title='bbox 1478 2538 1610 2571; x_wconf 85' lang='lat' dir='ltr'>falsitas</span> <span class='ocrx_word' id='word_1_675' title='bbox 1640 2544 1731 2577; x_wconf 84' lang='lat' dir='ltr'>erat,</span> <span class='ocrx_word' id='word_1_676' title='bbox 1773 2545 1806 2571; x_wconf 87' lang='lat' dir='ltr'>et</span> <span class='ocrx_word' id='word_1_677' title='bbox 1835 2539 1993 2579; x_wconf 88' lang='lat' dir='ltr'>notoria,</span> <span class='ocrx_word' id='word_1_678' title='bbox 2035 2541 2186 2574; x_wconf 86' lang='lat' dir='ltr'>refutare</span> <span class='ocrx_word' id='word_1_679' title='bbox 2214 2539 2306 2574; x_wconf 87' lang='lat' dir='ltr'>nihil</span> 
     </span>
     <span class='ocr_line' id='line_1_96' title="bbox 1326 2586 2307 2635; baseline 0.006 -15"><span class='ocrx_word' id='word_1_680' title='bbox 1326 2600 1413 2631; x_wconf 84' lang='lat' dir='ltr'>opus</span> <span class='ocrx_word' id='word_1_681' title='bbox 1432 2596 1501 2627; x_wconf 53' lang='lat' dir='ltr'>est,</span> <span class='ocrx_word' id='word_1_682' title='bbox 1524 2597 1563 2621; x_wconf 89' lang='lat' dir='ltr'>ut</span> <span class='ocrx_word' id='word_1_683' title='bbox 1580 2588 1684 2631; x_wconf 88' lang='lat' dir='ltr'>vulgo</span> <span class='ocrx_word' id='word_1_684' title='bbox 1700 2588 1845 2621; x_wconf 88' lang='lat' dir='ltr'>dicitur:</span> <span class='ocrx_word' id='word_1_685' title='bbox 1873 2586 1918 2622; x_wconf 87' lang='lat' dir='ltr'>Et</span> <span class='ocrx_word' id='word_1_686' title='bbox 1934 2590 2015 2635; x_wconf 80' lang='lat' dir='ltr'>quia</span> <span class='ocrx_word' id='word_1_687' title='bbox 2034 2590 2106 2634; x_wconf 89' lang='lat' dir='ltr'>ipse</span> <span class='ocrx_word' id='word_1_688' title='bbox 2123 2592 2307 2635; x_wconf 82' lang='lat' dir='ltr'>colligebat</span> 
     </span>
    </p>
   </div>
  </div>
 </body>
</html>
