2415 2942
249 84 316 119 811

249 169 407 202 nondum
424 161 585 198 satisfacit
609 158 674 202 legi
693 157 779 195 Dei,
806 163 838 190 et
863 153 979 190 adbuc
1005 154 1132 188 multas
1155 165 1230 187 sor-

249 222 309 253 des
333 226 363 251 et
389 214 606 248 infirmitates
631 208 844 243 circumfert.
920 205 998 240 Hoc
1028 205 1230 239 discrimine

249 272 292 303 de
310 267 443 301 iusticia
465 274 631 308 personae
646 267 677 293 et
699 271 846 303 operum
872 258 1111 297 considerato,
1138 255 1232 288 mul-

249 328 322 353 tum
348 317 435 350 lucis
459 314 591 348 accedit
613 312 795 345 universae
812 307 895 343 buic
911 309 1104 342 doctrinae.
1157 305 1231 339 Iam

249 380 370 403 rursus
397 366 594 400 consideres
619 361 703 395 baec
735 361 933 404 coniugata.
1005 357 1156 392 Dilectio
1182 364 1233 390 est

251 419 404 455 iusticia,
441 418 474 449 id
503 424 570 454 est,
613 413 744 452 virtus,
778 410 872 456 Ergo
898 410 1086 444 dilectione
1111 419 1231 442 sumus

251 470 351 510 iusti,
385 467 441 501 bic
468 467 495 500 si
523 465 604 499 iusti
633 463 803 507 significet
835 474 1021 507 personam
1055 467 1230 502 acceptam

251 533 323 555 esse
341 532 456 554 corani
475 517 562 555 Deo,
591 528 663 548 non
681 515 809 548 valebit
827 512 1075 558 consequentia
1094 517 1235 555 propter

252 571 514 612 ambiguitatem
527 592 537 607 ,
554 574 593 600 ut
610 567 637 599 si
655 566 767 599 dicas:
795 566 908 598 Amor
923 564 1054 608 patriae
1071 569 1121 595 est
1137 561 1236 594 iusti-

250 624 321 661 cia,
348 620 441 664 Ergo
457 618 581 653 Cicero
599 623 741 661 propter
767 627 919 649 amorem
947 614 1079 656 patriae
1104 619 1153 645 est
1181 612 1235 643 iu-

252 681 325 707 stus
343 684 458 705 coram
478 669 565 704 Deo.
620 666 849 700 Manifestum
872 673 920 698 est
943 662 1000 698 hic
1023 675 1096 696 non
1123 662 1236 695 valere

252 722 536 769 consequentiam
556 725 698 764 propter
714 717 992 759 ambiguitatem.

505 801 691 850 Quartum
716 804 986 848 argumentum.

308 874 470 909 Medium
490 884 560 917 qno
580 883 652 904 non
673 877 723 903 est
741 869 912 903 terminus
929 869 972 901 ad
989 878 1104 913 quem,

307 926 411 959 Fides
439 931 488 957 est
512 922 667 955 medium
692 933 762 966 quo
787 920 975 964 accipimus
997 917 1238 952 remissionem

361 981 601 1020 peccatorum:

302 1027 414 1071 Igitur
440 1026 522 1058 fides
548 1035 619 1056 non
643 1029 691 1056 est
715 1021 870 1062 iusticia,
901 1020 960 1054 sed
986 1031 1039 1054 res
1064 1031 1131 1065 qua
1149 1018 1240 1052 acci-

359 1078 474 1121 pimus
491 1088 577 1109 eam.

333 1127 496 1162 Concedo
526 1133 637 1159 tntum
666 1123 890 1168 propriisime
919 1122 1116 1167 loquendo,
1156 1119 1238 1164 quia

259 1191 380 1213 verum
404 1186 471 1216 est,
502 1177 569 1209 fide
597 1175 726 1218 accipi,
769 1175 802 1206 id
831 1180 898 1211 est,
940 1172 1107 1216 applicari
1139 1171 1242 1204 nobis

259 1231 455 1270 iusticiam,
490 1229 524 1260 id
549 1234 615 1267 est,
653 1225 920 1268 imputationem
948 1224 1124 1261 instit-iae,
1160 1222 1240 1266 quia

259 1295 332 1314 non
350 1291 471 1314 sumus
487 1278 568 1310 iusti
595 1285 627 1311 et
650 1276 780 1320 accepti
805 1281 947 1318 propter
969 1282 1104 1308 nostras
1128 1273 1241 1317 quali-

259 1341 362 1371 tates,
390 1331 447 1364 sed
474 1335 616 1373 propter
640 1327 749 1359 filium
777 1324 841 1358 Dei
866 1325 1112 1364 mediatorem,
1140 1335 1242 1367 quem

260 1391 378 1416 tamen
411 1391 546 1413 necesse
579 1385 628 1411 est
659 1378 725 1409 fide
757 1375 887 1408 intueri
911 1382 941 1408 et
970 1373 1242 1418 apprehendere.

259 1432 397 1467 Deinde
421 1429 506 1464 baec
530 1430 601 1472 ipsa
629 1429 712 1460 fides
738 1427 879 1459 initium
908 1432 958 1459 est
979 1426 1149 1459 virtutum
1167 1437 1243 1456 om-

261 1485 381 1522 nium,
409 1493 497 1526 qnae
522 1480 556 1512 in
584 1479 685 1511 nobis
713 1478 972 1517 accenduntur,
1007 1484 1040 1510 et
1063 1487 1148 1522 quas
1172 1486 1244 1508 esse

261 1535 300 1567 in
317 1532 492 1567 conversis
513 1536 661 1574 oportet.

517 1607 696 1657 Quintum
719 1610 988 1653 argumentum.

318 1678 501 1713 iustificari
521 1684 570 1710 est
590 1689 628 1709 ex
647 1676 779 1709 iniusto
800 1675 927 1708 iustum
945 1673 1033 1706 ficri:

313 1730 497 1765 Efficimur
521 1728 622 1768 iusti,
666 1727 700 1759 id
724 1733 796 1767 est,
835 1725 959 1758 mutati
985 1725 1053 1757 iam
1082 1724 1119 1756 in
1144 1723 1246 1756 nobis

367 1781 454 1820 fide,
479 1792 557 1823 spe,
585 1786 619 1811 et
636 1778 841 1810 dilectione:

314 1831 408 1873 Ergo
425 1843 498 1863 non
515 1830 586 1862 sola
605 1828 683 1863 fide.

347 1882 506 1915 Primum
531 1881 572 1912 ad
596 1879 784 1918 maiorem,
811 1884 849 1910 ut
873 1875 1061 1920 descriptio
1086 1873 1245 1907 vocabuli

268 1934 408 1979 propria
427 1938 598 1964 teneatur.
653 1929 876 1972 Ambiguitas
893 1935 941 1959 est
964 1927 999 1958 in
1016 1926 1164 1965 maiore,
1193 1925 1247 1957 iu-

266 1985 408 2018 stificari
434 1990 483 2015 est
510 1994 548 2014 ex
574 1980 705 2013 iniusto
730 1980 858 2013 iustum
886 1978 976 2010 fieri:
1001 1974 1086 2009 haec
1114 1975 1247 2008 intelli-

267 2043 352 2079 gunt
371 2032 561 2067 adversarii
581 2038 716 2064 tantum
737 2028 802 2062 hoc
821 2030 938 2067 modo,
965 2028 1107 2066 iustum,
1135 2027 1168 2058 id
1186 2033 1248 2065 est,

269 2087 398 2125 alium,
426 2084 589 2116 indutum
609 2081 710 2114 novis
729 2079 966 2125 qualitatibus,
1020 2077 1057 2110 ld
1077 2090 1147 2110 non
1166 2076 1248 2109 satis

267 2144 335 2176 est,
362 2136 421 2168 sed
450 2134 598 2176 intelligi
624 2138 762 2175 oportet
788 2131 936 2169 iustum,
963 2129 998 2160 id
1024 2135 1089 2168 est,
1125 2139 1247 2159 recon-

267 2188 422 2220 ciliatum
443 2185 516 2219 Deo
534 2185 621 2217 sacta
642 2182 846 2215 remissione
866 2186 1104 2223 peccatorum,
1135 2185 1166 2210 et
1192 2189 1248 2210 ac-

268 2244 405 2282 ceptum
424 2235 510 2270 Deo.
563 2233 701 2268 Deinde
719 2245 798 2264 vero
823 2232 1022 2264 addendum
1049 2236 1117 2269 est,
1143 2229 1247 2260 indu-

267 2296 341 2322 tum
359 2287 459 2319 novis
477 2285 715 2329 qualitatibus.
768 2281 861 2315 Haec
889 2280 1049 2313 vocabuli
1076 2279 1247 2323 interpre-

268 2338 353 2371 tatio
373 2337 558 2379 diligentet·
575 2335 830 2368 consideranda
849 2340 917 2372 est,
942 2338 979 2363 ut
996 2332 1036 2363 ad
1058 2327 1147 2362 hanc
1171 2341 1249 2372 spe-

268 2389 397 2421 ciosam
433 2386 692 2419 cavillationem
729 2385 848 2416 dextre
884 2382 1088 2425 responderi
1123 2380 1245 2423 possit:

268 2441 338 2472 iam
371 2438 529 2470 vocabuli
562 2436 851 2478 interpretatione
882 2433 1068 2466 constituta
1103 2442 1246 2474 respon-

269 2491 391 2522 deatur
408 2488 448 2519 ad
468 2489 647 2519 maiorem.
690 2485 808 2518 Maior
826 2491 876 2517 est
895 2495 974 2516 vera
993 2484 1035 2515 de
1055 2482 1248 2514 mutatione

270 2541 306 2572 in
325 2538 440 2572 nobis.
492 2536 559 2570 Sed
581 2548 653 2568 non
671 2544 719 2569 est
738 2548 817 2568 vera
842 2537 884 2568 de
902 2533 1107 2567 remissione
1126 2544 1247 2575 pecca—

269 2599 398 2627 torum,
415 2596 446 2621 et
463 2587 698 2630 acceptatione
718 2597 895 2628 personae.
926 2583 1055 2617 Verum
1075 2589 1135 2623 est,
1156 2582 1247 2615 mul-

269 2649 319 2672 tas
345 2640 489 2672 virtutes
520 2637 623 2670 simul
657 2636 797 2668 accendi
829 2641 1006 2680 oportere,
1047 2635 1104 2667 sed
1131 2640 1247 2666 tamen

833 70 959 106 PHlL.
987 67 1102 104 MEL.
1129 65 1337 103 SCRIPTA
1363 62 1667 102 EXEGEthA.

2192 65 2266 101 812

1283 161 1431 196 persona
1459 148 1548 183 iusta
1573 156 1643 191 est,
1686 149 1722 183 id
1748 157 1816 193 est,
1857 148 1990 186 habens
2022 152 2264 186 remissionem

1285 207 1524 247 peccatorum,
1553 207 1586 234 et
1609 207 1747 245 accepta
1771 201 1868 243 Deo,
1906 203 1991 244 fide,
2025 211 2167 248 propter
2191 214 2266 236 me-

1285 253 1475 292 diatorem,
1519 263 1591 284 non
1617 258 1759 296 propter
1785 253 1944 296 proprias
1969 254 2125 288 virtutes.
2200 251 2268 286 His

1285 302 1579 347 explicationibus
1602 303 1832 335 consideratis
1852 303 1939 335 aliae
1964 304 2095 337 similes
2121 304 2267 349 praesti-

1286 354 1360 397 giae
1387 354 1491 386 etiam
1517 353 1617 386 facile
1644 353 1792 386 iudicari
1818 360 1851 386 et
1875 353 2018 386 refutari
2046 362 2208 397 possunt,
2235 360 2269 387 et

1286 403 1371 438 alibi
1390 405 1579 437 multarum
1598 403 1836 437 obiectionum
1857 404 2105 448 explicationes
2129 404 2269 438 tradidi.

1286 455 1468 489 Caeterum
1490 457 1532 488 ad
1552 455 1766 489 intellectum
1786 461 1820 488 et
1840 454 2098 488 controversiae
2115 452 2221 488 huius
2237 461 2272 488 et.

1287 505 1467 549 Epistulae
1486 504 1673 546 Paulinae,
1700 518 1837 538 necesse
1859 513 1909 539 est
1935 512 2026 539 recte
2052 512 2085 539 et
2108 517 2190 538 vere
2212 516 2272 538 co·-

1288 557 1405 600 gnosci
1433 556 1621 589 discrimen
1645 557 1730 598 legis
1757 565 1789 590 et
1812 556 2007 599 Evangelii.
2075 555 2162 589 ltem
2188 567 2271 600 pro-

1289 607 1382 651 prias
1412 614 1443 639 et
1470 619 1569 640 veras
1594 608 1865 650 significationes
1890 606 2142 640 vocabulorum
2172 605 2273 640 iusti-

1289 657 1482 698 ficationis,
1507 656 1668 698 Gratiae,
1695 657 1811 698 Fidei,
1834 665 1897 691 etc.
1921 664 1954 691 et
1969 655 2106 701 phrasis
2120 653 2274 702 propbe-

1289 708 1355 742 tica
1374 715 1406 741 et
1423 708 1612 752 apostolica.
1625 709 1701 742 sine
1716 709 1924 753 corruptelis
1938 708 2166 752 intelligenda
2183 713 2245 742 est.

1394 795 1637 827 Enarratio
1667 796 1835 837 aliquot
1864 794 2171 827 vocabulorum.

1393 856 1464 890 Lex
1481 855 1546 889 Dei
1564 864 1612 890 est
1627 858 1787 891 doctrina
1803 858 2026 892 consentiens
2040 869 2119 891 cum
2134 864 2275 891 aeterna

1293 914 1326 941 et
1357 906 1502 940 immota
1534 920 1657 941 norma
1689 909 1815 942 mentis
1845 909 2014 952 divinae,
2057 908 2275 952 praecipiens

1292 958 1413 1003 quales
1431 970 1502 990 non
1522 970 1615 999 esse,
1643 966 1675 992 et
1692 971 1779 1004 quae
1801 960 1912 993 facere
1931 967 1964 993 et
1988 959 2149 992 omittere
2167 970 2274 1002 opor-

1292 1015 1381 1050 teat,
1408 1015 1440 1041 et
1457 1010 1627 1041 damnans
1644 1021 1783 1049 omnes,
1810 1010 1959 1055 quinon
1984 1016 2160 1053 praestant
2184 1009 2276 1042 inte—

1292 1071 1389 1103 gram
1407 1060 1645 1093 obedientiam
1663 1060 1728 1103 legi
1746 1060 1822 1095 Dei.
1874 1059 1969 1093 Haec
1988 1060 2144 1094 definitio
2163 1067 2276 1093 sumta

1295 1117 1346 1144 est
1370 1122 1411 1143 ex
1438 1108 1491 1143 liis
1525 1111 1641 1144 verbis
1669 1110 1794 1143 Moisi:
1837 1110 2068 1151 Maledictus,
2112 1111 2172 1156 qui
2203 1122 2275 1143 non

1294 1167 1413 1194 manet.
1430 1161 1467 1193 in
1486 1163 1670 1200 omnibus,
1698 1174 1786 1206 quae
1802 1162 1930 1205 scripta
1951 1168 2031 1195 sunt
2049 1161 2086 1194 in
2102 1161 2187 1204 lege.

1402 1211 1454 1244 Ac
1470 1224 1606 1245 necesse
1621 1219 1672 1245 est
1699 1213 1733 1245 in
1752 1211 1907 1246 Ecclesia
1932 1220 2046 1246 extare
2074 1219 2108 1245 et
2132 1211 2277 1245 retineri

1296 1260 1363 1296 boc
1381 1262 1582 1297 discrimen.
1637 1261 1803 1296 Humano
1827 1263 1959 1296 indicio
1987 1262 2204 1297 existimatur
2223 1273 2279 1295 sa-

1296 1313 1473 1347 tisfactum
1498 1325 1567 1346 esse
1595 1314 1661 1356 legi
1685 1315 1844 1355 divinae,
1871 1321 1903 1348 et
1929 1313 2023 1354 aliis,
2051 1314 2192 1358 quando
2219 1324 2278 1346 ex-

1297 1372 1395 1396 terna
1413 1365 1612 1396 obedientia
1630 1373 1835 1410 praestatur.

1401 1414 1467 1446 Sed
1495 1414 1662 1447 iudicium
1684 1414 1750 1448 Dei
1773 1422 1805 1448 et
1829 1414 1914 1457 legis
1940 1413 2081 1446 divinae
2103 1412 2197 1445 aliud
2218 1419 2279 1453 est,

1300 1464 1478 1505 videlicet,
1513 1473 1549 1498 ut
1575 1467 1661 1498 ordo
1684 1478 1755 1498 non
1782 1466 1894 1498 solum
1922 1465 1957 1497 in
1989 1464 2140 1497 externis
2168 1463 2279 1502 factis,

1300 1517 1358 1548 sed
1381 1514 1484 1547 etiam
1510 1517 1545 1547 in
1573 1523 1644 1549 tota
1676 1514 1830 1549 bominis
1856 1523 1980 1548 natura
2006 1521 2173 1556 congruat
2199 1525 2277 1546 cum

1301 1573 1417 1598 mente
1443 1573 1475 1598 et
1503 1567 1681 1598 voluntate
1706 1567 1838 1599 divina.
1891 1565 1984 1607 Quia
2009 1563 2114 1597 homo
2132 1565 2176 1597 ita
2195 1575 2280 1597 con-

1303 1616 1397 1648 ditus
1416 1623 1483 1653 est,
1511 1625 1547 1648 ut
1564 1617 1606 1648 sit
1624 1616 1737 1659 imago
1756 1617 1843 1656 Dei,
1869 1623 1901 1649 et
1916 1617 1969 1648 tex
1988 1615 2091 1647 insita
2109 1621 2159 1648 est
2182 1625 2282 1647 men-

1301 1667 1394 1699 tibus
1422 1664 1604 1707 humanis,
1632 1674 1671 1699 ut
1696 1670 1782 1700 ordo
1810 1668 1845 1699 in
1870 1673 1940 1700 tota
1966 1672 2090 1699 natura
2117 1663 2282 1704 bominis,

1300 1724 1505 1759 congrueret
1538 1730 1615 1749 cnm
1649 1718 1773 1750 ordine
1804 1718 1931 1751 mentis
1959 1716 2110 1750 divinae.
2187 1714 2281 1757 Quia

1301 1780 1382 1799 vero
1395 1775 1469 1810 post
1489 1769 1621 1811 lapsum
1640 1780 1710 1800 non
1727 1768 2022 1811 congruitnatura
2035 1766 2188 1799 bominis
2201 1777 2278 1798 cum

1300 1819 1359 1850 illa
1389 1826 1526 1851 aeterna
1554 1831 1676 1851 norma
1702 1820 1737 1851 in
1762 1826 1877 1851 mente
1905 1818 2044 1856 divina,
2081 1815 2174 1848 Deus
2202 1827 2281 1848 vere

1301 1869 1463 1901 irascitur
1487 1867 1568 1902 hnic
1593 1870 1842 1912 depravatione
1864 1867 2021 1901 interiori
2048 1878 2119 1899 non
2145 1873 2280 1899 tantum

1301 1920 1452 1952 externis
1471 1920 1603 1952 delictis
1616 1947 1625 1960 ,
1651 1921 1708 1952 sed
1728 1920 1830 1953 etiam
1849 1918 2007 1951 interiori
2026 1916 2282 1961 depravationi,

1302 1971 1513 2014 Quanquam
1539 1978 1653 2003 autem
1678 1972 1729 2003 tex
1754 1978 1855 2003 antea
1882 1970 1985 2002 insita
2008 1968 2075 2001 fuit
2095 1967 2282 2009 mentibus,

1302 2029 1418 2054 tamen
1436 2022 1527 2054 Deus
1546 2033 1704 2065 expressa
1725 2033 1806 2054 voce
1826 2032 1899 2053 eam
1919 2018 2172 2063 promulgavit,
2200 2017 2281 2062 quia

1303 2073 1478 2104 mentibus
1507 2070 1668 2104 humanis
1694 2078 1771 2116 post
1796 2072 1931 2114 lapsum
1963 2070 2077 2113 coepit
2100 2068 2283 2102 obscurior

1301 2134 1385 2156 esse.
1446 2121 1568 2155 Voluit
1594 2123 1699 2164 igitur
1717 2122 1809 2155 Deus
1833 2134 1908 2154 eain
1935 2132 2122 2160 renovare,
2149 2126 2180 2152 et
2206 2119 2281 2151 edi-

1301 2175 1352 2206 dit
1370 2173 1520 2205 illustria
1541 2173 1752 2214 testimonia‚
1779 2180 1817 2206 ut
1834 2173 1983 2204 sciamus
2000 2170 2163 2203 noticiam
2183 2180 2281 2200 men-

1302 2224 1394 2256 tibus
1412 2223 1551 2256 insitam
1571 2224 1688 2256 lumen
1708 2236 1780 2256 esse
1796 2235 1814 2256 a
1834 2222 1908 2256 Deo
1932 2222 2117 2259 traditum,
2143 2225 2279 2262 etqua·

1301 2282 1401 2307 tenus
1419 2282 1552 2307 mentes
1570 2272 1742 2307 humanae
1760 2286 1837 2307 curn
1855 2272 1984 2306 iudicio
1998 2271 2059 2303 Dei
2077 2275 2281 2311 congruant.

1304 2325 1388 2357 ltem
1408 2332 1444 2358 ut
1460 2332 1547 2358 extet
1568 2325 1739 2359 iudicium
1759 2323 1822 2357 Dei
1849 2324 2007 2355 adsersus
2034 2327 2168 2363 peccata
2192 2320 2281 2352 inte-

1301 2377 1394 2409 riora
1419 2383 1451 2408 et
1474 2377 1655 2411 exteriora.
1718 2375 1807 2409 Nam
1829 2374 1901 2418 ipsa
1926 2384 1991 2404 vox
2018 2371 2101 2413 legis
2125 2381 2282 2414 expresse

1303 2433 1466 2466 testatur,
1496 2427 1665 2470 postulari
1688 2427 1857 2467 integram
1880 2422 2129 2456 obedientiam.
2185 2419 2284 2454 Sicut

1305 2479 1409 2510 verba
1438 2478 1577 2510 dicunt:
1606 2477 1738 2520 Diligas
1763 2474 1955 2509 Dominum
1979 2471 2091 2505 Deum
2119 2479 2216 2504 tuum
2242 2483 2282 2503 ex

1300 2534 1372 2561 tota
1390 2530 1512 2567 corde,
1548 2539 1587 2560 ex
1614 2535 1684 2561 tota
1713 2526 1848 2564 anima,
1883 2536 1922 2556 ex
1949 2524 2114 2556 omnibus
2138 2522 2282 2554 viribus.

1303 2577 1406 2611 ltem:
1443 2578 1522 2611 Non
1547 2577 1779 2620 concupiscas.
1833 2575 1938 2609 Hune
1959 2574 2174 2606 intellectum
2200 2572 2284 2614 legis

1302 2640 1439 2662 necesse
1474 2635 1522 2662 est
1560 2629 1598 2661 in
1639 2627 1793 2661 Ecclesia
1839 2625 2048 2660 conservari.
2130 2623 2210 2656 ldeo
2251 2630 2284 2655 et
