2415 2942
88 132 162 169 249
491 128 573 164 XII.

87 217 278 253 Christum.
338 215 406 250 Cui
436 216 598 250 omnium
623 215 832 254 electorum,
869 213 940 246 ulla
965 218 1074 246 aetate

89 270 137 302 sic
164 267 340 302 exhibitae
363 275 444 301 sunt
477 274 546 300 tres
570 277 739 314 personae
765 264 983 303 divinitatis,
1018 263 1072 295 di-

89 320 235 354 stinctae
250 319 441 363 perspicuis
457 316 747 351 discriminibus?
801 314 875 347 lmo
896 311 980 346 haec
1000 314 1073 357 ipsa

88 371 254 404 revelatio
280 370 511 403 clarissimum
537 367 775 402 testimonium
804 373 874 410 est,
917 364 980 398 toti
1008 363 1076 398 Ec-

88 422 212 456 clesiae
243 421 404 455 omnium
429 428 643 465 temporum,
686 420 728 451 de
762 417 874 451 tribus
905 415 1074 459 personis,

87 486 149 506 cur
164 474 271 517 igitur
290 470 347 505 hic
365 474 504 515 dicunt,
534 471 700 504 Ioannem
721 481 794 502 non
811 468 932 501 fecisse
951 466 1072 510 signa?

186 540 415 584 Respondeo:
444 538 551 581 Signa
568 537 720 581 duplicia
738 543 839 576 sunt,
866 536 931 568 alia
950 535 1070 568 incur-

88 592 199 625 rentia
219 593 255 624 in
271 591 411 632 oculos,
438 597 470 623 et
487 601 606 622 sensus
624 588 763 632 populi,
790 588 877 621 facta
901 586 1073 620 divinitus

88 655 192 686 supra
220 653 442 675 communem
469 647 612 673 naturae
644 640 824 677 ordinem,
865 645 903 672 ut
925 638 1073 670 excitare

87 700 263 734 mortuos,
299 694 446 726 reddere
469 692 583 724 visum
608 703 728 730 caeco,
771 691 909 723 assidue
945 689 1072 721 sarcire

85 745 286 778 absumtum
312 755 437 788 panem
463 750 522 776 aut
545 742 680 782 oleum,
724 748 761 775 ut
785 739 947 775 Christus
976 740 1073 784 pavit

85 796 220 840 aliquot
237 795 367 835 millia,
395 802 427 828 et
450 792 547 827 Elias
575 800 607 826 et
634 792 794 827 Elisaeus
816 792 932 825 viduis
955 791 1071 835 opitu-

85 847 146 880 lati
162 854 254 880 sunt.
308 845 403 879 Haec
417 852 450 879 et
466 845 594 877 similia
613 844 834 891 particularia
855 842 1071 876 incurrentia

85 898 123 930 in
148 897 268 930 oculos
298 897 457 930 omnium
484 903 565 929 sunt
588 896 705 939 signa,
750 907 838 940 quae
862 892 1073 927 exhibentur

86 955 229 992 propter
250 948 427 988 infideles,
469 954 506 980 ut
536 948 567 980 1.
589 943 752 981 Corinth.
774 945 828 979 14.
853 946 998 978 dicitur:
1035 952 1072 977 ut

86 999 248 1032 videlicet
266 999 352 1031 moti
370 996 424 1031 his
447 998 657 1032 testimoniis
679 998 916 1030 assentiantur
940 996 1072 1029 doctri-

87 1062 169 1090 nae,
198 1050 279 1083 talia
296 1050 393 1092 signa
413 1061 484 1082 non
505 1061 642 1082 necesse
661 1055 710 1082 est
733 1050 776 1081 ab
800 1048 967 1082 omnibus
993 1059 1071 1080 san-

86 1101 148 1135 ctis
166 1101 251 1141 fieri,
268 1113 331 1134 nee
350 1107 488 1145 possent
506 1098 595 1133 hanc
613 1107 788 1133 externam
805 1099 951 1140 gloriam
971 1098 1070 1131 multi

86 1153 276 1192 sustinere,
319 1152 394 1184 sine
429 1152 603 1196 superbia.
673 1150 742 1184 Sed
774 1151 839 1183 alia
866 1157 947 1183 sunt
974 1150 1070 1192 signa

86 1203 196 1236 inulto
216 1204 368 1242 maiora,
402 1215 475 1235 non
491 1202 706 1234 incurrentia
732 1202 768 1233 in
791 1202 912 1234 oculos
938 1200 1072 1244 populi,

86 1266 174 1299 quae
199 1253 445 1287 universaliter
464 1253 552 1286 fiunt
571 1253 607 1285 in
625 1251 801 1293 Ecclesia,
832 1259 871 1285 ut
895 1264 986 1284 nova
1014 1251 1070 1283 lux

87 1306 122 1337 in
141 1306 306 1337 cordibus
325 1305 483 1348 piorum,
519 1304 606 1336 alias
629 1303 756 1346 magis,
783 1303 870 1336 alias
896 1303 1012 1334 minus
1029 1302 1072 1333 il-

87 1356 216 1388 lustris.
270 1355 338 1388 Sed
357 1362 472 1388 tamen
491 1367 677 1387 commune
696 1352 762 1387 hoc
781 1361 842 1394 est,
869 1354 962 1398 quod
981 1352 1072 1386 Pau-

86 1407 139 1439 lus
156 1406 257 1439 dicit:
288 1405 480 1450 Accepistis
503 1405 664 1449 spiritum
682 1404 882 1447 adoptionis
907 1404 1072 1441 filiorum,

83 1470 153 1502 quo
176 1458 379 1492 ,clamamus
411 1455 514 1489 Abba
545 1463 653 1500 pater.
715 1455 820 1494 Item,
855 1453 985 1488 Unctio
1011 1466 1072 1487 vos

83 1511 195 1543 docet.
249 1507 357 1542 Fiunt
377 1514 409 1541 et
428 1505 514 1541 haec
537 1507 633 1550 signa
660 1507 762 1550 longe
785 1506 953 1543 maxima,
989 1517 1073 1538 voce

84 1567 117 1594 et
145 1559 341 1593 ministerio
372 1556 559 1592 hominum
587 1558 689 1592 multi
710 1559 754 1590 ad
781 1556 896 1590 Deum
925 1568 1073 1589 conver-

83 1617 226 1653 tuntur,
269 1611 358 1644 sicut
380 1609 487 1644 Rom.
516 1611 545 1642 1.
571 1609 716 1642 dicitur:
757 1606 991 1651 Evangelium
1024 1614 1073 1640 est

85 1661 240 1708 potentia
265 1660 330 1693 Dei
363 1662 405 1693 ad
434 1661 580 1693 salutem
607 1660 704 1692 omni
740 1659 908 1693 credenti.
972 1658 1072 1699 Item,

85 1711 232 1755 Propter
249 1709 440 1744 Ecclesiam
460 1711 670 1743 mirabiliter
693 1717 878 1743 servantur
896 1722 934 1742 ac
951 1711 1072 1743 desen-

84 1763 219 1796 duntur
235 1762 365 1796 multae
383 1763 527 1802 domus,
554 1762 676 1800 urbes,
704 1761 881 1804 regiones,
908 1768 971 1796 etc.

185 1828 275 1864 Cum
287 1828 463 1863 Israelitae
482 1828 547 1861 iter
563 1829 715 1861 facerent
731 1840 790 1872 per
803 1840 897 1861 mare
914 1829 1074 1869 rubrum,

83 1881 251 1914 videbant
266 1892 353 1924 opus
369 1879 434 1913 Dei
453 1880 676 1917 mirandum,
705 1880 765 1912 sed
790 1890 910 1912 revera
937 1891 1073 1922 semper

82 1932 131 1965 sic
149 1931 345 1976 protegitur
371 1929 544 1968 Ecclesia,
580 1931 651 1962 imo
678 1930 808 1973 singuli
835 1930 901 1973 pii,
938 1920 1074 1964 etiamsi

81 1995 155 2016 non
180 1982 329 2016 incurrit
355 1982 391 2014 in
417 1981 537 2014 oculos
565 1982 689 2014 modos
714 1981 950 2022 defensionis,
994 1994 1072 2014 curn

82 2033 178 2078 Agar
194 2034 386 2067 discederet
405 2045 444 2065 ex
462 2034 568 2065 domo
587 2030 769 2072 Abrahae,
803 2044 873 2065 una
898 2045 976 2065 cum
1001 2033 1073 2065 filio

83 2085 227 2125 Ismael,
262 2084 386 2117 misera
412 2085 548 2117 errabat
566 2084 601 2116 in
623 2084 710 2117 locis
732 2084 897 2122 desertis,
938 2091 969 2117 et
994 2096 1072 2116 cnm

82 2137 138 2169 siti
157 2148 244 2180 pene
260 2142 439 2168 consumta
459 2142 555 2175 esset,
584 2137 725 2168 tandem
744 2135 951 2180 lacrymanti
971 2148 1072 2168 mon-

82 2195 212 2221 stratur
238 2188 328 2221 fons.
384 2185 479 2219 Haec
501 2186 639 2220 audivit
665 2187 868 2231 loquentem
891 2186 1072 2230 angelum:

82 2240 141 2272 sed
164 2236 370 2279 Elizabeth,
399 2236 534 2277 Maria,
565 2244 596 2270 et
612 2238 743 2271 multae
766 2237 898 2271 similes
921 2237 1074 2281 virgines

82 2297 115 2323 et
146 2297 328 2323 matronae
359 2289 522 2322 defensae
561 2295 643 2322 sunt
668 2288 900 2330 mirabiliter,
937 2289 1073 2322 etiamsi

82 2353 154 2374 non
176 2341 361 2381 viderunt,
403 2340 458 2372 vel
491 2341 681 2373 audierunt
704 2340 864 2383 angelos,
908 2352 987 2373 cum
1011 2341 1072 2373 illo

83 2392 287 2426 turbulento
335 2399 492 2435 tempore
533 2391 664 2424 assidui
703 2391 875 2425 exercitus
906 2390 1073 2429 Romani,

84 2441 257 2482 Parthici,
286 2442 481 2477 Herodiani
503 2449 715 2486 vagarentur
734 2442 769 2474 in
785 2450 876 2475 terra
894 2441 1048 2478 Iudaica.

187 2511 269 2544 Ideo
293 2518 427 2550 autem,
473 2511 651 2545 interdum
688 2511 816 2543 modus
848 2510 1074 2552 defensionis,

85 2562 178 2596 utin
196 2563 281 2596 mari
298 2564 424 2603 rubro,
453 2569 485 2596 ct
509 2562 587 2595 aliis
605 2562 782 2595 inusitatis
802 2562 969 2605 exemplis
990 2575 1074 2606 pro-

84 2613 230 2658 ponitur
246 2614 526 2658 conspiciendus,
552 2621 591 2648 ut
608 2613 754 2646 sciamus
771 2612 961 2647 Ecclesiam
982 2625 1073 2647 sem-

84 2677 147 2709 per
163 2677 180 2698 a
200 2663 273 2698 Deo
299 2665 434 2709 protegi
458 2672 491 2698 et
516 2665 668 2706 servari,
701 2671 735 2698 et
760 2664 986 2709 quotidianas
1011 2666 1072 2698 de-

83 2716 279 2758 fensiones,
306 2728 508 2762 quanquam
527 2716 564 2748 in
583 2716 631 2749 eis
648 2716 772 2749 modus
796 2727 870 2749 non
895 2717 1071 2760 conspici-

627 124 926 163 ENARRATIO
956 125 1006 160 IN
1033 123 1214 160 EVANG.
1251 122 1465 159 IOANNIS.
1517 122 1623 158 CAP.
1652 123 1716 158 XI.

2045 123 2119 158 250

1129 219 1205 251 tur,
1232 219 1350 245 tamen
1370 222 1441 244 esse
1466 222 1570 254 opera
1591 208 1676 251 Dei,
1703 209 1793 243 sicut
1809 206 1934 242 Esaiae
1951 208 2011 244 46.
2028 210 2116 242 dici-

1100 261 1102 285 ?
1127 270 1201 296 tur:
1241 262 1313 305 Qui
1337 262 1528 307 portamini
1554 262 1590 294 in
1617 268 1716 294 utero
1743 273 1841 302 meo,
1876 268 1907 294 et
1931 261 2116 302 gestamini

1128 314 1165 346 in
1192 315 1270 346 alvo
1298 326 1395 353 mea,
1431 320 1647 346 senescentes
1671 324 1732 355 ego
1758 324 1819 345 vos
1845 312 2013 356 portabo,
2053 323 2115 355 ego

1127 365 1209 402 feci,
1238 376 1299 407 ego
1317 365 1477 407 gestabo,
1504 375 1566 407 ego
1584 364 1740 398 salvabo.
1793 364 1880 397 Item
1900 361 2026 396 Esaiae
2043 374 2115 406 cap.

1128 413 1205 450 51.:
1236 415 1342 447 Posui
1359 415 1464 447 verba
1483 427 1557 448 mea
1577 415 1613 448 in
1630 427 1690 447 ore
1716 421 1796 455 tuo,
1832 421 1864 448 et
1888 415 2014 447 umbra
2039 426 2116 446 ma-

1127 477 1194 499 nus
1216 478 1310 499 meae
1330 465 1465 509 protexi
1483 472 1531 506 te,
1559 472 1597 498 ut
1616 466 1754 511 plantes
1769 466 1895 499 coelos.
1939 464 2007 498 Hic
2025 465 2116 498 clare

1128 518 1274 551 dicitur:
1312 516 1400 560 Tegi
1431 517 1612 550 ministros
1635 515 1817 558 Evangelii
1840 517 1964 550 umbra
1992 527 2116 549 manus

1128 569 1215 609 Dei,
1243 576 1276 602 et
1292 569 1435 601 additur
1451 580 1549 600 causa
1568 567 1698 606 finalis,
1726 575 1764 600 ut
1781 575 1947 612 tanquam
1966 578 2117 599 vernans

1127 618 1272 659 hortus,
1308 619 1395 652 coeli
1423 625 1652 651 conserantur
1677 619 1778 651 novis
1804 618 1953 662 plantis,
1996 618 2030 650 id
2055 624 2116 655 est,

1127 671 1230 704 multi
1249 672 1333 704 fiant
1352 668 1517 703 haeredes
1535 669 1633 712 regni
1661 670 1829 702 coelestis.
1892 668 1977 702 Vult
2000 676 2115 701 autem

1126 721 1221 756 Deus
1240 720 1324 754 haec
1342 721 1509 754 beneficia
1537 721 1697 764 agnosci,
1732 721 1819 764 peti,
1854 727 1886 752 et
1911 719 2116 763 praedicari.

1127 773 1185 808 Sic
1203 785 1275 806 non
1296 773 1443 806 dubium
1463 779 1513 805 est
1529 779 1671 815 propter
1688 771 1977 816 propagationem
1995 768 2117 803 Evan

1126 825 1208 868 gelii
1228 823 1289 857 has
1318 831 1452 856 nostras
1475 823 1633 865 regiones
1657 823 1693 854 in
1719 824 1838 855 multis
1864 821 2032 870 periculis
2056 822 2117 853 de-

1126 878 1240 909 fensas
1268 888 1352 908 esse.
1410 875 1476 907 Pro
1503 872 1569 906 hoc
1593 875 1764 906 beneficio
1791 874 1917 916 gratias
1935 872 2008 906 Deo
2036 884 2115 914 aga-

1126 939 1222 968 mus,
1252 933 1283 959 et
1300 939 1456 965 oremus,
1486 934 1523 959 ut
1543 933 1685 970 propter
1704 926 1813 958 fllium
1834 938 1935 958 suurn
1956 936 2019 957 nos
2037 924 2117 956 diu-

1127 980 1196 1012 tius
1214 985 1382 1022 protegat,

1229 1037 1331 1070 Talia
1357 1037 1465 1080 igitur
1488 1036 1655 1069 miracula
1684 1042 1870 1083 perpetuae
1902 1034 2117 1068 defensionis

1127 1089 1286 1134 quotidie
1303 1090 1390 1121 fiunt
1408 1089 1443 1120 iu
1463 1087 1636 1127 Ecclesia,
1674 1094 1705 1120 et
1729 1087 1837 1120 multa
1867 1087 2029 1130 precibus
2047 1084 2117 1117 Ec-

1127 1141 1249 1173 clesiae
1276 1142 1464 1173 donantur.
1529 1138 1609 1171 Ideo
1634 1138 1751 1183 inquit
1774 1136 1955 1179 Christus,
1985 1136 2116 1168 maiora

1127 1193 1278 1224 facturos
1297 1191 1508 1233 Apostolos,
1538 1190 1667 1222 scilicet
1687 1201 1791 1233 quam
1819 1189 1877 1220 illa
1898 1187 2117 1220 incurrentia

1127 1244 1163 1275 in
1189 1243 1308 1275 oculos
1326 1242 1459 1285 populi.
1512 1240 1711 1278 Postremo,
1740 1239 1878 1281 Patres,
1909 1236 2117 1282 Prophetae,

1127 1293 1307 1337 Apostoli,
1337 1293 1440 1325 etiam
1463 1291 1654 1333 singularia
1677 1291 1878 1324 testimonia
1905 1288 2116 1323 habuerunt.

1127 1343 1262 1384 Adam,
1292 1343 1386 1381 Noe,
1416 1340 1615 1381 Abraham,
1645 1342 1782 1382 Moses,
1810 1343 1916 1374 etalii
1936 1341 2038 1374 multi
2057 1353 2118 1373 vo-

1127 1395 1192 1428 cati
1218 1402 1297 1428 sunt
1321 1394 1464 1438 propria
1486 1406 1569 1426 voce
1591 1393 1667 1427 Dei.
1722 1392 1847 1426 Ioanni
1872 1392 1969 1426 Deus
1994 1391 2118 1424 discri-

1128 1458 1207 1479 men
1224 1446 1356 1478 clarum
1378 1456 1608 1489 personarum
1628 1445 1793 1478 ostendit.
1838 1443 1967 1477 Paulus
1986 1444 2021 1475 in
2040 1455 2118 1475 coe-

1127 1498 1199 1530 lum
1219 1505 1338 1540 raptus
1355 1503 1416 1532 est.
1471 1495 1565 1529 Haec
1583 1496 1784 1529 testimonia
1809 1496 1939 1529 talibus
1964 1492 2117 1527 exhibita

1127 1556 1227 1587 sunt,
1255 1556 1294 1582 ut
1311 1555 1478 1592 tanquam
1498 1549 1656 1581 doctores
1684 1547 1810 1580 maiori
1838 1547 1914 1579 luce
1940 1547 2119 1579 donaren-

1129 1608 1202 1640 tur,
1237 1607 1270 1633 et
1295 1605 1444 1643 prosunt
1467 1611 1588 1631 eorum
1613 1598 1814 1632 testimonia
1851 1598 1965 1632 nobis.
2029 1595 2120 1630 Uni-

1128 1663 1225 1684 versa
1242 1650 1397 1684 Ecclesia
1417 1650 1514 1683 omni
1542 1657 1700 1693 tempore
1718 1656 1795 1693 post
1814 1648 1955 1681 Ioannis
1980 1647 2120 1692 praedi-

1128 1703 1300 1736 cationem
1328 1700 1558 1735 confirmatur
1584 1701 1783 1735 testimonio
1809 1700 1902 1741 eius,
1937 1701 1979 1732 de
2006 1699 2119 1732 tribus

1128 1765 1298 1798 personis.

1498 1864 1633 1915 Caput
1680 1862 1755 1903 XI.

1231 1944 1362 1979 Textus
1380 1946 1521 1979 orditur
1535 1944 1778 1978 admirandam
1798 1941 1980 1976 historiam
1998 1940 2121 1975 deLa-

1129 2008 1227 2036 zaro,
1270 2003 1347 2040 post
1371 2004 1519 2029 mortem
1542 1997 1579 2028 in
1604 1996 1711 2029 vitam
1737 2001 1909 2028 revocato.
1969 1991 2015 2027 Et
2038 1993 2120 2038 quia

1128 2048 1224 2080 missi
1241 2055 1323 2081 sunt
1342 2049 1463 2081 nuncii
1482 2060 1498 2080 a
1517 2048 1640 2081 Lazari
1663 2047 1845 2080 sororibus
1869 2047 1909 2078 ad
1930 2043 2122 2084 Christum,

1129 2106 1160 2132 et
1179 2097 1342 2132 Christus
1371 2099 1524 2143 primum
1545 2098 1641 2132 venit
1660 2096 1890 2136 Bethanhun,
1919 2103 1996 2140 post
2014 2107 2122 2140 quar-

1129 2157 1201 2184 tum
1221 2151 1313 2183 diem
1332 2162 1350 2182 a
1369 2158 1481 2184 morte
1497 2149 1638 2189 Lazari,
1666 2150 1753 2182 utile
1769 2157 1818 2182 est
1835 2149 1993 2180 locorum
2010 2147 2121 2180 inter-

1129 2201 1219 2234 valla
1239 2201 1473 2236 considerare.
1528 2200 1612 2234 Fuit
1629 2198 1791 2234 Christus
1808 2200 1844 2232 in
1863 2200 2018 2238 deserto,
2048 2210 2120 2230 non

1129 2253 1252 2296 procul
1283 2266 1300 2286 a
1327 2252 1466 2286 Iericho
1497 2261 1529 2286 et
1553 2250 1762 2285 Bethabara.
1833 2247 1970 2283 Iericho
2003 2255 2120 2282 autem

1129 2305 1280 2338 distabat
1300 2316 1317 2336 a
1337 2303 1486 2337 Iordane
1513 2304 1686 2346 sexaginta
1710 2303 1850 2342 stadiis,
1885 2301 1920 2333 id
1945 2307 2011 2342 est,
2047 2300 2120 2333 sere

1129 2356 1269 2389 dnobus
1303 2356 1434 2389 nostris
1474 2355 1682 2388 miliaribus.
1751 2352 1782 2387 A
1814 2352 2002 2386 Ierusalem
2036 2363 2120 2384 vero

1130 2415 1269 2440 centum
1291 2407 1547 2452 quinquaginta
1568 2406 1706 2444 stadiis,
1734 2402 1801 2438 hoc
1826 2411 1894 2442 est,
1922 2404 1994 2436 sere
2013 2403 2121 2447 quin

1129 2471 1196 2503 que
1215 2458 1344 2492 nostris
1361 2458 1569 2490 miliaribus.
1624 2453 1822 2489 Bethabara
1849 2467 1932 2488 vero
1957 2455 1993 2487 in
2014 2454 2121 2486 altera

1129 2510 1204 2553 ripa
1225 2517 1314 2551 erat,
1343 2510 1380 2542 in
1402 2510 1557 2547 deserto,
1586 2520 1624 2540 ac
1648 2507 1788 2550 longius
1813 2507 1964 2540 distabat
1985 2518 2003 2538 a
2023 2503 2123 2537 Ieru-

1129 2562 1235 2594 salem
1248 2586 1257 2599 ,
1286 2572 1393 2606 quare
1411 2561 1446 2592 in
1470 2561 1606 2592 deserto
1622 2560 1663 2591 ad
1678 2556 1909 2596 Bethaniam,
1937 2569 2026 2602 quae
2042 2563 2122 2589 tan

1128 2619 1203 2646 tum
1231 2612 1382 2645 dimidio
1408 2617 1528 2644 nostro
1556 2610 1686 2643 miliari
1713 2611 1866 2643 distabat
1888 2621 1905 2642 a
1923 2607 2123 2646 Ierusalem,

1128 2663 1354 2697 intervallum
1373 2663 1458 2706 fuit,
1494 2662 1565 2694 fere
1587 2669 1666 2695 octo
1685 2668 1888 2695 nostrorum
1918 2658 2122 2694 miliarium,

1129 2715 1169 2748 ad
1190 2726 1278 2759 quae
1297 2725 1385 2758 opus
1403 2721 1452 2747 est
1469 2712 1566 2746 eunti
1584 2725 1662 2746 cum
1682 2713 1849 2746 comitatu
1866 2711 1993 2744 itinere
2009 2708 2124 2744 bidui.
