2415 2942
252 108 325 144 671

263 193 345 227 Ideo
365 192 456 224 iubet
477 186 570 220 Deus
587 196 743 228 sperare,
773 181 854 227 qnia
880 180 1072 224 indignitas
1098 190 1163 212 nos
1187 179 1247 212 de-

263 250 377 277 terret.
432 238 523 281 Ergo
551 248 621 268 non
646 243 694 268 est
722 234 917 268 abiicienda
936 244 1012 275 spes
1033 237 1174 275 propter
1191 230 1246 262 in-

263 293 485 336 dignitatem,
521 289 590 320 imo
614 286 824 331 opponenda
852 291 902 317 est
932 281 1134 326 indignitati
1167 293 1247 325 pro-

265 353 340 390 pter
362 350 642 386 promissionem.

366 401 424 435 Sic
443 398 580 431 Psalmo
598 395 657 430 42.
684 393 840 437 agnoscit
865 398 897 424 et
915 391 1042 424 fatetur
1058 389 1249 433 indignita-

265 463 342 490 tem.
412 449 548 484 Deinde
582 447 729 489 opponit
766 456 883 488 spem:
920 441 1039 484 Quare
1074 442 1182 474 tristis
1215 451 1249 472 es

267 506 382 538 anima
408 513 502 539 mea,
538 505 571 531 et
605 509 711 542 quare
742 495 931 527 conturbas
961 494 1038 525 me?
1081 492 1188 536 Spera
1214 491 1250 522 in

267 558 366 597 Deo,
395 552 476 597 quia
494 547 608 583 adbuc
627 547 817 580 confitebor
836 545 897 577 illi.

368 612 426 646 Sic
448 609 586 642 Psalmo
616 607 695 639 130.
719 605 820 638 initio
849 601 1036 636 confitetur
1056 607 1252 644 peccatum:

271 666 306 699 Si
328 663 528 707 iniquitates
546 656 786 691 observaveris
804 654 976 692 Domine,
1010 653 1086 697 quis
1102 653 1251 684 sustine-

271 715 348 750 bit‘?
387 712 524 746 Deinde
551 715 719 742 sustentat
749 718 783 738 se
807 717 890 747 spe:
936 703 1112 737 Sustinuit
1137 702 1253 733 anima

274 780 348 800 inea
370 765 404 797 in
433 762 540 794 verbo
565 761 660 797 eius,
700 756 850 800 speravit
879 754 995 786 anima
1021 766 1095 785 mea
1121 753 1158 784 in
1182 751 1256 784 Do—

272 819 381 851 mino.
437 813 528 853 Quia
549 812 638 853 apud
658 808 849 842 Dominum
867 804 1107 836 misericordia
1125 810 1187 837 etc.

374 873 414 906 ln
433 871 559 905 talibus
576 868 676 900 dictis
694 876 829 909 semper
853 863 1087 906 intelligatur,
1116 872 1194 905 spes
1217 872 1256 892 ex

275 925 422 970 gratuita
442 919 674 966 promissione
695 918 863 960 pendere,
891 926 964 947 non
992 926 1031 946 ex
1055 912 1258 945 conditione

274 976 479 1010 meritorum
506 977 538 1004 et
562 969 743 1012 dignitatis
769 973 923 1004 nostrae,
969 976 1027 997 sen
1062 976 1100 996 ex
1135 962 1259 995 condi-

275 1029 370 1062 tione
394 1024 488 1059 legis.
568 1020 615 1052 lta
645 1019 844 1051 dulcescent
872 1016 952 1048 illae
982 1015 1194 1053 sententiae,
1229 1019 1260 1044 et

277 1079 413 1123 parient
429 1059 545 1106 ieram
564 1079 593 1104 et
611 1071 781 1102 efficacem
800 1067 1085 1100 consolationem.
1115 1063 1159 1098 Et
1178 1062 1260 1096 baec

277 1141 353 1172 spes
370 1128 404 1159 in
424 1123 645 1157 invocatione
666 1120 853 1153 exercenda
870 1124 937 1156 est,
959 1117 1047 1149 sicut
1060 1116 1186 1149 Psalm.
1201 1116 1261 1148 28.

278 1180 423 1212 dicitur:
463 1175 499 1208 ln
527 1175 600 1217 ipso
629 1171 782 1213 speravit
809 1181 868 1201 cor
895 1180 1029 1207 meum,
1065 1174 1097 1200 et
1120 1166 1261 1198 adiutus

279 1244 365 1264 suvn.
442 1226 485 1259 Et
512 1225 600 1258 Psal.
626 1222 701 1255 54.;
758 1220 871 1252 ἶεειιιιε
900 1220 954 1250 vir
989 1218 1047 1262 qui
1081 1224 1196 1264 sperat
1227 1216 1262 1247 in

280 1295 319 1314 eo
341 1288 402 1312 etc.
452 1276 497 1310 Et
524 1275 610 1307 Psal.
629 1272 705 1307 25:
737 1270 900 1305 [jniversi
925 1269 983 1313 qui
1013 1276 1046 1301 te
1073 1273 1264 1311 expectant,

281 1344 352 1365 non
372 1328 645 1362 confundentur.
701 1323 827 1355 Psalm.
845 1320 896 1354 4.;
924 1319 1121 1352 Sacrificate
1134 1318 1264 1351 sacrifi-

281 1383 372 1416 cium
393 1379 569 1416 iusticiae,
597 1382 627 1406 et
645 1379 776 1417 sperate
796 1372 831 1403 in
851 1370 1016 1403 Domino.

384 1438 562 1471 Hactenus
592 1436 633 1467 de
661 1438 784 1477 quarto
816 1435 1021 1472 argumento
1047 1427 1179 1460 dictum
1205 1432 1267 1465 est,

283 1491 456 1527 videlicet,
484 1487 576 1532 quod
597 1486 632 1517 in
655 1481 847 1527 praesentia
867 1480 974 1512 simus
994 1479 1146 1518 liberati,
1172 1478 1265 1521 quod

283 1544 324 1576 ad
354 1539 619 1583 imputationem
649 1534 783 1566 attinet.
863 1530 999 1562 Deinde
1033 1529 1127 1573 quod
1158 1529 1267 1560 simus

284 1606 342 1636 spe
370 1589 526 1627 liberati,
555 1587 647 1631 qnod
675 1584 797 1616 attinet
815 1583 856 1614 ad
876 1582 1045 1622 integram
1065 1578 1267 1611 novitatem.

285 1643 424 1678 Dictum
444 1647 491 1673 est
509 1638 611 1672 etiam
631 1637 688 1675 id,
717 1634 809 1679 quod
831 1634 873 1665 de
889 1643 948 1675 spe
967 1630 1115 1662 maxime
1133 1628 1266 1661 moneri

285 1704 422 1727 necesse
449 1698 517 1727 est,
552 1688 709 1726 scilicet,
755 1685 848 1729 qnod
886 1687 1107 1725 praeceptum
1134 1680 1197 1719 sit,
1232 1685 1270 1711 ut

286 1754 461 1789 speremus
480 1739 660 1785 promissa,
689 1743 721 1769 et
739 1736 831 1780 quod
851 1746 922 1766 non
941 1732 1110 1765 assuenda
1125 1731 1168 1764 sit
1186 1742 1270 1786 con-

286 1796 372 1829 ditio
406 1791 585 1835 dignitatis
616 1795 774 1827 nostrae,
819 1797 879 1818 seu
910 1783 1127 1816 meritorum.
1213 1780 1269 1813 Sic

287 1847 394 1889 igitur
432 1841 630 1877 definienda
663 1845 713 1871 est
743 1848 832 1880 spes.
909 1834 995 1878 Spes
1021 1840 1067 1865 est
1098 1839 1188 1865 certa
1214 1843 1271 1863 ex-

286 1897 436 1942 pectatio
464 1892 653 1938 promissae
677 1888 798 1921 salutis
825 1893 967 1931 propter
988 1883 1171 1917 Christum
1198 1894 1272 1915 cre—

288 1948 472 1985 dentibus,
500 1955 570 1976 non
590 1948 730 1985 propter
748 1939 951 1981 dIgnitatem
971 1942 1138 1970 nostram.

488 2031 556 2068 Per
577 2029 797 2079 palienliam
825 2032 1066 2075 aspectamus.

391 2103 529 2138 Diserte
555 2099 686 2144 iuquit:
716 2098 783 2130 Per
812 2096 1016 2140 patientiam
1044 2099 1275 2136 expectamus,

291 2166 329 2192 ut
348 2155 516 2199 significet
535 2163 606 2184 non
626 2157 760 2183 tantum
782 2147 916 2179 differri
934 2144 1195 2182 liberationem,
1214 2144 1269 2175 sed

293 2211 339 2242 ita
366 2205 520 2241 (liss‘erri,
556 2209 592 2234 nt
621 2202 749 2233 interea
777 2208 901 2240 magna
928 2203 960 2229 et
986 2194 1140 2237 ingentia
1167 2200 1275 2226 certa-

293 2260 387 2292 mina
405 2254 607 2289 sustinenda
626 2252 706 2284 sint.
759 2248 879 2284 Sancti
899 2254 1067 2279 vexantur
1084 2245 1275 2277 terroribus

294 2308 442 2354 peceati,
469 2304 605 2338 insidiis
627 2300 779 2340 diaboli,
807 2298 997 2335 scandalis,
1026 2295 1276 2339 persecutione,

296 2367 327 2393 et
350 2358 452 2391 variis
476 2355 631 2393 casibus,
666 2352 793 2396 quibus
821 2350 904 2381 fides
929 2347 1146 2386 concutitur,
1182 2353 1214 2378 et
1241 2346 1275 2377 in

296 2409 472 2453 aliquibus
505 2404 729 2446 extinguitur.
789 2400 838 2435 [t
869 2399 975 2442 igitur
1010 2395 1093 2430 baec
1123 2396 1276 2440 pericula

296 2458 547 2505 prospiciamus
573 2462 605 2488 et
630 2453 885 2495 intelligamus,
911 2456 943 2482 et
969 2456 1007 2482 ut
1026 2454 1279 2492 praeparentur

298 2510 407 2545 animi
438 2508 480 2540 ad
513 2505 597 2538 baec
629 2504 837 2544 certamina,
878 2500 960 2534 addi
992 2499 1089 2533 iubet
1118 2499 1188 2542 spei
1219 2510 1280 2542 pa-

298 2561 468 2596 tientiam.

398 2617 466 2651 Hic
490 2613 783 2648 considerandum
803 2619 870 2649 est,
897 2610 982 2655 quid
1005 2607 1146 2652 proprie
1171 2607 1281 2651 signi-

300 2673 375 2705 ficet
402 2666 589 2712 patientia,
618 2664 712 2708 quod
736 2675 775 2696 cx
803 2663 989 2695 collatione
1008 2660 1116 2702 magis
1134 2658 1283 2702 intelligi

838 94 962 130 PHlL.
990 92 1108 130 MEL.
1135 91 1343 129 SCRIPTA
1371 88 1672 127 EXEGETICA.

2203 90 2281 129 672

1300 184 1422 222 potest.
1477 175 1635 210 Primum
1661 174 1768 220 igitur
1791 177 1922 219 dicam,
1949 178 2033 224 quid
2052 175 2281 222 Philosopbis

1299 229 1467 270 significet
1494 227 1674 272 patientia.
1750 225 1811 260 Est
1836 229 1926 260 enim
1957 230 2143 273 patientiA,
2185 229 2280 262 iuxta

1301 280 1469 313 iudicium
1489 278 1657 317 rationis,
1699 280 1868 322 quaedam
1896 279 2093 313 obedientia
2122 291 2201 322 erga
2226 291 2284 312 ra-

1301 331 1454 370 tionem,
1482 341 1569 374 quae
1588 329 1788 362 moderatur
1803 330 1963 369 dolores,
1991 337 2023 363 et
2041 329 2217 374 probibet,
2239 341 2284 363 ne

1303 382 1442 421 dolore,
1467 380 1535 419 ira,
1563 386 1622 412 aut
1639 379 1962 424 cupiditatealiqua
1989 381 2090 421 victi,
2116 381 2284 414 faciamus

1303 440 1422 465 contra
1443 430 1628 465 iusticiam.
1682 430 1780 463 Sicut
1799 430 1970 473 impulsus
1988 430 2072 464 Saul
2092 432 2212 464 dolore
2229 443 2284 464 ac-

1304 490 1421 526 ceptae
1448 482 1578 522 cladis‚
1619 481 1684 513 sibi
1712 481 1882 514 conscivit
1906 488 2065 516 mortem.
2132 481 2284 515 Catilina

1306 533 1548 575 indignatione
1572 537 1736 575 concepta
1769 538 1911 575 propter
1943 532 2136 576 repulsam,
2176 531 2288 565 movit

1306 584 1436 616 bellum
1455 583 1567 616 civile.
1608 581 1648 614 ln
1665 582 1794 614 talibus
1814 583 1979 626 exemplis
1997 583 2148 626 conspici
2169 587 2291 626 potest,

1307 635 1391 679 quid
1411 634 1453 667 sit
1471 633 1706 677 impatientia:
1742 645 1759 665 e
1785 633 1927 675 regione
1951 633 2057 676 igitur
2080 631 2290 681 Philosophi

1310 692 1435 717 vocant
1470 684 1672 728 patientiam
1705 685 1883 728 quandam
1914 686 2155 717 moderantem
2187 685 2289 720 dolo-

1309 748 1400 771 rem,
1443 742 1475 768 et
1508 732 1772 779 prohibentem,
1815 746 1858 767 ne
1899 746 2044 767 ruamus
2080 742 2200 769 contra
2234 735 2291 768 iu-

1309 786 1456 820 sticiam.

1411 836 1478 869 Sed
1497 836 1598 877 longe
1617 836 1732 878 plures
1749 835 2029 868 circumstantiae
2044 843 2124 871 sunt
2142 836 2176 869 in
2186 833 2292 870 Chri-

1310 887 1420 919 stiana
1441 886 1618 929 patientia.
1672 885 1829 919 Primum
1847 898 1969 919 causae
1985 887 2165 923 differunt.
2224 886 2293 921 Hic

1312 937 1404 969 enim
1423 944 1490 970 tres
1510 949 1631 969 causae
1648 937 1735 969 aliae
1754 943 1847 969 suut.
1882 936 1999 970 Prima
2021 945 2070 971 est
2089 937 2293 971 mandatum

1315 988 1388 1022 Dei.
1437 985 1588 1031 Oportet
1605 988 1697 1019 enim
1715 987 1801 1019 scire
1818 999 1949 1027 omnes,
1978 989 2071 1032 quod
2090 989 2293 1021 mandatum

1314 1038 1376 1071 Dei
1400 1037 1461 1075 sit,
1490 1045 1529 1070 ut
1555 1038 1760 1070 obediamus
1784 1037 1818 1069 in
1845 1038 2113 1079 afflictionibus,
2141 1045 2175 1072 et
2200 1040 2294 1084 quod

1314 1088 1531 1131 indignatio,
1580 1099 1640 1120 seu
1689 1088 1906 1130 impatientia
1956 1089 2212 1123 inflictionibus
2250 1089 2296 1123 sit

1316 1145 1505 1187 peccatum.
1560 1137 1642 1171 Ideo
1667 1138 1835 1182 praecipit
1859 1135 2036 1172 Clu-istus:
2064 1139 2104 1173 In
2130 1141 2297 1184 patientia

1318 1191 1491 1234 possidete
1508 1189 1640 1222 animas
1662 1196 1801 1222 vestras.
1853 1186 1899 1221 Et
1919 1188 2046 1222 Psalm.
2061 1190 2191 1235 inquit:
2221 1190 2298 1224 Ira·-

1317 1240 1453 1274 scimini
1467 1267 1476 1281 ,
1504 1247 1536 1272 et
1555 1240 1663 1273 nolite
1680 1251 1831 1283 peccare,
1859 1239 1892 1272 id
1912 1247 1972 1278 est,
2000 1252 2078 1273 cum
2096 1241 2299 1283 irascimini,

1318 1304 1395 1324 cum
1425 1291 1461 1322 in
1485 1291 1735 1324 afflictionibus
1765 1290 1883 1323 fremit
1911 1297 2053 1330 natura,
2088 1293 2198 1325 nolite
2222 1305 2300 1325 suc-

1319 1342 1501 1381 cumbere,
1528 1342 1586 1373 sed
1613 1341 1742 1374 vincite
1765 1340 2056 1382 indignationem.
2108 1341 2154 1376 Et
2170 1342 2301 1377 Paulus

1320 1392 1450 1435 inquit:
1479 1391 1549 1424 Pax
1568 1390 1633 1424 Dei
1651 1392 1817 1433 gubernet
1838 1393 1941 1424 corda
1962 1398 2085 1427 vestra.

1422 1442 1583 1475 Secunda
1608 1453 1707 1474 causa
1733 1448 1781 1474 est
1798 1439 2050 1481 Evangelhun,
2079 1443 2170 1487 quod
2192 1443 2302 1476 inter-

1321 1499 1477 1536 pretatur
1494 1492 1701 1525 afssictiones
1719 1504 1788 1524 non
1806 1503 1876 1523 esse
1895 1492 1990 1534 signa
2010 1493 2079 1525 irae
2094 1493 2171 1528 Dei.
2206 1492 2302 1526 Haec

1321 1556 1421 1576 causa
1445 1550 1493 1575 est
1519 1543 1634 1583 ignota
1653 1542 1782 1574 rationi
1801 1548 1832 1573 ct
1859 1541 1942 1583 legi,
1970 1549 2104 1575 tantum
2129 1545 2303 1577 revelatur

1322 1595 1356 1626 in
1375 1592 1580 1635 Evangelio.
1623 1592 1726 1625 Tune
1744 1592 1849 1634 igitur
1864 1599 1974 1634 potest
1987 1594 2184 1627 obedientia
2204 1607 2305 1638 prae-

1323 1644 1426 1683 stari,
1454 1655 1531 1676 cum
1549 1653 1646 1675 mens
1664 1654 1735 1675 non
1756 1649 1890 1675 tantum
1918 1642 2074 1677 intuetur
2101 1645 2305 1683 mandatnm

1324 1695 1407 1734 Dei,
1437 1694 1495 1727 sed
1522 1693 1624 1726 etiarn
1649 1694 1796 1726 alterum
1823 1693 1997 1726 obiectum
2023 1695 2136 1736 videt,
2164 1696 2305 1737 scilicet,

1325 1757 1378 1779 res
1404 1746 1494 1789 ipsas
1517 1756 1588 1776 non
1612 1756 1682 1776 esse
1703 1744 1799 1785 signa
1818 1743 1910 1784 irae,
1936 1746 1994 1777 sed
2014 1745 2126 1778 bonae
2143 1747 2306 1780 volunta-

1325 1799 1367 1830 tis
1385 1795 1462 1830 Dei.
1504 1794 1571 1827 llic
1591 1796 1633 1827 (le
1652 1795 1904 1827 afflictionibus
1922 1795 2118 1840 colligenda
2137 1804 2218 1830 sunt
2234 1798 2308 1838 illa,

1326 1860 1414 1893 quae
1438 1858 1541 1890 supra
1567 1846 1657 1879 dicta
1683 1852 1783 1884 sunt,
1816 1846 1908 1889 quod
1932 1858 2003 1879 non
2029 1848 2191 1883 eveniant
2216 1860 2308 1887 casu,

1327 1899 1420 1945 quod
1439 1909 1511 1930 non
1530 1904 1610 1930 sunt
1628 1897 1725 1939 signa
1747 1896 1818 1928 irae
1837 1894 1902 1928 Dei
1922 1903 1985 1929 etc.

1427 1948 1547 1981 Tertia
1565 1959 1665 1980 causa
1684 1953 1731 1979 est
1753 1947 1937 1989 promissio
1961 1946 2100 1986 anxilii,
2128 1960 2216 1992 quae
2240 1951 2309 1983 mi.

1327 1999 1406 2032 nuit
1422 2006 1453 2031 et
1473 1999 1564 2031 levat
1580 1997 1726 2039 speciem
1747 1997 1830 2029 mali
1850 1997 1885 2029 in
1904 1997 2167 2033 afflictionibus.
2223 1999 2308 2034 Ideo

1328 2051 1419 2083 enim
1442 2049 1556 2082 David
1584 2049 1818 2089 obtemperat,
1855 2047 1936 2091 quia
1964 2054 1996 2081 et
2022 2049 2115 2082 videt
2141 2062 2212 2082 non
2239 2063 2310 2084 esse

1328 2102 1423 2143 signa
1450 2101 1540 2140 irae,
1568 2106 1600 2132 et
1625 2105 1778 2142 expectat
1802 2098 2058 2131 liberationem.
2111 2099 2159 2134 At
2194 2098 2311 2144 philo-

1328 2150 1469 2195 sophica
1488 2150 1655 2194 patientia
1675 2149 1748 2182 sine
1765 2161 1824 2193 spe
1842 2149 1963 2182 auxilii
1991 2156 2059 2191 est,
2087 2152 2222 2184 amissis
2245 2152 2312 2188 hu-

1328 2203 1439 2235 manis
1458 2200 1651 2245 praesidiis.

1429 2252 1491 2285 Est
1509 2252 1615 2294 igitur
1632 2248 1831 2283 Christiana
1854 2250 2019 2294 patientia
2040 2251 2209 2295 quaedam
2229 2253 2313 2286 ohe-

1330 2303 1460 2336 dientia
1485 2303 1519 2335 in
1547 2302 1818 2341 afflictionibus,
1853 2303 1911 2333 sed
1940 2308 2083 2344 propter
2108 2303 2312 2337 mandatum

1331 2354 1417 2394 Dei,
1446 2355 1487 2386 ad
1509 2365 1615 2400 quam
1643 2353 1773 2385 accedit
1797 2352 1900 2389 fides,
1929 2363 2015 2396 quae
2041 2352 2134 2385 iuxta
2152 2350 2314 2398 Evange-

1332 2406 1439 2445 linm,
1478 2405 1583 2437 sentit
1612 2403 1819 2436 afflictiones
1842 2415 1913 2435 non
1938 2413 2008 2434 esse
2035 2403 2130 2445 signa
2160 2403 2247 2446 irae,
2279 2413 2314 2440 et

1333 2462 1487 2500 expectat
1502 2462 1535 2488 et
1553 2455 1637 2498 petit
1656 2454 1844 2493 auxilium,
1868 2453 1960 2486 iuxta
1981 2453 2086 2486 illud:
2116 2453 2243 2489 Invoca
2260 2468 2315 2489 me

1334 2509 1370 2539 in
1391 2507 1446 2539 die
1464 2505 1722 2544 tribulationis,
1751 2511 1784 2536 et
1808 2504 1951 2546 eripiant
1978 2511 2026 2544 te,
2056 2512 2088 2538 et
2105 2506 2314 2548 glorificabis

1335 2569 1390 2590 me
1416 2563 1498 2592 etc.'
1550 2555 1672 2588 Talem
1704 2554 1910 2598 patientiam
1947 2552 2012 2587 hoc
2040 2556 2116 2589 loco
2149 2557 2315 2591 describit

1336 2608 1477 2642 Paulus.
1524 2606 1682 2640 Postulat
1697 2605 1789 2637 enim
1807 2617 1878 2637 non
1898 2605 2030 2646 solnm,
2057 2613 2096 2640 ut
2112 2607 2316 2642 obediamus

1339 2660 1374 2692 in
1395 2657 1664 2695 afflictionibus,
1690 2657 1748 2688 sed
1765 2655 1868 2689 etiam
1886 2663 1923 2689 ut
1943 2663 2134 2691 statuamus
2158 2669 2221 2692 nos
2243 2670 2316 2692 non
