2415 2942
243 87 314 123 571

245 182 319 208 tum
337 183 407 206 esse
425 175 520 204 tanta
538 164 671 209 ingenii
688 163 917 208 praestantia,
944 164 973 196 is
993 170 1109 197 tamen
1134 163 1228 196 inter

246 224 370 269 pocula
386 218 559 253 interfecit
576 216 745 256 amicum,
773 221 890 259 postea
907 214 1030 248 saeviit
1046 214 1082 247 in
1098 214 1230 259 optime

247 274 388 307 meritos
409 269 610 312 Principes,
638 266 804 300 taudem
796 279 833 298 in
854 266 1057 298 convivium
1075 266 1119 299 ab
1134 276 1226 298 ama-

249 333 323 358 tore
349 328 510 360 vocatus,
538 320 596 351 dat
618 329 765 362 poenas,
797 328 876 350 cum
897 328 937 349 ex
959 316 1229 360 intemperantia

246 375 282 407 in
308 372 470 406 morbum
495 369 633 403 letalem
658 368 844 401 incidisset.
913 366 1008 400 Haec
1033 373 1065 400 et
1090 367 1231 407 similia,

246 423 312 458 hoc
331 430 396 463 est,
424 422 610 454 maximam
627 426 758 463 partem
779 416 943 452 historiae
962 418 1107 459 mundi,
1134 429 1230 451 com-

249 474 411 519 plectitur
437 472 588 511 Paulus,
614 470 792 514 inquiens:
827 467 916 502 Cum
939 480 973 502 se
996 480 1068 501 esse
1092 469 1231 512 sapien-

249 534 300 560 tes
322 524 575 568 gloriarentur‚
619 520 715 554 stulti
739 532 778 553 ac
802 520 882 553 vani
910 520 1062 553 suerunt.
1138 519 1232 553 Satis

248 576 342 610 enim
364 576 400 607 in
426 581 520 608 tanta
539 572 758 616 turpitudine
776 571 930 614 conspici
950 577 1061 615 potest
1077 568 1231 603 Alexan-

248 627 304 660 dri
332 625 502 665 amentia,
535 636 604 669 quo
641 629 757 656 tamen
790 622 847 654 vix
880 622 975 655 aliud
1007 621 1232 653 excellentius

250 677 316 711 suit
333 676 525 719 ingenium.
568 673 773 706 Intueamur
790 673 908 705 animo
926 679 957 705 et
974 679 1105 705 veteres
1123 669 1232 703 histo-

250 729 318 761 rias
331 754 339 768 ‚
367 734 398 760 et
417 725 650 770 praesentium
667 731 865 766 temporum
883 723 966 756 vitia
980 747 988 760 ‚
1016 733 1124 766 eaque
1139 721 1232 762 cogi-

252 786 364 812 temus
390 789 461 810 esse
489 787 618 818 poenas
651 781 709 806 aut
736 773 910 817 Cyclopici
937 779 1132 805 contemtus
1155 771 1233 810 Dei,

252 836 311 862 aut
336 827 580 860 itlolomaniae.
640 823 716 857 Hoc
742 831 859 856 monet
886 822 1034 865 Paulus,
1064 835 1142 855 cum
1170 822 1234 854 ali-

251 880 387 924 quoties
410 877 552 920 repetit‚
582 876 660 908 ideo
686 874 833 907 traditos
851 886 921 906 esse
940 872 1099 906 homines
1118 873 1155 905 in
1175 874 1234 906 de-

251 930 377 963 sideria
395 928 553 960 cordium
579 937 740 964 suorum,
768 925 849 969 quia
868 924 981 957 Deum
1006 936 1078 957 non
1103 924 1235 966 glorifi-

251 980 416 1014 caverint.
477 976 661 1010 Caeterum
698 973 754 1008 hic
790 976 832 1008 de
866 973 985 1019 phrasi
1021 975 1236 1007 admonendi

252 1037 331 1064 sunt
360 1028 533 1062 rudiores:
564 1027 731 1060 Tradidit
753 1038 810 1058 eos
836 1026 872 1058 in
899 1026 1089 1067 desideria,
1119 1026 1154 1058 id
1175 1031 1235 1065 est,

253 1080 410 1126 permisit
427 1091 484 1112 eos
502 1090 615 1111 ruere.
671 1077 804 1111 L'sitata
823 1083 872 1110 est
890 1074 973 1109 haec
991 1074 1126 1119 phrasis
1143 1077 1237 1120 apud

253 1131 427 1171 Ebraeos,
455 1136 509 1163 ut:
538 1128 590 1161 Ne
607 1129 753 1161 inducas
778 1139 841 1160 nos
868 1128 904 1159 in
929 1128 1177 1167 tentationem,
1202 1127 1238 1159 id

253 1190 324 1222 est,
352 1193 425 1214 non
449 1180 542 1213 sinas
564 1192 628 1212 nos
653 1179 784 1213 induci.
848 1178 1057 1211 permissive
1080 1176 1163 1210 haec
1184 1178 1239 1209 in-

255 1233 442 1276 telligenda
467 1237 565 1263 sunt:
604 1229 698 1263 Deus
722 1229 814 1261 enim
833 1241 1053 1274 nequaquam
1072 1235 1121 1261 est
1139 1240 1240 1261 causa

261 1283 410 1328 peccati,
438 1283 495 1315 sed
513 1281 694 1318 diabolus,
723 1287 760 1313 ut
778 1280 944 1323 scriptum
965 1286 1029 1311 est:
1070 1279 1140 1321 Qui
1159 1279 1242 1312 facit

258 1340 456 1377 peccatum,
474 1344 513 1364 ex
532 1331 673 1364 diabolo
691 1338 751 1365 cst.
797 1328 842 1363 Et
858 1331 886 1362 is
903 1342 982 1362 vere
1002 1336 1051 1362 est
1071 1342 1170 1361 causa
1191 1329 1241 1361 ef-

256 1385 340 1418 ficax
371 1390 405 1416 et
433 1383 616 1426 impellens
649 1382 691 1414 ad
725 1378 788 1413 hos
818 1381 976 1418 furores,
1014 1380 1073 1424 qui
1100 1377 1157 1412 hic
1180 1380 1240 1412 de-

256 1435 470 1469 scribuntur.

501 1513 635 1550 Plenos
663 1515 764 1549 omni
789 1514 987 1549 iniusticia.

359 1584 471 1619 Addit
494 1584 793 1617 coacervationem
814 1589 847 1616 et
870 1594 1035 1624 magnum
1062 1582 1241 1614 cumulum

261 1644 500 1684 peccatorum,
528 1641 567 1668 ut
592 1642 725 1668 caetera
750 1634 833 1667 vitia
858 1633 961 1666 etiam
980 1640 1110 1675 arguat
1164 1630 1243 1666 ἄδι-

259 1688 339 1729 κία,
366 1687 527 1731 generale
544 1692 612 1724 est,
639 1685 839 1727 significans
857 1684 1091 1717 universalem
1118 1683 1243 1715 inobe-

258 1739 427 1773 dientiam
465 1744 586 1770 contra
619 1736 769 1780 primam
804 1741 836 1768 et
866 1736 1055 1767 secundam
1088 1734 1241 1767 tabultm

258 1791 342 1833 legis
359 1789 517 1828 divinae,
543 1788 631 1820 sicut
657 1786 793 1819 iusticia
809 1785 895 1829 legis
911 1785 1082 1829 significat
1099 1785 1239 1818 univer-

259 1841 365 1875 salem
389 1838 636 1872 obedientiam.

359 1887 516 1934 ποιηοία
547 1889 716 1931 significat
741 1887 882 1932 proprie
918 1886 1143 1931 cupiditatem
1178 1898 1241 1918 no-

259 1941 373 1975 cendi.
447 1952 558 1974 zama
591 1946 726 1983 peccata
764 1938 989 1977 omissionis,
1032 1944 1071 1970 ut
1106 1943 1243 1973 vocant,

260 1992 426 2026 continet.
479 1989 568 2022 Nam
593 1997 631 2022 ut
646 1989 782 2022 Latinis
802 1989 1023 2031 turpitudo„
1007 1987 1164 2019 ‹renerale
1181 2000 1243 2030 op-

261 2043 413 2086 positum
429 2041 571 2080 virtuti,
600 2041 646 2073 ita
665 2038 810 2072 Graecis
833 2037 943 2073 κακία
968 2046 1017 2071 est
1041 2038 1241 2081 oppositum

261 2096 305 2138 τῇ
333 2091 455 2136 ἀρετῇ.
510 2090 652 2123 Marcus
673 2090 850 2123 Antonius
875 2096 924 2122 est
947 2086 1077 2126 κακὸς,
1113 2086 1245 2126 helluo,

263 2144 450 2186 negligens.
499 2141 567 2174 Sed
584 2140 809 2173 Domitianus
828 2147 877 2172 est
894 2137 1071 2184 πονηρὸς,
1099 2139 1245 2182 cupidus

265 2194 433 2230 nocendi,
451 2192 504 2225 cui
524 2190 589 2224 hoc
607 2192 719 2234 ipsum
738 2190 907 2233 voluptati
925 2197 992 2228 est,
1016 2201 1140 2222 nocere
1157 2189 1245 2221 aliis.

263 2241 466 2288 κακοήθεια
486 2242 624 2286 proprie
642 2248 691 2274 est
707 2241 951 2273 malevolentia
967 2267 976 2281 ,
1010 2240 1123 2284 qualis
1141 2246 1190 2272 est
1208 2240 1243 2271 in

264 2294 571 2332 obtrectatoribuS,
598 2293 659 2337 qui
678 2291 884 2335 simpliciter
902 2298 961 2324 aut
983 2291 1130 2323 candide
1154 2291 1242 2322 dicta

266 2353 297 2378 et
314 2346 420 2384 sacta,
447 2351 518 2376 arte
536 2345 725 2387 depravare
743 2349 883 2375 norunt.
935 2340 1067 2385 Estque
1085 2353 1164 2372 vere
1181 2353 1243 2384 op-

264 2396 414 2439 positum
440 2394 563 2427 vitium
585 2394 750 2434 candori,
777 2390 960 2437 κακοηθὲς
981 2389 1031 2436 μὴ
1054 2389 1242 2435 καθαρόι’;

264 2443 348 2478 haec
375 2445 467 2477 enim
494 2445 585 2477 inter
612 2456 645 2476 se
673 2444 819 2488 opponit
846 2440 1064 2477 Plutarchus
1135 2441 1243 2475 Saeva

267 2495 370 2539 pestis
395 2501 445 2528 est
468 2495 732 2532 malevolentia,
769 2502 801 2528 et
825 2505 925 2537 saepe
945 2492 1098 2536 Reipub.
1124 2492 1243 2536 perni-

265 2548 377 2585 ciosa,
407 2556 483 2577 cum
504 2544 692 2577 malevolae
711 2552 856 2578 naturae
875 2544 1047 2587 exagitant
1068 2543 1153 2576 alios
1171 2555 1242 2575 me-

264 2597 399 2629 diocres
429 2601 488 2628 aut
520 2595 622 2627 etiam
653 2596 738 2627 bene
767 2597 929 2635 meritos,
968 2601 1103 2627 tantum
1133 2593 1242 2626 animi

264 2648 405 2688 morbo,
435 2654 472 2680 ut
499 2642 583 2679 Cato
610 2657 679 2677 non
709 2646 844 2679 favebat
865 2644 1044 2680 Ciceronis
1068 2644 1242 2678 laudibus.

846 77 971 113 PHlL.
999 74 1115 112 MEL.
1142 76 1349 113 SCRIPTA
1378 72 1677 111 ExEGEthA.

2191 75 2265 113 572

1281 162 1368 197 Nam
1405 163 1441 196 id
1477 174 1616 207 quoque
1649 163 1690 195 ad
1716 159 1942 208 κακοήθειαν
1974 163 2060 198 solet
2092 162 2266 202 accedere,

1281 215 1505 248 simulatione
1538 213 1733 256 gratuitatis
1761 215 1889 257 tegitur
1917 214 2054 248 vitium.
2134 211 2266 246 Extant

1283 266 1445 299 versiculi
1467 263 1677 302 Menandri,
1705 265 1742 297 in
1767 264 1894 309 quibus
1919 265 2166 299 describuntur
2188 274 2267 306 gra-

1283 318 1348 349 dus
1373 316 1515 361 quidam
1549 312 1759 357 hominum,
1800 315 1929 360 quibus
1963 316 2147 360 praecipue
2173 315 2267 348 dele-

1283 374 1422 401 ctantur
1445 372 1621 410 potentes:

1369 429 1384 461 ὅ
1401 433 1472 480 ,Bf'og
1485 426 1622 469 μά7ιστα
1637 434 1701 466 τοῖς
1715 433 1860 482 πονηροῖς
1874 429 1996 471 ἥδεται,

1369 474 1491 524 πράττει
1507 473 1534 502 δ’
1550 471 1565 503 ὃ
1584 473 1634 503 κά)
1639 474 1675 509 αξ
1690 472 1802 513 ἄριστα
1818 485 1878 503 παι
1881 485 1958 510 mn
1981 471 2120 514 δεύτερος

1368 528 1384 545 ο
1401 513 1612 556 συκοφιῖιτης,
1635 513 1650 545 ὖ
1667 515 1700 545 δὲ
1715 515 1875 555 uanor't‘hjg
1890 526 2052 556 τριταῖος,

1369 557 1404 593 ὃς
1415 558 1477 589 ἐστὶ
1493 558 1594 593 ὁειιὸς
1606 556 1850 599 μηχαιόῤῥάφος
1866 561 1978 589 κακῶν.

1285 619 1443 652 Primum
1468 620 1585 653 locum
1613 620 1738 653 tribuit
1763 620 2002 658 adsentatori‚
2031 629 2112 652 nam
2138 614 2196 651 hic
2219 623 2271 651 est

1286 670 1533 703 dulcissimus?
1567 671 1747 714 proximus
1773 678 1821 704 est
1847 672 2002 711 delator,
2033 681 2093 702 seu
2116 680 2272 709 susurro,

1287 722 1345 766 qui
1366 721 1433 754 init
1449 721 1596 763 gratiam
1618 722 1832 765 perferendis
1847 722 1983 755 sabellis
2007 728 2040 755 et
2063 720 2271 763 confingen-

1291 773 1344 805 dis
1375 783 1414 804 ac
1445 772 1661 805 instruendis
1692 773 1891 806 calumniis.
1959 771 2121 804 Tertium
2153 770 2271 803 locum

1290 821 1395 855 habet
1419 821 1632 867 κακοήθης,
1663 823 1724 868 qui
1753 824 1853 857 novit
1876 823 2033 856 alludere
2056 822 2099 855 ad
2125 819 2273 854 Domini

1292 873 1454 913 affectus,
1488 874 1636 906 candida
1665 874 1754 907 facta
1782 886 1881 907 secus
1907 872 2150 920 interpretari,
2190 872 2272 905 odia

1293 924 1491 958 incendere.
1544 923 1779 971 θεοστυγεῖς,
1812 925 1885 957 sive
1908 924 2019 958 active
2043 923 2116 956 sive
2139 922 2274 966 passive

1292 974 1482 1018 accipiatur
1497 1001 1506 1014 ,
1553 974 1723 1017 significat
1763 976 1876 1018 palam
1922 973 2194 1008 contumeliosos
2234 972 2274 1005 in

1291 1025 1424 1065 Deum,
1452 1024 1571 1068 quales
1594 1025 1842 1059 describuntur
1859 1023 2100 1059 Sennacherib
2125 1030 2158 1057 et
2172 1022 2274 1057 Rab-

1292 1086 1384 1109 saces
1401 1075 1438 1107 in
1459 1073 1604 1109 historia
1621 1073 1745 1108 Esaiae
1757 1103 1765 1116 ,
1792 1083 1852 1109 aut
1867 1075 2066 1109 Mezentius
2081 1075 2174 1119 apud
2190 1073 2274 1107 Vir-

1291 1126 1433 1169 gilium,
1460 1132 1519 1159 aut
1535 1123 1732 1160 Antiochus
1753 1127 1790 1158 in
1808 1124 1951 1159 historia
1970 1125 2275 1160 Maccahaeorum.

1295 1175 1339 1210 Et
1358 1175 1462 1211 hahet
1485 1174 1570 1210 haec
1591 1183 1683 1210 aetas
1710 1178 1866 1220 exempla
1890 1176 1996 1209 nimis
2016 1177 2127 1209 multa
2154 1182 2276 1221 tyran-

1294 1239 1440 1265 norum,
1469 1228 1531 1272 qui
1557 1234 1674 1271 aperte
1696 1228 1904 1271 profitentur
1927 1239 1961 1260 se
1977 1238 2049 1259 esse
2063 1224 2180 1259 hostes
2194 1225 2275 1260 Dei.

1294 1275 1483 1318 ἀσύιέτοι,
1511 1278 1646 1318 furiosi,
1672 1279 1732 1323 qui
1750 1278 1841 1311 caeci
1857 1285 1978 1312 contra
1992 1277 2162 1310 iudicium
2179 1288 2276 1309 com-

1295 1329 1413 1361 munis
1437 1340 1556 1361 sensus
1581 1337 1689 1361 ruunt
1710 1329 1917 1372 praecipites
1942 1329 1979 1360 in
1997 1328 2115 1364 omnia
2133 1327 2274 1366 scelera,

1296 1386 1327 1412 et
1346 1379 1488 1412 exitium
1508 1391 1626 1419 suum,
1655 1379 1744 1413 sicut
1764 1379 1934 1418 Catilina,
1972 1375 2130 1410 Thomas
2147 1376 2276 1409 B1one-

1297 1430 1422 1469 tarius,
1463 1430 1522 1473 qui
1558 1431 1677 1463 furens
1712 1441 1806 1462 arma
1850 1435 1988 1472 ceperat
2028 1429 2070 1460 ad
2107 1427 2276 1460 delendos

1296 1492 1416 1513 omnes
1431 1479 1630 1524 Principes,
1656 1481 1698 1513 ad
1723 1481 2008 1513 communionem
2035 1490 2151 1510 rerum
2175 1477 2277 1517 insti-¹

1297 1531 1475 1566 tuendam.
1541 1530 1628 1564 Item
1659 1531 1788 1563 nebulo
1816 1529 2126 1568 Monasteriensis‚
2159 1527 2219 1571 qui
2242 1538 2278 1559 se

1298 1582 1443 1613 vocabat
1458 1592 1572 1624 regem
1590 1581 1712 1624 templi
1729 1580 1807 1616 Dei.
1854 1579 1956 1612 Hanc
1973 1579 2161 1612 amentiam
2177 1588 2279 1621 saepe

1298 1632 1420 1664 dicunt
1446 1629 1641 1674 Prophetae
1665 1643 1813 1675 poenam
1845 1642 1918 1664 esse
1949 1629 2150 1674 impietatis,
2221 1627 2279 1662 Sic

1299 1679 1455 1722 Pharao,
1492 1681 1576 1715 Saul
1601 1689 1633 1714 et
1658 1682 1716 1714 alii
1743 1682 1810 1715 sibi
1835 1682 2092 1714 accersiverunt
2121 1678 2276 1712 exitium.

1298 1733 1406 1765 Deest
1425 1733 1472 1765 eis
1495 1739 1674 1777 utrunque
1703 1733 1794 1766 bona
1822 1732 2033 1766 conscientia
2061 1738 2093 1764 et
2116 1731 2278 1763 modera-

1296 1790 1369 1816 tum
1394 1783 1593 1816 consilium.
1646 1780 1849 1818 ἇσύνθετοι
1870 1795 1942 1816 non
1964 1788 2142 1815 servantes
2164 1786 2274 1824 pacta,

1299 1845 1368 1868 σω
1373 1830 1509 1879 θήκας,
1538 1834 1574 1866 in
1590 1835 1828 1867 contractibus
1844 1847 1882 1867 ac
1898 1833 2110 1866 foederibus.
2142 1830 2276 1876 ἄστορ-

1295 1897 1372 1932 γοι,
1398 1885 1459 1929 qui
1476 1885 1652 1917 naturales
1668 1885 1810 1918 affectus
1828 1896 1906 1927 erga
1930 1890 2108 1927 parentes,
2134 1882 2276 1921 liberos,

1296 1937 1418 1968 itatres
1452 1942 1511 1968 aut
1541 1936 1773 1968 benemeritos
1804 1941 1945 1969 exuunt.
2015 1932 2103 1966 Nam
2137 1928 2275 1979 στοργὴ

1297 1985 1468 2027 significat
1491 1986 1601 2018 bonos
1617 1986 1760 2019 assertus
1779 1985 1950 2018 divinitus
1975 1984 2108 2017 inditos
2131 1989 2278 2016 naturae

1299 2034 1484 2068 hominum
1503 2063 1510 2077 ‚
1553 2036 1615 2068 etsi
1645 2049 1738 2069 nunc
1767 2043 1908 2080 propter
1934 2035 2099 2068 morbum
2131 2033 2278 2076 originis

1298 2084 1465 2119 nonnihil
1489 2087 1664 2122 aberrant.
1716 2086 1785 2121 Sed
1810 2095 1926 2120 tamen
1948 2086 2074 2129 probat
2097 2096 2156 2118 eos
2180 2083 2278 2117 Deus

1299 2145 1329 2170 et
1353 2144 1445 2170 recte
1469 2138 1541 2180 regi
1571 2138 1670 2179 vult,
1710 2138 1808 2171 iubet
1832 2149 1895 2171 nos
1924 2137 2069 2179 diligere
2099 2135 2276 2177 coniuges,

1300 2194 1478 2232 parentes,
1517 2188 1666 2229 liberos,
1709 2189 1806 2222 iubet
1837 2195 1952 2231 gratos
1981 2198 2070 2220 esse:
2106 2183 2170 2217 hae
2194 2190 2277 2217 sunt

1299 2236 1464 2285 στοργαὶ.
1518 2237 1671 2273 Damnat
1687 2239 1794 2281 igitur
1807 2238 1936 2272 Paulus
1952 2238 2032 2270 illos
2055 2237 2185 2269 ferreos
2207 2233 2274 2268 ho·

1298 2290 1427 2328 mines,
1470 2289 1530 2333 qui
1558 2297 1690 2325 exuunt
1722 2288 1784 2323 has
1821 2286 2004 2335 στοργάς,
2044 2286 2163 2331 quales
2193 2292 2276 2320 sunt

1297 2340 1418 2373 fratres
1441 2339 1479 2372 in
1495 2341 1682 2383 tragoediis
1700 2339 1827 2374 Atreus
1851 2347 1884 2372 et
1903 2338 2083 2384 Thyestes.
2136 2336 2277 2371 ἄσπον-

1298 2388 1356 2424 δοι
1385 2398 1467 2424 sunt
1497 2390 1754 2434 implacabiles,
1797 2391 1886 2424 sicut
1912 2388 1998 2422 Saul
2028 2388 2126 2422 nullo
2161 2387 2276 2421 officio

1299 2442 1426 2484 placari
1443 2443 1574 2485 potuit,
1603 2450 1639 2476 ut
1657 2443 1785 2475 rediret
1805 2441 1840 2473 in
1861 2440 2006 2482 gratiam
2033 2451 2110 2472 cum
2127 2438 2276 2472 Davide-

1298 2491 1428 2525 Iterum
1447 2499 1560 2526 autem
1579 2494 1616 2526 in
1634 2493 1702 2525 fine
1716 2492 1840 2534 allegat
1859 2492 1912 2524 ius
1931 2497 2092 2530 naturae,
2119 2501 2158 2522 ac
2176 2495 2276 2523 vocat

1297 2543 1351 2575 ius
1385 2541 1462 2576 Dei.
1535 2542 1765 2576 Meminerint
1801 2553 1881 2585 ergo
1916 2541 2064 2574 studiosi
2098 2540 2275 2584 regulam:

1297 2591 1404 2635 Quod
1433 2587 1578 2627 violatio
1599 2594 1714 2636 legum
1742 2599 1907 2633 naturae,
1952 2593 1998 2625 sit
2021 2591 2165 2625 violatio
2188 2591 2275 2624 iuris

1266 2650 1271 2684 j
1298 2643 1432 2684 divini,
1476 2651 1509 2678 et
1535 2655 1612 2677 vere
1637 2651 1815 2688 peccatum
1841 2643 1998 2680 mortale.

2066 2641 2211 2676 Contuli
2238 2641 2276 2674 in
