2415 2942
257 99 352 136 1259

357 182 455 219 Dicit
479 186 595 214 autem
623 179 666 210 de
695 175 903 210 ceremoniis
932 175 1116 216 mosaicis,
1159 184 1242 210 tnnc

261 248 316 272 eas
340 236 445 268 fuisse
472 231 634 269 umbras,
669 241 745 261 cum
773 228 952 260 institutae
974 235 1055 260 sunt
1081 239 1153 260 nou
1179 226 1244 261 liu-

262 298 363 321 maiia
383 282 586 320 autoritate,
613 281 671 312 sed
698 279 837 322 divina,
867 278 900 311 id
927 285 994 316 est,
1023 290 1244 323 nequaqnam

261 338 366 372 fuisse
382 334 503 367 merita
522 330 737 364 remissionis
755 336 987 373 peccatorum,
1014 341 1129 374 neque
1147 330 1247 363 insti-

263 389 350 422 ciam
369 396 484 418 coram
505 382 597 421 Deo,
619 382 675 413 sed
695 380 800 413 fuisse
818 380 913 422 signa
931 381 1248 413 commonefacien-

264 440 310 473 tia
331 435 492 470 homines
514 435 556 466 de
578 431 809 476 promissione
833 438 867 464 et
883 432 924 463 de
943 437 1090 463 venturo
1111 430 1249 464 Messia.

265 488 402 531 Corpus
421 492 535 519 autem
556 495 626 515 esse
644 481 846 522 Christum,
873 482 906 514 id
927 488 993 520 est,
1021 493 1093 514 rem
1118 482 1249 525 siguifi-

265 547 376 574 catam
401 544 433 570 et
449 533 660 573 exhibitam,
687 532 850 566 videlicet
877 532 985 565 solam
1015 532 1251 567 obedientiam

267 589 399 624 Christi
430 598 502 620 esse
529 585 693 618 meritum
722 583 937 616 remissionis
970 591 1189 626 peccatorum
1222 590 1253 616 et

269 647 427 675 aeternae
447 636 604 670 iustitiae
625 641 656 668 et
676 635 767 667 vitae
785 640 817 667 et
835 633 991 677 λύτρον,
1019 646 1057 666 ac
1082 634 1256 679 propicia-

269 693 400 726 tionem
420 700 483 733 pro
502 687 623 727 nobis,
650 692 681 718 et
702 686 814 729 ipsum
843 684 1070 716 mediatorem
1096 697 1167 718 esse
1194 686 1255 717 da-

272 751 381 776 torem
401 739 556 772 iiisticiae
575 745 607 771 et
625 737 715 769 vitae
733 742 911 773 aeternae,
938 734 1027 768 sicut
1055 736 1090 768 in
1111 735 1256 770 Daniele

271 794 417 827 dicitur:
448 788 653 823 Adducetur
669 786 802 819 iusticia
822 786 1032 829 sempiterna
1051 794 1112 822 etc.
1162 786 1258 819 Haec

272 841 456 877 antithesis
482 840 518 872 iii
535 837 691 882 Epistola
720 837 760 869 ad
777 835 957 869 Hebraeos
981 837 1119 880 copiose
1145 837 1259 881 expri-

272 895 380 928 niitur
399 894 440 924 de
459 889 663 923 discrimine
679 888 861 920 sacerdotii
883 886 1003 920 Aaron
1026 895 1055 921 et
1074 888 1258 921 Sacerdotii

275 943 426 984 Christi,
471 941 532 974 ubi
572 940 720 979 dicitur,
758 938 933 971 Sacrificia
970 938 1089 971 Aaron
1123 946 1259 973 tautum

275 996 379 1029 fnisse
399 990 581 1027 ἀντίτυπα
598 989 752 1023 sacrificii
770 986 918 1029 (Thi-isti,
946 989 1033 1022 sicut
1053 987 1109 1023 liic
1131 990 1261 1022 Paulus

275 1046 426 1080 Umbras
453 1043 625 1075 nominat.
694 1040 761 1074 Sed
789 1041 832 1072 de
857 1040 1025 1073 sacrificio
1049 1039 1178 1075 Christi
1206 1041 1259 1073 in-

275 1097 370 1142 quit:
402 1094 480 1137 Qua
507 1093 686 1125 voluntate
712 1091 915 1123 sanctificati
937 1102 1056 1125 snmus
1079 1104 1140 1137 per
1164 1092 1263 1125 obla-

275 1149 406 1182 tionem
424 1144 580 1189 corporis
599 1142 675 1176 lesu
691 1139 823 1175 Christi
841 1142 958 1177 semel.

377 1221 478 1255 Hanc
505 1219 701 1252 doctrinam
727 1219 769 1251 de
801 1217 979 1251 intellectu
1014 1219 1261 1251 sacrificiorum

275 1285 376 1318 saepe
396 1279 557 1316 repetunt
578 1270 642 1313 ipsi
662 1266 877 1313 Prophetae,
905 1281 943 1301 ac
961 1270 1086 1303 (locent
1109 1282 1213 1302 unam
1232 1277 1264 1303 et

277 1325 422 1358 eandem
450 1334 521 1355 esse
546 1320 742 1354 doctrinam
770 1321 812 1352 de
836 1319 1080 1353 iustificatione
1097 1321 1264 1353 omnihus

277 1374 507 1418 temporibus.
560 1371 678 1403 Patres
697 1377 775 1402 ante
794 1369 920 1402 Mosen
942 1377 974 1402 et
998 1378 1075 1417 post
1095 1384 1172 1403 eum
1193 1370 1263 1403 sola

278 1428 361 1466 side,
390 1426 421 1457 id
448 1430 517 1463 est,
545 1421 671 1455 fiducia
697 1420 898 1453 mediatoris
922 1433 1037 1453 coram
1055 1420 1130 1454 Deo
1156 1422 1264 1454 iustos

279 1478 404 1513 fuisse,
435 1475 467 1506 id
487 1480 554 1511 est,
583 1472 752 1514 accepisse
771 1471 1011 1503 remissionem
1032 1479 1266 1514 peccatorum,

279 1526 548 1570 imputationem
572 1523 745 1562 iusticiae‚
774 1521 1044 1554 vivificationem
1074 1535 1132 1564 per
1151 1522 1265 1566 Spiri-

279 1585 351 1612 tum
371 1583 528 1609 sanctuni
555 1582 586 1606 et
611 1574 716 1605 vitam
743 1580 937 1613 aeternam,
966 1572 1053 1606 sicut
1072 1573 1190 1607 Actor.
1211 1573 1266 1607 15.

279 1629 424 1662 dicitur:
460 1626 525 1659 Per
552 1624 696 1667 gratiam
722 1623 864 1656 Domini
893 1624 1002 1656 nostri
1030 1623 1106 1657 lesu
1133 1621 1266 1657 Christi

279 1679 454 1714 credimus
470 1676 596 1709 salx-ari
611 1703 618 1715 ‚
644 1675 731 1707 sicut
745 1681 777 1707 et
795 1674 865 1714 illi,
893 1681 956 1709 etc.

381 1753 475 1796 Quid
504 1752 610 1794 igitur
642 1756 740 1783 erant
770 1756 819 1782 iot
845 1750 1012 1783 sacrificia
1041 1758 1073 1784 et
1097 1758 1146 1785 tot
1173 1763 1267 1785 cere-

280 1804 444 1838 maniae?
488 1802 717 1845 Responderi:
754 1800 861 1833 Erant
888 1802 1066 1835 distinctio
1091 1803 1186 1835 illius
1207 1815 1269 1846 po-

282 1857 377 1889 litiae
404 1856 446 1887 ab
480 1852 639 1887 ethnicis.
711 1851 803 1894 Quia
837 1853 948 1885 voluit
977 1852 1070 1886 Deus
1101 1854 1268 1886 immensa

281 1907 438 1940 bonitate
459 1912 577 1938 notam
597 1915 687 1945 esse,
716 1911 747 1935 et
767 1904 919 1947 conspici
939 1904 1114 1947 politiam,
1141 1905 1177 1937 in
1201 1917 1269 1950 qna

283 1956 444 1992 Christus
469 1962 688 1994 nasceretur,
725 1955 883 1994 doceret,
919 1955 1034 1988 ederet
1069 1956 1267 1988 testimonia

284 2021 364 2043 suae
402 2007 603 2043 doctrinae,
658 2006 753 2038 fieret
789 2005 950 2044 victima,
1001 2015 1196 2049 resurgeret
1231 2019 1271 2039 ex

285 2066 416 2099 morte,
445 2066 476 2092 et
495 2057 693 2089 ostenderet
718 2056 981 2089 resurrectionis
997 2057 1213 2098 testimonia,
1241 2065 1273 2091 et

285 2112 321 2144 in
350 2122 416 2155 qna
450 2114 715 2141 conservaretur
742 2107 900 2139 doctrina
933 2107 1047 2140 missis
1076 2106 1272 2152 Prophetis.

287 2161 338 2196 Ac
363 2168 401 2194 iit
425 2160 534 2202 magis
560 2158 712 2201 conspici
740 2156 822 2189 haec
857 2158 978 2200 politia
1014 2166 1145 2202 posset,
1182 2159 1273 2192 inter

287 2211 476 2246 clarissima
507 2209 651 2252 imperia
671 2207 907 2253 Babylonium
932 2215 961 2240 et
982 2208 1192 2254 Aegyptium
1218 2211 1273 2242 in-

289 2263 430 2296 teriecta
457 2261 533 2293 fuit.
596 2259 638 2293 Et
665 2259 745 2303 quia
771 2256 859 2291 hanc
886 2260 1043 2302 politiam
1070 2261 1180 2294 voluit
1203 2273 1274 2294 esse

290 2313 469 2346 doctrinae
501 2309 654 2344 scholam
681 2317 714 2342 et
740 2311 856 2342 sedem
882 2309 1056 2344 Ecclesiae
1073 2338 1081 2351 ,
1123 2312 1275 2345 instituit

289 2365 363 2407 ipse
381 2375 441 2395 sna
462 2375 545 2394 voce
564 2361 723 2394 exercitia
743 2367 901 2400 externa,
928 2373 1014 2405 quae
1032 2369 1143 2395 essent
1163 2363 1275 2406 pictu-

290 2426 348 2448 rae
373 2414 568 2452 doctrinae,
611 2419 647 2444 nt
675 2411 842 2454 populum
871 2413 1208 2447 commonefacerent
1234 2415 1276 2446 de

290 2464 522 2509 promissione
539 2464 630 2496 etde
649 2463 858 2503 mediatore,
887 2469 918 2495 et
941 2471 1123 2497 moverent
1146 2464 1277 2498 multos

290 2514 459 2548 Ethiiicos
481 2515 521 2545 ad
541 2514 774 2557 quaerendam
799 2525 937 2546 cansam
957 2514 1194 2548 distinctionis
1214 2527 1276 2559 po—

291 2567 396 2600 litiae.
464 2563 574 2607 Saepe
606 2564 711 2605 igitur
738 2562 933 2607 Prophetae
959 2572 1078 2599 taxant
1104 2563 1277 2609 pharisai—

292 2629 366 2650 cam
389 2615 592 2658 opinionem
605 2638 613 2651 ‚
642 2614 700 2658 qni
718 2614 804 2646 salso
823 2615 1002 2656 tingebant
1021 2614 1083 2649 hos
1100 2617 1188 2650 ritus
1207 2628 1277 2649 esse

289 2667 454 2700 meritum
478 2672 509 2698 et
534 2665 725 2701 iusticiam,
754 2665 842 2698 sicut
863 2665 1023 2700 Psalmus
1039 2667 1172 2712 inquit:
1198 2666 1275 2700 Ho-

874 89 998 127 eiiii*
1029 89 1142 125 MEL.
1168 90 1376 128 SCPitl'TA
1406 89 1705 128 ExEGETiCA.

2178 92 2276 128 1260

1301 178 1466 211 locanstis
1489 190 1561 210 non
1588 179 1828 213 delectaberis.
1884 178 1930 214 Et
1951 179 2093 214 iesaias:
2121 177 2287 214 Offerens

1300 240 1401 263 ovem
1420 229 1544 262 similis
1563 236 1612 263 est
1632 230 1864 273 straiignlanti
1884 242 2015 266 canem.

1352 344 1471 383 Nemo
1488 360 1548 381 ros
1567 345 1724 395 decipiat
1740 345 1921 381 simulata
1939 343 2151 381 humililate
2169 352 2231 384 ele.

1406 431 1532 466 Graeci
1575 433 1763 466 nominant
1797 429 2160 480 βαυκοπανούργους
2175 458 2186 477 ,
2229 433 2290 478 qui

1306 485 1473 517 simulant
1497 485 1705 517 modestiam
1730 495 1790 516 seu
1816 482 2067 525 humilitatem,
2102 491 2134 517 et
2159 481 2223 517 hac
2243 484 2290 517 si-

1307 536 1500 568 mulatione
1525 542 1665 568 struunt
1689 534 1833 568 insidias
1849 561 1858 575 ‚
1890 541 1929 568 ut
1960 535 2202 568 existimentur
2226 534 2292 568 sibi

1307 599 1378 620 non
1405 597 1571 630 quaerere
1594 598 1698 630 opes,
1725 586 1872 628 gloriam
1899 592 1958 619 aut
1983 585 2199 629 voluptates,
2233 586 2292 618 sed

1310 637 1415 669 veluti
1443 637 1586 668 semidei
1612 648 1695 671 esse.
1749 635 1844 669 Haec
1869 643 1917 668 est
1936 648 1991 669 ars
2011 636 2240 680 impostorum
2259 636 2295 668 in

1310 686 1476 721 Ecclesia.
1537 686 1581 721 Ut
1604 694 1718 720 antem
1746 687 1924 720 simulatio
1951 699 1968 719 a
1994 687 2122 720 virtute
2145 687 2296 720 discerni

1313 738 1439 782 possit,
1466 744 1547 771 nota
1567 738 1609 771 sit
1628 738 1786 772 definitio
1806 737 1963 776 virtutis,
1991 750 2079 782 quae
2096 737 2299 770 nominatur

1311 785 1655 834 ταπεινοφροσύνῃ,
1693 800 1757 834 pro
1790 801 1856 833 qna
1891 788 2061 823 usitatum
2091 800 2221 821 nomen
2253 794 2302 822 est

1314 839 1518 873 Humilitas.

1416 914 1463 948 Ut
1481 921 1596 947 antem
1615 925 1668 947 res
1686 914 1742 947 fiat
1762 914 1936 947 illustrior
1959 910 2144 954 antithesi,
2174 919 2302 949 etcum

1315 966 1399 999 vitia
1425 966 1564 998 notiora
1591 965 1659 998 sint
1676 992 1684 1005 ,
1727 965 1824 1008 prius
1850 964 2023 1009 Superbia
2047 964 2230 1005 desinitur,
2266 965 2302 997 in

1316 1030 1383 1061 qna
1408 1016 1517 1048 multa
1545 1015 1628 1050 vitia
1655 1021 1890 1055 concurrunt,
1930 1021 1968 1048 ut
1994 1021 2076 1048 sunt
2107 1014 2215 1048 multa
2241 1027 2299 1058 ap-

1317 1067 1544 1112 pellatioiieS‚
1580 1078 1669 1111 quae
1695 1078 1767 1099 non
1800 1073 1935 1099 tantum
1969 1065 2109 1099 unicam
2137 1065 2303 1099 virtutem

1316 1125 1374 1151 aut
1407 1118 1550 1151 unicum
1589 1117 1714 1150 vitium
1754 1116 1963 1160 significant.
2042 1115 2215 1160 Superbia
2254 1122 2304 1150 est

1316 1181 1388 1202 non
1419 1175 1616 1202 cernentem
1651 1168 1828 1212 propriam
1866 1166 2103 1200 infirmitatem
2137 1173 2195 1200 aut
2225 1179 2305 1211 pec-

1317 1227 1410 1260 cata,
1446 1226 1479 1253 et
1514 1219 1579 1252 sibi
1614 1230 1755 1262 magnas
1792 1219 1938 1251 virtutes
1963 1218 2050 1251 falso
2081 1217 2304 1258 tribuentem,

1317 1283 1476 1304 securum
1503 1282 1589 1309 esse,
1624 1283 1687 1303 nec
1710 1269 1822 1303 Deum
1848 1281 1911 1302 nec
1942 1280 2070 1313 poenas
2101 1267 2245 1309 timere,
2272 1276 2306 1303 et

1318 1322 1442 1355 fidncia
1470 1321 1690 1365 propriarum
1716 1321 1885 1354 virtutum
1913 1331 2093 1363 erumpere
2122 1327 2214 1353 extra
2231 1331 2305 1353 me-

1319 1381 1369 1406 tas
1395 1373 1608 1414 vocationis,
1642 1384 1781 1404 movere
1806 1383 1865 1403 sen
1897 1377 2058 1414 appetere
2088 1370 2219 1403 maiora
2245 1383 2308 1404 vo-

1319 1423 1473 1461 catione,
1510 1429 1540 1455 et
1574 1422 1751 1464 despicere
1786 1422 1891 1461 alios,
1928 1421 2027 1465 qnasi
2053 1432 2126 1453 non
2151 1421 2221 1454 sint
2249 1434 2304 1455 or·

1319 1486 1405 1517 gana
1429 1473 1548 1513 utilia,
1581 1479 1614 1505 et
1630 1473 1730 1506 irasci
1755 1472 1830 1505 Deo
1854 1478 1887 1505 et
1911 1469 2116 1504 hominibus
2140 1483 2218 1503 cnm
2240 1472 2308 1504 im-

1321 1525 1514 1567 pediuntur
1540 1535 1608 1567 quo
1636 1523 1752 1555 minus
1779 1529 1935 1566 regnent.
2003 1521 2053 1554 lta
2085 1521 2225 1554 initium
2250 1534 2308 1555 sn—

1323 1575 1460 1618 perbiae
1484 1580 1533 1606 est
1558 1574 1801 1614 mendacium,
1829 1574 1922 1617 quod
1949 1573 2106 1616 sequitur
2131 1573 2308 1610 secui-itas,

1323 1626 1449 1657 deinde
1473 1624 1616 1657 audacia
1644 1625 1850 1667 erumpendi
1876 1630 1969 1656 extra
1996 1622 2236 1664 vocationem,
2269 1631 2310 1658 ut

1324 1676 1523 1710 Alexander
1538 1675 1689 1708 somniat
1707 1687 1741 1707 se
1762 1674 1874 1708 Deum
1901 1685 1991 1713 esse,
2017 1674 2144 1706 deinde
2169 1686 2311 1708 securus

1324 1734 1416 1760 extra
1442 1726 1659 1759 vocationem
1687 1726 1856 1768 erumpit,
1890 1725 2083 1758 contemnit
2109 1724 2218 1768 leges,
2254 1726 2310 1758 iii-

1326 1777 1451 1811 terficit
1476 1777 1569 1809 viros
1594 1777 1713 1811 iustos,
1781 1777 2028 1810 Samosatenns
2054 1787 2219 1818 arrogans
2245 1777 2310 1809 sitii

1324 1840 1484 1871 magnam
1511 1827 1735 1871 sapientiam,
1770 1828 1948 1870 negligens
1975 1827 2120 1859 verbum
2139 1825 2222 1868 Dei,
2249 1830 2312 1861 nec

1326 1886 1482 1912 metuens
1502 1877 1626 1918 Deum,
1655 1885 1685 1911 et
1702 1878 1879 1911 considens
1895 1878 2063 1921 applausu
2081 1878 2199 1921 populi
2218 1885 2312 1912 extra

1327 1937 1434 1963 metas
1455 1930 1616 1972 effertur,
1646 1937 1677 1963 et
1700 1929 1781 1962 serit
1806 1929 2008 1972 opinionem
2034 1935 2164 1971 gratam
2189 1929 2311 1963 multi·

1327 1981 1464 2023 tudini,
1495 1988 1527 2014 et
1551 1981 1666 2013 munit
1689 1992 1723 2012 se
1750 1980 1920 2017 factione,
1948 1985 1985 2012 111
2003 1981 2225 2012 adversantes
2247 1993 2311 2024 op-

1328 2032 1453 2076 primat
1485 2038 1516 2064 et
1541 2043 1685 2074 regnum
1719 2038 1854 2072 teneat,
1889 2030 2025 2063 etiamsi
2052 2030 2138 2063 soris
2160 2030 2313 2070 simulat,

1326 2095 1361 2115 se
1381 2095 1452 2115 iiori
1472 2083 1513 2115 de
1530 2095 1588 2114 sua
1608 2082 1849 2114 antecelleiitia
1870 2081 2055 2120 dimicare,
2084 2082 2142 2114 sed
2161 2082 2203 2114 de
2221 2082 2312 2115 veri-

1327 2141 1394 2167 tate
1415 2134 1502 2166 alios
1520 2133 1555 2165 in
1575 2133 1721 2177 speciem
1740 2133 1804 2165 sibi
1826 2133 2038 2177 praeferens,
2066 2144 2139 2165 non
2157 2133 2231 2167 vult
2253 2133 2312 2166 vi-
2354 2124 2355 2129 ¹

1328 2185 1401 2217 deri
1421 2191 1580 2228 appetere
1599 2184 1811 2226 voluptatem
1830 2190 1889 2216 aut
1909 2183 2112 2227 potentiam.

1431 2258 1503 2292 Iam
1549 2259 1723 2293 contraria
1769 2260 1923 2303 exempla
1966 2271 2067 2292 verae
2106 2257 2316 2295 humilitatis

1331 2310 1565 2355 aspiciantur,
1593 2322 1633 2343 ex
1658 2310 1786 2355 quibus
1810 2318 1926 2354 postea
1947 2310 2104 2343 definitio
2125 2311 2316 2345 constitua-

1330 2369 1395 2395 tur.
1470 2361 1561 2394 Nam
1589 2361 1624 2393 in
1651 2373 1731 2393 vera
1765 2359 1962 2394 humilitate
1988 2361 2092 2394 simul
2118 2369 2199 2395 sunt
2222 2363 2313 2396 veri-

1331 2420 1379 2445 tas
1407 2419 1498 2446 recte
1522 2412 1682 2445 indicans
1708 2413 1750 2445 de
1774 2412 1986 2445 infirmitate.

1331 2462 1394 2496 Dei
1428 2471 1459 2497 et
1493 2463 1594 2495 dolor
1625 2469 1768 2506 propter
1800 2463 2039 2495 infirmitatem
2067 2469 2096 2496 et
2124 2471 2315 2507 peccatum,

1332 2515 1460 2547 deinde
1480 2525 1559 2561 cura
1578 2514 1745 2546 manendi
1764 2514 1853 2547 intra
1871 2514 2112 2554 vocationem,
2139 2520 2177 2547 nt
2204 2515 2240 2548 in
2259 2515 2315 2549 lo·

1334 2563 1438 2598 natha
1466 2571 1514 2597 cst
1540 2563 1667 2597 veritas
1690 2571 1780 2598 recte
1800 2564 1959 2597 indicans
1976 2565 2114 2597 nullum
2134 2563 2314 2599 hominem

1335 2627 1407 2648 esse
1444 2627 1561 2659 parem
1597 2626 1723 2657 regno,
1765 2621 1797 2648 et
1826 2626 1844 2646 a
1879 2613 1953 2648 Deo
1988 2627 2102 2658 regern
2137 2617 2316 2658 constitui,
2364 2627 2395 2649 >2

1336 2666 1539 2710 praesertim
1564 2665 1600 2697 in
1626 2664 1742 2699 Israel.
1812 2664 1950 2699 Deinde
1981 2674 2061 2700 sunt
2085 2669 2122 2700 in
2148 2680 2186 2701 eo
2210 2669 2315 2701 timor

2045 2411 2181 2446 Deinde
2207 2414 2315 2448 timor
2358 2423 2362 2442 ι·
2389 2406 2391 2419 ⁵
