2415 2942
278 106 352 141 9⁴7
883 96 1007 131 PHIL.

1036 96 1149 132 MEL.
1178 95 1384 132 SCRIPTA
1417 94 1714 133 EXEGETICA.

2226 96 2300 131 948

285 201 316 226 ot
341 189 447 224 morti
469 188 646 222 subiectus
669 193 738 224 est,
777 184 959 224 similiter,
996 191 1034 217 ut
1061 195 1126 217 nos
1151 184 1268 216 miseri
1296 185 1299 209 ¹
1322 183 1548 216 condemnari
1576 189 1774 225 peccatum,
1799 189 1834 216 ut
1852 183 1978 216 deinde
1993 184 2149 224 iusticia,
2177 184 2219 216 de
2235 195 2303 228 qua

288 243 447 277 homiues
472 240 564 283 pleni
589 245 738 281 peccato.

390 298 457 331 llic
482 297 681 331 communis
704 295 863 329 doctrina
888 301 1046 327 teneatur
1068 294 1109 326 de
1137 305 1271 327 assum-

289 353 384 385 tione
410 356 554 381 naturae
587 345 775 380 humanae.
830 345 964 379 Deinde
991 343 1124 388 phrasis
1151 346 1273 377 obser-

291 410 406 434 xetur:
436 398 530 432 Deus
545 398 723 431 damnavit
743 403 920 441 peccatum
941 403 1098 428 nostrum
1116 395 1151 427 in
1170 407 1273 427 carne

291 465 353 497 pro
381 457 538 495 peccato,
573 449 608 481 id
633 455 701 487 est,
728 445 841 480 hostia
867 444 1026 485 Christo,
1069 446 1185 478 oblata
1210 457 1274 489 pro

293 509 454 547 peccato:
510 512 590 532 nam
616 496 752 543 phrasis
781 495 861 542 περὶ
895 494 1078 541 ἁμαρτίας
1104 496 1276 537 significat

289 552 441 586 liostiam
477 563 540 595 pro
583 556 735 593 peccato.
787 549 844 581 Sic
882 548 917 580 in
954 547 1110 580 Levitico
1141 546 1276 579 Graeca

292 604 394 637 lectio
415 613 550 645 semper
568 600 745 645 loquitur,
773 606 805 631 et
822 600 943 631 eodem
963 599 1065 631 modo
1085 598 1119 629 in
1142 597 1276 630 Graeca

295 655 443 687 lectione
458 650 582 685 Esaiae
598 651 744 684 dicitur:
774 647 838 683 ἐὰν
857 647 970 683 (Mirm
996 646 1076 690 περὶ.
1095 645 1279 692 ἁμαρτίας

295 704 310 750 ι’,
334 703 430 750 ψυχὴ
452 702 568 736 αὐτοῦ
587 701 715 746 ὄψεται
741 700 885 745 σπέρμα
902 696 1124 744 Διιοικρόρίον.

399 764 439 796 In
467 769 560 795 textu
583 760 746 794 Hebraeo
773 770 844 791 non
876 758 1019 791 additur
1049 756 1281 801 praepositio,

296 817 354 848 sed
388 814 436 847 sic
469 813 612 853 legitur:
656 810 748 853 Quia
780 815 885 852 ponet
917 815 1094 852 peccatum
1127 809 1280 840 animam

297 877 415 902 suam,
454 863 586 895 videbit
614 872 731 894 semen
758 860 980 902 longaevum.
1035 858 1102 892 Sed
1123 871 1162 891 ex
1178 858 1282 890 Levi‘

299 917 357 950 tici
376 914 509 947 Graeca
527 913 676 946 lectione
695 909 830 956 phrasis
853 907 935 956 περὶ
963 906 1146 955 ἆλιιαρῖίας
1174 909 1284 942 notis-

301 968 386 1000 sima
414 971 474 997 est.

404 1023 500 1057 Alibi
536 1022 666 1055 Paulus
698 1020 814 1053 omisit
844 1020 1158 1064 praepositionem:
1195 1017 1284 1050 Eum

303 1077 451 1121 quinon
478 1082 579 1107 norat
607 1079 804 1116 peccatum,
842 1083 905 1114 pro
932 1071 1034 1103 nobis
1057 1070 1135 1103 serit
1164 1081 1256 1112 pecc
1250 1083 1285 1100 i-

302 1138 394 1167 mm,
428 1133 467 1158 ut
489 1136 551 1157 nos
575 1124 736 1156 fieremus
761 1122 897 1154 iusticia
923 1120 985 1154 Dei
1014 1122 1048 1153 in
1081 1122 1168 1164 ipso.
1230 1118 1287 1152 Sic

305 1178 419 1211 Galat.
445 1178 496 1211 5ss
541 1173 705 1208 Christus
732 1172 877 1206 redemit
908 1184 970 1205 nos
998 1185 1015 1205 a
1042 1170 1288 1204 maledictione

304 1229 410 1272 legis,
438 1228 547 1259 sactus
564 1237 627 1269 pro
646 1225 748 1257 nobis
772 1224 1009 1258 maledictum.

407 1285 482 1319 Hae
499 1285 672 1318 formulae
692 1283 860 1326 loquendi
882 1283 971 1314 idem
993 1282 1209 1323 significant,

308 1338 450 1376 delicet,
479 1335 601 1368 Hostia
627 1346 689 1376 pro
711 1340 871 1376 peccato,
909 1345 1025 1376 quae
1016 1333 1100 1364 alibi
1127 1333 1289 1363 nomina-

308 1398 365 1422 tur
383 1394 578 1432 peccatum,
604 1385 689 1417 alibi
715 1384 957 1420 malidictum,
985 1383 1073 1415 sicut
1093 1381 1219 1414 Graeci
1237 1382 1292 1412 di-

309 1453 348 1473 xi
355 1446 434 1472 runt
451 1434 652 1480 κσθαοιια,
679 1434 719 1468 L:
722 1434 798 1467 itini
822 1435 865 1476 pi
859 1434 1015 1473 iculum,
1044 1440 1074 1465 et
1095 1431 1148 1464 liis
1165 1432 1290 1464 atroci-

307 1493 373 1523 bus
406 1488 522 1521 verbis
547 1486 742 1520 tristissima
776 1496 905 1527 poen&
948 1492 979 1516 et
1003 1460 1040 1516 iit
1072 1484 1117 1515 ita
1155 1483 1290 1521 (licam,

293 1540 517 1584 ,magnitudo
536 1545 650 1571 reatus
675 1535 900 1578 significatur.
955 1532 1019 1566 Est
1038 1534 1130 1565 enim
1149 1540 1289 1565 senten—

310 1593 375 1629 tia,
404 1589 466 1623 hac
488 1588 665 1621 victimam
685 1598 747 1630 pro
775 1585 876 1616 nobis
896 1585 1000 1617 fuisse
1018 1596 1109 1616 ream
1124 1610 1131 1622 ,
1159 1591 1191 1615 et
1210 1581 1293 1615 hor-
1321 1592 1322 1599 ¹

308 1643 453 1675 rendam
481 1640 567 1672 iram
597 1638 657 1671 Dei
687 1636 912 1674 sustinuisse,
955 1635 1052 1679 quasi
1078 1634 1150 1677 ipse
1176 1634 1294 1665 onmia

312 1700 449 1732 nostra,
477 1703 549 1723 mea
568 1696 600 1722 et
625 1696 681 1721 tua
698 1687 827 1720 scelera
845 1687 999 1723 fecisset,
1027 1686 1117 1718 sicut
1134 1684 1183 1716 ibi
1202 1682 1295 1717 Esai.

312 1744 445 1788 iuquit:
479 1741 600 1774 Posuit
625 1737 798 1772 Dominus
822 1737 858 1769 in
884 1749 963 1770 eum
989 1736 1194 1781 iniquitates
1220 1747 1295 1767 om-

417 1852 555 1885 Psalmo
588 1849 648 1883 39.

1238 1293 1256 1310 ν
1276 1302 1290 1306 .-

1263 1294 1270 1312 ¹
1317 1291 1320 1331 l
1345 1315 1458 1346 lumin·
1491 1313 1554 1355 ipsi
1588 1325 1677 1344 nova
1707 1314 1802 1351 lnce,
1844 1320 1875 1346 et
1900 1313 2067 1347 habemus
2089 1315 2175 1348 tates
2199 1323 2324 1354 motus,

1323 1763 1326 1778 s
1351 1735 1387 1765 in
1414 1733 1499 1776 ipso.

314 1796 414 1827 nium
447 1800 618 1825 nostrum.
1323 1781 1326 1806 Ι

698 1846 740 1881 In
782 1846 916 1880 Graeca
955 1845 1117 1878 versione
1161 1843 1328 1888 phrasisg

314 1902 394 1948 rii-(ei
419 1899 601 1945 ἁμαρτίας
636 1899 684 1932 sic
708 1899 866 1931 absolute
894 1898 1056 1940 ponitur,
1099 1904 1135 1928 nt
1164 1898 1199 1928 in
1235 1894 1300 1928 hoc
1326 1918 1328 1925 »

317 1957 394 1987 loro
419 1953 536 1986 Pauli:
567 1951 778 1983 Holocausta
798 1956 829 1982 et
851 1961 911 1991 pro
931 1954 1068 1991 peccato
1089 1960 1160 1979 nou
1180 1954 1300 1991 postu·
1327 1949 1328 1979 ff

319 2006 418 2044 lasti,
454 2005 545 2048 quod
572 2003 619 2034 sic
645 2000 837 2041 intelligas,
877 1999 957 2031 Non
986 1998 1166 2042 postulasti
1201 1996 1300 2029 l‘iolo-
1327 2001 1329 2021 ἒ

315 2063 433 2088 causta
459 2062 491 2087 et.
522 2053 680 2085 victimas
715 2063 779 2094 pro
817 2057 965 2093 peccato.
1028 2048 1068 2082 In
1095 2056 1189 2081 textu
1209 2048 1301 2080 llae-
1328 2064 1329 2084 3

318 2109 422 2139 luaeo
442 2104 569 2138 Psalmi
587 2115 657 2135 non
677 2109 727 2134 est
745 2102 861 2134 addita
887 2099 1117 2143 praepositio,
1144 2111 1232 2144 quae
1251 2106 1301 2132 ta-
1327 2092 1329 2118 <¹

321 2170 398 2190 men
427 2158 462 2189 in
482 2155 638 2189 Levitico
662 2164 762 2195 saepe
792 2151 909 2184 addita
934 2157 994 2184 est.
1327 2145 1331 2169 ³

1327 2171 1366 2229 ἰ

492 2234 703 2270 Damnavit
726 2238 909 2282 peccalum
935 2232 972 2265 ιή
1004 2244 1121 2268 carne.
1327 2258 1331 2284 ,

421 2315 560 2349 Scilicet
587 2319 728 2346 nostra:

322 2367 427 2399 verbo
440 2394 448 2406 ,

771 2318 802 2344 et
833 2308 1007 2353 emphasis
1032 2310 1238 2342 observetur
1265 2309 1330 2341 in

724 2361 771 2396 L‘t
795 2362 887 2394 enirn
914 2362 1013 2392 iudex
1043 2362 1212 2392 (laninans
1237 2357 1302 2392 lio—

553 2416 704 2458 primum
735 2412 945 2456 pronunciat
976 2423 1053 2443 eum
1088 2422 1185 2442 reum
1219 2422 1302 2451 esse,
1327 2420 1329 2436 ⁴

480 2365 669 2398 damnavit.

320 2417 504 2456 michtam,

321 2475 438 2511 posta-a
465 2467 626 2499 interficit
651 2477 748 2501 eum,
792 2464 840 2496 sic
867 2463 959 2495 Deus
986 2463 1156 2493 damnans
1181 2473 1300 2504 pecca-
1326 2468 1329 2507 f

320 2526 412 2556 tum,
447 2529 524 2548 cnm
548 2517 638 2548 filius
667 2516 835 2547 innocens
854 2514 899 2547 sit
917 2513 1024 2545 factus
1041 2512 1198 2551 victima,
1227 2512 1299 2554 pri-
1326 2509 1327 2530 ³

318 2582 415 2601 mum
441 2567 567 2608 eripuit
590 2573 726 2609 peccato
761 2564 982 2597 autoritatem
1008 2575 1070 2594 nos
1100 2563 1299 2599 accusandi,

320 2627 435 2662 postea
460 2618 605 2649 omnino
625 2617 733 2655 delet,
769 2628 847 2647 cum
867 2615 977 2647 reddit
996 2613 1098 2645 nobis
1121 2619 1296 2645 aeternam

321 2670 423 2702 sitam
456 2676 487 2701 et
521 2667 692 2700 iusticiam
730 2667 911 2707 integram.
977 2663 1037 2697 Ait
1069 2671 1185 2697 autem
1218 2664 1297 2696 ideo

1323 235 1552 267 concionatur
1570 234 1640 270 lex,
1676 233 1712 266 in
1741 233 1844 266 nobis
1870 234 2072 277 impleatur,
2110 236 2145 268 id
2170 242 2238 274 est,
2265 242 2304 268 ut

1324 286 1452 317 deinde
1469 285 1550 317 iusti
1568 284 1686 318 simus.
1740 283 1819 316 Non
1839 284 1931 316 enim
1957 284 2035 317 ideo
2062 286 2194 329 patitur
2211 286 2304 319 filius

1327 337 1408 378 Dei,
1436 342 1473 368 nt
1499 341 1677 379 peccatum
1704 341 1820 377 postea
1845 341 1999 374 maneat,
2026 342 2058 368 et
2077 342 2115 368 ut
2135 335 2303 369 horrendi

1325 387 1460 419 furores
1478 384 1661 418 hominum
1681 386 1952 425 confirmentur,
1978 397 2049 417 non
2077 387 2154 419 ideo
2179 390 2307 428 pendet

1327 438 1362 469 in
1391 449 1491 469 cruce
1515 436 1607 469 filius
1638 435 1724 476 Dei,
1766 443 1803 469 ut
1832 435 1944 468 David
1973 436 2147 469 licentiam
2182 435 2310 471 habeat

1328 487 1486 531 rapiendi
1505 486 1649 519 alterius
1667 486 1872 528 coniugem,
1901 493 1933 520 et
1950 486 2182 520 interficiendi
2203 488 2309 521 mari-

1329 546 1426 581 tum,
1454 539 1511 571 sed
1532 544 1569 569 ut
1588 537 1746 570 deleatur
1770 545 1969 580 peccatum,
1997 544 2029 570 et
2047 539 2211 582 deinceps
2226 538 2311 572 iusti

1330 589 1449 622 simus.
1496 587 1644 630 Quoties
1661 595 1775 620 autem
1793 588 1923 621 dicitur
1941 589 1984 620 de.
2004 588 2208 631 impletione
2226 589 2312 632 legis

1331 640 1366 671 in
1391 637 1455 672 hac
1478 640 1567 677 vita,
1596 645 1633 671 ut
1652 650 1732 671 cum
1750 639 1797 670 ait
1816 637 1963 672 Paulus:
1992 637 2059 671 Per
2076 639 2178 672 fidem
2201 641 2309 674 stabi-

1333 691 1417 724 litur
1433 690 1498 724 lex.
1534 688 1635 722 Item:
1664 688 1735 721 Lex
1753 688 1816 722 Dei
1837 689 1872 723 fit
1894 701 1959 735 per
1975 690 2132 732 gratiam.
2168 689 2313 724 Necesse

1333 749 1382 774 est
1405 747 1584 784 utrunque
1611 739 1817 782 complecti,
1853 741 2015 773 videlicet
2044 741 2313 784 imputationem

1334 799 1368 825 et
1386 791 1622 824 incoationem
1641 790 1824 831 novitatis,
1848 803 1936 836 quae
1953 798 2071 836 postea
2088 791 2154 825 erit
2169 793 2317 836 integra.

1434 856 1506 889 Lex
1531 857 1716 900 impletur,
1760 856 1912 900 primum
1939 858 2191 901 imputatione,
2232 860 2313 904 quia

1337 914 1479 951 propter
1507 908 1736 940 mediatorem
1769 915 1973 950 reputamur
1997 909 2098 947 iusti,
2141 915 2174 942 et
2196 921 2316 943 snmus

1339 958 1469 1003 accepti
1499 965 1640 1000 propter
1665 958 1800 1000 ipsum,
1843 959 1977 992 etiamsi
2011 961 2171 992 nondum
2197 972 2318 994 sumus

1340 1010 1441 1049 tales,
1483 1009 1603 1052 quales
1625 1009 1679 1041 lex
1711 1019 1782 1040 esse
1806 1010 1991 1053 praecipit:
2034 1009 2178 1043 Habens
2203 1017 2317 1044 autem

1339 1058 1518 1093 Christum
1535 1059 1621 1096 fide,
1649 1057 1752 1092 habet
1772 1059 1875 1092 finem
1892 1060 1988 1103 legis.
2041 1059 2180 1094 Deinde
2197 1074 2318 1095 verum

1342 1118 1411 1148 est,
1438 1117 1521 1143 tunc
1542 1118 1573 1143 et
1598 1110 1730 1142 incoari
1751 1111 1941 1144 novitatem
1967 1119 2217 1154 congruentem
2241 1125 2320 1146 cum

1316 1178 1317 1186 1
1343 1163 1434 1204 lege,
1471 1160 1552 1204 quia
1577 1161 1668 1194 filius
1693 1160 1755 1194 Dei
1781 1161 1931 1194 vivificat
1956 1163 2059 1195 corda
2092 1163 2129 1194 in
2153 1163 2212 1196 illa
2242 1176 2322 1196 vera

1343 1212 1598 1254 consolatione,
1629 1218 1660 1245 et
1678 1212 1829 1244 effundit
1844 1212 1879 1244 in
1897 1224 1934 1245 ea
1953 1212 2127 1257 Spiritum
2152 1221 2322 1252 sanctum,

1344 1276 1412 1307 quo
1438 1264 1731 1295 transformamur
1753 1262 1788 1294 in
1817 1263 1925 1305 ipsius
1952 1264 2160 1306 imaginem,
2187 1265 2323 1298 assimi—

1344 1364 1457 1408 qualis
1477 1371 1526 1396 est
1543 1363 1697 1405 Spiritus
1721 1370 1871 1396 sanctus.
1926 1364 2030 1397 Tales
2051 1372 2165 1398 autem
2191 1367 2324 1408 praeci-

1345 1415 1392 1457 pit
1418 1414 1485 1446 lex:
1515 1415 1571 1445 sed
1595 1411 1676 1445 haec
1700 1413 1834 1447 novitas
1862 1414 1896 1446 in
1924 1411 1986 1447 hac
2013 1415 2081 1447 vita
2105 1423 2240 1448 tantum
2267 1417 2323 1448 in-

1345 1472 1486 1504 coatur,
1513 1471 1629 1506 postea
1649 1464 1713 1497 erit
1731 1464 1882 1506 integra,
1911 1476 1988 1497 cum
2008 1465 2073 1499 erit
2091 1463 2184 1499 Deus
2203 1467 2322 1499 omnia

1347 1516 1381 1546 in
1410 1514 1589 1547 omnibus.

1447 1579 1597 1613 Prorsus
1632 1582 1753 1613 eodem
1787 1583 1893 1614 modo
1926 1582 2084 1626 loquitur
2119 1582 2248 1616 Paulus
2283 1587 2324 1616 ad

1321 1655 1324 1674 ἦ
1347 1629 1569 1665 Corinthios:
1599 1629 1690 1663 Eum
1709 1631 1768 1674 qui
1797 1644 1867 1664 non
1895 1640 1996 1666 norat
2023 1640 2218 1676 peccatum,
2247 1635 2325 1668 fecit

1352 1689 1527 1725 peccatum
1551 1694 1613 1724 pro
1640 1683 1761 1721 nobis,
1789 1689 1827 1715 ut
1846 1695 1908 1715 nos
1926 1683 2087 1717 fieremus
2108 1684 2244 1717 iusticia
2262 1684 2326 1719 Dei

1544 1732 1698 1765 Collatio
1716 1739 1766 1765 est
1785 1734 1933 1766 duarum
1953 1735 2180 1767 maximarum
2198 1747 2329 1776 rerum,

1351 1791 1524 1817 extremae
1542 1783 1702 1816 miseriae
1721 1791 1752 1816 et
1772 1795 1927 1816 summae
1944 1785 2091 1827 gloriae,
2124 1797 2183 1818 seu
2202 1789 2329 1819 summi

1352 1835 1448 1868 boni.
1501 1832 1664 1867 Extrema
1691 1835 1828 1866 miseria
1856 1842 1905 1868 est
1929 1848 2025 1868 reum
2059 1847 2130 1868 esse
2160 1837 2232 1869 irae
2256 1836 2330 1878 Dei,

1353 1894 1384 1919 et
1402 1897 1540 1918 sensum
1560 1885 1630 1917 irae
1649 1884 1714 1917 Dei
1740 1885 1922 1918 sustinere.
1973 1884 2127 1920 Econtra
2155 1899 2330 1921 summum

1354 1938 1486 1969 bonum
1507 1943 1556 1969 est
1573 1936 1709 1968 iusticia
1733 1935 1807 1970 Dei.
1862 1936 1960 1969 Talis
1979 1944 2093 1970 autem
2121 1940 2332 1980 permutatio

1353 1988 1442 2020 sacta
1469 1993 1535 2026 est,
1579 1985 1691 2019 Filius
1716 1987 1863 2020 sustinet
1886 1987 1940 2027 id,
1983 1990 2076 2032 quod
2106 1996 2156 2022 cst
2179 1989 2334 2022 miserri-

1356 2050 1474 2078 mum,
1513 2038 1640 2070 scilicet
1677 2048 1817 2069 sensnm
1844 2038 1914 2070 irae
1941 2036 2028 2079 Dei,
2055 2045 2087 2072 et
2107 2040 2209 2072 nobis
2228 2041 2336 2074 donat

1356 2090 1411 2129 id,
1440 2090 1532 2134 quod
1551 2088 1723 2131 optimum
1743 2096 1809 2125 est,
1837 2089 1968 2122 scilicet
1988 2089 2162 2123 iusticiam
2184 2090 2259 2125 Dei.

1458 2153 1510 2189 Ac
1534 2155 1722 2196 diligenter
1744 2156 1962 2189 observanda
1988 2164 2036 2190 est
2067 2158 2255 2201 particula,
2298 2159 2332 2192 in

1357 2208 1448 2251 ipso:
1478 2206 1558 2251 quia
1585 2213 1616 2238 et
1643 2212 1785 2248 propter
1812 2206 1924 2249 ipsum
1949 2215 2152 2250 reputamur
2170 2209 2270 2246 iusti,
2301 2218 2333 2242 et

1356 2259 1428 2302 ipse
1462 2264 1510 2290 est
1541 2269 1686 2299 persona
1721 2258 1921 2290 immediate
1946 2258 2112 2300 colligens
2140 2257 2332 2292 Ecclesiam

1355 2321 1417 2352 per
1436 2307 1687 2349 Evangelium,
1717 2308 1898 2341 vivificans
1917 2310 2113 2349 credentes,
2148 2316 2180 2342 et
2198 2310 2334 2344 donans

1356 2360 1526 2403 Spiritum
1554 2365 1724 2392 sanetum.
1784 2357 1860 2391 Etsi
1885 2365 1998 2391 autem
2031 2356 2114 2392 haec
2146 2360 2333 2395 xivificatio

1328 2443 1329 2448 ,
1355 2417 1387 2443 et
1419 2410 1556 2442 novitas
1583 2409 1760 2440 verissime
1793 2421 1879 2452 opus
1912 2408 1976 2441 Dei
2001 2417 2068 2447 est,
2103 2418 2217 2444 tamen
2249 2413 2333 2445 obe-

1354 2461 1485 2493 dientia
1513 2459 1577 2493 filii
1605 2460 1667 2492 Dei
1694 2460 1729 2491 in
1754 2459 1929 2491 infinitum
1955 2461 2177 2494 anteferenda
2205 2470 2254 2496 est
2279 2461 2334 2495 his

1354 2512 1438 2555 ipsis
1462 2511 1680 2549 actionibus,

1352 2563 1422 2594 vita
1448 2561 1586 2594 necesse
1610 2567 1658 2593 est
1679 2562 1818 2593 credere
1843 2572 1906 2593 nos
1933 2561 2041 2593 iustos
2072 2574 2164 2601 esse,
2209 2565 2243 2596 id
2272 2572 2332 2604 est,
2359 2590 2362 2591 ν

1353 2614 1486 2655 placere
1507 2611 1582 2645 Deo
1609 2618 1751 2655 propter
1777 2612 2003 2644 mediatorem
2025 2611 2136 2645 Deum
2167 2620 2198 2647 et
2217 2612 2332 2648 homi-

1352 2676 1452 2704 nem,
1478 2675 1548 2696 non
1573 2670 1718 2706 propter
1742 2663 1931 2695 novitatem
1959 2671 2124 2699 nostram.

1720 2522 1808 2553 quae
1834 2510 1868 2541 in
1894 2516 1926 2542 te
1952 2510 2057 2544 fiunt:
2097 2512 2175 2544 ideo
2203 2513 2238 2545 in
2271 2511 2333 2547 hac
