2415 2942
288 128 359 165 267

885 124 1005 158 ruth.
1036 123 1149 157 Mffil„
1175 123 1380 158 SCRtP't‘A
1410 121 1707 157 EXEGETICA.

2228 125 2302 159 268

291 216 355 252 ιὶι,
383 221 412 245 et
438 212 760 254 conspiciebantur,
787 207 840 240 cui
859 205 933 239 Deo
957 213 1170 251 praestarent
1188 207 1273 240 obe·
1297 208 1301 265 l
1325 215 1374 242 tes
1398 208 1563 242 utilitates
1586 208 1746 252 pariunt,
1773 214 1806 241 et
1828 214 1966 242 econtra
1988 208 2086 252 parvi
2105 208 2220 252 lapsus
2236 214 2306 241 tra-

291 264 480 301 dsscutiam,
509 270 539 293 et
563 260 678 304 qualia
703 258 815 289 officia
840 258 898 289 ille
923 269 1025 289 verus
1042 256 1137 291 Deus
1155 265 1273 301 postu-

291 315 396 349 laret,
432 312 518 343 sicut
547 309 636 342 Psal.
669 308 800 352 inquit:
837 307 985 352 Propter
1016 314 1050 340 te
1082 316 1275 342 mactamur

291 370 361 397 tota
388 362 454 394 die.
508 359 624 392 Posita
651 365 682 391 et
708 364 870 390 manente
887 356 950 391 hac
965 359 1102 401 regula,
1129 371 1172 391 ne.
1191 359 1273 391 siant

290 423 394 455 opera
414 407 611 453 prohibita,
642 416 673 441 et
695 409 777 441 liant
794 415 995 455 praecepta,
1024 410 1155 442 accedit
1174 421 1274 453 saepe

291 475 353 502 pro
378 462 537 493 liberlfile
557 459 700 504 spiriu]s
716 459 856 492 U‘ffillm
877 470 1003 501 genus,
1032 459 1066 492 id
1084 468 1152 497 est,
1180 461 1273 504 quod
1299 481 1302 514 l
1326 463 1422 495 tione
1444 473 1656 505 pauperum,
1683 463 1741 494 sed
1768 458 1834 493 hoe
1853 467 2070 503 unguentum
2089 460 2232 502 triginta
2249 472 2307 492 co-

1323 257 1414 292 lmnt
1449 271 1549 303 saepe
1592 270 1734 300 magnas
1766 258 1906 299 ruinas,
1948 267 1987 293 ut
2020 257 2164 292 historia
2197 257 2307 300 Adae,

1323 308 1437 349 Evae,
1464 317 1497 343 et
1514 310 1580 342 alia
1599 310 1706 341 multa
1724 309 1878 352 exempla
1897 315 2079 343 testantur.
2129 308 2231 342 Nunc
2251 319 2306 342 re-

1324 361 1480 402 spondeo
1502 361 1543 393 ad
1565 361 1756 392 secundum
1775 367 2035 402 argumentum:
2063 359 2142 392 Non
2159 365 2241 392 sunt
2254 359 2307 392 fa-

1325 412 1468 443 ciendae
1500 410 1743 454 prosusiones,
1778 410 1980 453 praesertim
2012 422 2089 443 cum
2122 409 2308 454 defrauda-

290 513 327 544 in
352 523 476 554 genere
500 523 578 544 cum
605 509 796 553 praeceptis
819 509 999 552 congruit,
1028 511 1086 544 sed
1108 511 1143 543 in
1161 511 1275 556 specie
1299 520 1302 553 ᾗ
1326 511 1458 544 ronatis
1476 511 1580 544 vendi
1599 518 1753 555 poterat,
1777 523 1850 544 non
1868 511 1976 553 igitur
1991 511 2037 544 ita
2054 509 2308 543 effundendum

290 562 447 594 medium
472 568 538 601 est,
573 571 632 593 seu
659 572 730 592 nou
757 560 1010 601 necessarium,
1037 567 1076 594 ut
1100 568 1150 594 est
1170 561 1277 593 salta-

291 614 340 645 tio
371 619 449 644 aute
477 623 610 650 arcam,
654 611 746 655 quod
782 611 817 642 iu
850 621 975 652 genere
1006 612 1167 654 congruit
1197 622 1275 643 cum

293 663 504 706 praeceptis,
545 673 633 706 quae
665 661 787 693 iubent
821 660 989 694 celebrari
1021 661 1134 695 Deum
1170 661 1276 693 Israel

293 713 504 745 nominatim
522 713 635 755 ipsum
655 712 868 744 invocando.
923 710 1067 744 Invocat
1086 711 1191 753 igitur
1206 710 1278 743 Da-

292 764 349 794 vid
375 764 410 795 in
436 761 501 795 hoc
522 762 591 794 ritu
605 789 612 799 ,
638 762 772 794 etiamsi
789 759 873 793 baec
890 760 1001 792 forma
1021 762 1057 793 in
1074 761 1186 805 specie
1205 773 1277 793 non

292 815 333 846 sit
360 820 555 856 praecepta,
590 813 648 843 sed
674 811 762 844 absit
788 810 1009 854 superstitio,
1034 824 1078 844 ne
1103 809 1169 844 hoc
1191 823 1279 855 opus

294 864 507 896 ecistimetur
533 873 603 894 esse
628 861 792 893 meritum
815 861 1031 894 remissionis
1049 869 1280 905 peccatorum,

293 922 349 946 aut
376 913 568 955 singulares
585 912 719 954 cultus,
747 923 828 956 prae
846 912 1068 946 invocatione
1085 924 1165 946 vera
1185 919 1278 946 extra

294 963 387 997 liunt
407 965 525 996 ritum.

398 1038 448 1071 lta
467 1038 667 1071 observatio
687 1039 798 1071 nostri
818 1038 952 1071 sabbati
971 1044 1021 1071 est
1035 1050 1123 1082 opus
1140 1038 1280 1082 placens

293 1090 378 1123 Deo.
434 1089 523 1122 Nam
547 1101 655 1132 genus
679 1096 727 1122 est
757 1096 997 1132 praeceptum,
1031 1096 1071 1122 ut
1096 1090 1281 1123 conveniat

295 1140 446 1183 pupulus
479 1140 520 1172 ad
553 1140 764 1172 audiendam
795 1152 913 1172 vocem
938 1137 1141 1182 Evangelii,
1177 1148 1209 1173 et
1237 1141 1279 1173 ad

294 1203 396 1222 usum
420 1190 645 1229 sacramenti,
672 1192 729 1222 sed
755 1191 883 1234 species
907 1202 969 1234 pro
991 1190 1151 1223 libertate
1177 1191 1281 1234 spiri-

295 1249 350 1273 tus
383 1241 545 1272 ordinata
580 1246 650 1279 est,
682 1252 752 1284 qno
780 1241 836 1273 die
860 1247 893 1272 et
915 1253 984 1284 quo
1006 1241 1131 1273 ordine
1154 1253 1280 1273 conve-

296 1292 465 1323 niendum
503 1291 556 1324 sit.
623 1289 725 1323 Talia
760 1298 840 1324 sunt
873 1290 1144 1324 innumerabilia
1177 1304 1282 1334 opera

297 1342 468 1374 libertatis
493 1340 647 1383 spiritus,
700 1339 812 1374 Rahel
840 1342 954 1383 rapuit
980 1342 1075 1374 idola
1099 1343 1190 1385 patri
1215 1342 1283 1375 La-

296 1394 384 1429 lmu,
414 1404 486 1423 nou
510 1392 574 1423 suit
601 1402 739 1423 necesse
764 1392 922 1429 auferre,
950 1392 1008 1423 sed
1034 1404 1175 1424 monere
1201 1393 1282 1424 satis

297 1450 369 1474 erat
383 1467 390 1480 ‚
420 1448 458 1473 ut
480 1442 603 1474 vitaret
620 1441 796 1473 idolorum
814 1441 958 1473 cultum.
1015 1441 1113 1474 lrene
1131 1442 1199 1474 filia
1218 1443 1283 1474 im—

297 1493 467 1536 peratoris
486 1491 613 1524 Licinii
641 1492 764 1524 evertit
786 1491 879 1523 idola
899 1492 1004 1534 patris
1023 1493 1094 1524 suis
1111 1493 1284 1533 manibus,

298 1555 370 1574 imn
399 1553 533 1574 necesse
557 1547 629 1573 erat
656 1554 762 1574 manu
789 1549 960 1582 evertere,
989 1544 1045 1574 sed
1074 1550 1203 1584 patrem
1222 1545 1283 1575 ad-

299 1605 442 1624 uentu-re
472 1592 554 1624 satis
587 1599 670 1626 erat.
729 1591 942 1625 Laurentius
969 1593 1080 1625 Decio
1111 1594 1282 1626 auferenti

300 1644 482 1686 p->ri1uiain
509 1642 632 1674 aerarii
659 1642 901 1681 ecclesiastici,
930 1643 1095 1685 potuisset
1119 1656 1192 1676 eam
1211 1645 1284 1676 sine

301 1701 442 1735 peccato
476 1693 693 1737 relinquere,
731 1693 787 1724 sed
821 1693 979 1726 libertate
1002 1695 1144 1736 spiritus
1171 1694 1285 1726 noluit

301 1753 451 1789 tyranno
478 1744 609 1776 cedere.
671 1742 773 1776 Talia
806 1745 914 1776 multa
946 1753 1024 1776 sunt
1050 1756 1154 1787 opera
1182 1745 1286 1777 liberi

301 1795 443 1834 soii-ivus
469 1794 503 1825 in
529 1793 675 1833 sanctis,
703 1806 791 1835 quae
819 1802 898 1827 sunt
923 1795 1121 1828 testimonia
1148 1796 1286 1828 confes*

302 1846 409 1877 sionis
434 1852 466 1877 et
489 1845 643 1876 ardentis
667 1845 828 1886 spiritus,
854 1858 942 1889 quae
966 1843 1021 1877 liic
1043 1847 1165 1888 probat
1181 1845 1284 1879 Chri-

301 1904 391 1932 stus,
435 1894 638 1937 praesertim
666 1906 744 1926 cum
777 1892 981 1942 hypocritae
1012 1894 1286 1940 reprehendunt.

305 1946 367 1978 Ait
391 1953 503 1978 autem
524 1942 684 1977 Christus
705 1945 977 1986 praedicandum
996 1958 1066 1979 esse
1082 1947 1115 1978 id
1133 1947 1285 1980 osticium

303 2008 380 2028 rum
407 1995 656 2037 propagatione
675 1993 858 2036 Evangelii
883 1997 918 2028 in
934 2004 1004 2029 toto
1024 1998 1176 2041 mundo,
1205 1997 1286 2042 quia

303 2047 432 2079 factum
459 2048 523 2088 sit,
552 2051 590 2077 ut
615 2045 802 2078 declararet
826 2059 860 2078 se
884 2059 1072 2080 memorem
1093 2049 1167 2080 sore
1183 2047 1287 2080 Chri-

304 2098 368 2134 sti,
397 2096 431 2128 id
458 2102 525 2133 est,
554 2102 592 2128 ut
618 2095 809 2128 declararet
829 2097 1097 2132 consessionem.
1151 2097 1288 2131 L>2udat

306 2148 413 2187 igitur
439 2145 685 2179 universaliter
706 2158 810 2189 opera
829 2148 1059 2181 consessionis
1077 2149 1152 2181 sine
1167 2161 1285 2192 super-

305 2198 445 2229 stitione
464 2199 560 2232 tacta,
781 2217 799 2233 o

408 2270 452 2304 Et
472 2272 565 2316 quod
584 2271 664 2305 facit
683 2272 899 2305 mentionem
919 2273 1137 2317 sepulturae,
1163 2274 1288 2307 alludit

306 2323 346 2354 ad
373 2334 504 2355 morem
527 2334 645 2355 earum
664 2323 837 2364 gentium,
865 2336 952 2368 quae
969 2336 1112 2367 corpora
1132 2333 1288 2357 mortuo-

307 2384 384 2405 rum
412 2384 536 2414 magno
560 2381 678 2406 sumtu
705 2375 872 2415 unguenti
899 2375 1034 2416 perfusa
1055 2376 1287 2408 asservabant.

307 2422 369 2455 Ait
393 2433 472 2465 ergo
497 2430 631 2463 gratum
650 2424 714 2455 sibi
735 2436 806 2457 esse
824 2425 997 2465 officium,
1024 2425 1104 2469 quia
1121 2425 1289 2467 significet

307 2474 438 2506 instare
469 2473 542 2504 eius
572 2474 804 2516 sepulturam,
839 2482 873 2508 et
898 2475 1008 2518 ipsam
1035 2483 1212 2518 expectare
1237 2487 1289 2508 se-

308 2523 398 2562 pulti
428 2523 583 2565 corporis
615 2526 915 2559 conservationem
938 2532 970 2559 et
991 2527 1289 2559 resurrectionem.

307 2573 574 2606 Commendatio
611 2574 714 2605 officii
753 2576 862 2608 multo
897 2583 946 2609 est
975 2577 1143 2620 amplior,
1185 2589 1288 2621 quam

309 2630 480 2668 quantum
507 2623 673 2666 cogitarat
699 2625 874 2659 inerudita
897 2627 1036 2662 mulier.
1091 2626 1139 2660 lta
1158 2639 1290 2660 ornan-

309 2682 366 2707 tur
385 2675 438 2718 pia
458 2674 543 2708 sacta
563 2674 725 2719 spiritus,
751 2682 785 2709 et
800 2687 899 2720 saepe
917 2689 1022 2721 parva
1039 2678 1150 2711 officia
1169 2678 1293 2722 ingen-

1327 568 1410 594 erat.
1477 562 1535 594 Ad
1558 562 1724 594 maiorem
1751 563 1965 606 respondeo,
1998 568 2176 605 utrunque
2201 571 2310 603 genus

1327 623 1471 655 operum
1490 612 1719 644 necess.=rium
1736 619 1805 652 est,
1831 612 1951 644 iuvare
1966 623 2154 655 pauperes,
2179 617 2212 644 et
2228 611 2310 643 ede-

1327 674 1364 694 re
1390 662 1589 695 testimonia
1614 661 1715 702 fidei,
1747 669 1779 695 et
1803 662 1944 706 spiritus
1969 663 2006 694 in
2031 662 2158 694 sanctis
2182 668 2311 694 utrun-

1327 724 1395 757 que
1414 713 1514 751 facit,
1542 719 1574 745 et
1596 719 1752 755 tempora
1777 713 2022 745 convenientia
2046 712 2186 756 utrique
2205 711 2311 751 videt,

1329 763 1418 796 sicut
1442 763 1527 796 dicit
1544 763 1685 797 Samuel
1704 761 1791 805 Reg.
1813 763 1888 796 10.:
1917 762 1986 795 Pac
2009 773 2238 806 quaecunque
2255 761 2312 793 in-

1328 814 1464 847 venerit
1487 825 1609 846 manus
1636 821 1713 853 tua,
1747 813 1828 856 quia
1854 813 2020 846 dominus
2044 820 2157 846 tecum
2181 817 2250 853 est,
2274 811 2312 844 id

1330 871 1396 897 cst:
1434 863 1513 897 Non
1545 876 1685 907 possum
1710 864 1847 906 regulas
1870 863 2089 906 singulorum
2115 869 2314 895 momento—

1330 926 1407 946 rum
1442 915 1693 957 praescribere,
1727 916 1784 947 sed
1812 914 1965 957 Spiritus
1994 920 2132 946 sanctus
2157 913 2314 956 impellet.

1331 973 1359 997 et
1387 972 1477 1006 reget
1503 972 1553 1002 te,
1582 973 1619 998 ut
1643 972 1732 998 recte
1754 965 1859 998 facias
1882 964 2096 1009 praesentia,
2122 964 2228 996 modo
2242 975 2314 996 ser-

1330 1016 1404 1048 vias
1422 1016 1594 1049 vocationi
1614 1022 1704 1051 tuae.

1431 1089 1562 1133 Magna
1586 1089 1644 1123 hic
1666 1091 1863 1123 differentia
1891 1098 1940 1124 est
1964 1091 2056 1123 inter
2073 1101 2177 1134 opera
2200 1088 2313 1133 Spiri-

1331 1149 1387 1175 tus
1413 1142 1522 1174 sancti
1549 1148 1580 1174 et
1606 1142 1697 1174 inter
1720 1139 1873 1174 bumana
1897 1142 2053 1175 consilia.
2115 1139 2230 1173 Multa
2259 1151 2315 1172 sa—

1333 1194 1467 1236 pientes
1491 1199 1741 1235 corrumpunt,
1765 1193 1848 1224 dum
1873 1192 2010 1224 omissis
2028 1191 2193 1234 operibus
2212 1202 2314 1222 voca-

1332 1243 1439 1275 tionis
1466 1243 1532 1275 alia
1558 1249 1685 1285 agunt,
1709 1255 1797 1286 quae
1820 1249 1945 1286 putant
1969 1253 2040 1274 esse
2064 1241 2315 1283 splendidiora.

1335 1293 1419 1326 ltem
1447 1294 1529 1326 dum
1555 1293 1723 1326 omittunt
1749 1293 1962 1335 praesentia,
1991 1300 2023 1325 et
2048 1299 2143 1325 metu
2166 1299 2195 1323 et
2219 1291 2316 1323 falsis

1333 1344 1594 1387 suspicionibus
1620 1344 1764 1376 miscent
1796 1343 1958 1385 nogocia,
2001 1349 2039 1375 ut
2069 1341 2106 1375 in
2139 1349 2315 1385 posterum

1333 1395 1467 1438 aliquid
1498 1400 1660 1433 caveant,
1694 1395 1786 1437 quod
1818 1393 1973 1425 fortassis
2004 1404 2185 1436 nunquam
2210 1403 2316 1424 even-

1334 1451 1451 1477 turum
1484 1451 1545 1478 est.
1613 1443 1698 1476 Saul
1728 1444 1902 1486 frangitur
1932 1451 2023 1476 metu
2055 1449 2088 1474 et
2110 1442 2317 1482 diffidentia,

1334 1507 1378 1526 ne
1403 1501 1556 1536 expectet
1576 1493 1793 1533 Samuelem,
1819 1501 1851 1526 et
1877 1500 1994 1537 postea
2020 1500 2057 1525 ut
2077 1492 2316 1536 splendidiora

1334 1545 1453 1583 saciat,
1480 1545 1636 1587 neglecto
1660 1545 1824 1577 mandato
1842 1543 1929 1584 Dei,
1955 1551 2093 1587 captum
2113 1553 2226 1585 regem
2245 1554 2314 1575 non

1335 1595 1508 1629 interficit.
1587 1592 1699 1627 Actias
1739 1602 1882 1638 propter
1918 1593 2149 1627 diffidentiam
2182 1593 2318 1636 quaerit

1335 1645 1560 1689 Assyriorum
1601 1645 1748 1685 auxilia,
1787 1652 1906 1677 contra
1944 1656 2064 1676 vocem
2101 1640 2243 1679 Esaiae,
2280 1649 2319 1674 ut

1336 1707 1435 1738 saepe
1453 1694 1563 1727 Turci
1586 1707 1604 1726 a
1630 1695 1768 1736 regibus
1792 1695 1947 1726 nominis
1965 1691 2157 1726 Christiani
2180 1692 2318 1725 invitati

1337 1752 1428 1780 sunt.
1482 1744 1530 1778 At
1553 1757 1629 1778 cum
1656 1747 1760 1777 corda
1784 1745 1890 1777 verbo
1908 1744 1977 1777 Dei
1993 1751 2027 1776 et
2044 1742 2178 1786 Spiritu
2198 1749 2317 1776 sancto

1337 1797 1598 1838 gubernantur,
1638 1795 1840 1838 intelligunt
1871 1795 2091 1828 vocationem
2123 1805 2243 1833 suam,
2284 1800 2319 1827 et

1338 1859 1416 1879 suas
1444 1858 1498 1879 res
1526 1852 1652 1889 agunt,
1688 1848 1847 1879 doctores
1870 1847 2013 1885 docent,
2047 1855 2119 1876 non
2145 1850 2319 1887 quaerunt

1339 1897 1536 1941 principum
1573 1897 1743 1939 praesidia
1774 1903 1807 1929 et
1835 1897 1986 1929 foedera.
2052 1893 2234 1938 Principes
2265 1905 2318 1927 res

1339 1959 1416 1980 suas
1440 1947 1705 1985 administrant,
1733 1959 1804 1979 non
1829 1952 2008 1979 accersunt
2030 1944 2141 1977 aliena
2167 1945 2318 1987 negocia,

1339 2010 1402 2030 nec
1425 1999 1569 2030 turbant
1594 2005 1719 2030 statum
1744 1997 1925 2040 publicum
1952 2002 2057 2030 metu.
2125 1993 2172 2028 Et
2195 2007 2318 2038 magna

1339 2048 1509 2092 sapientia
1537 2055 1567 2080 et
1593 2048 1763 2080 fortitudo
1789 2054 1835 2079 est
1864 2046 2056 2090 praesentia
2085 2052 2173 2078 recte
2196 2046 2321 2086 facere,

1340 2100 1428 2131 sicut
1446 2096 1607 2131 Christus
1632 2098 1764 2141 inquit:
1793 2096 1976 2130 Crastinus
2001 2097 2074 2129 dies
2096 2108 2158 2139 pro
2177 2107 2247 2129 sese
2263 2108 2320 2129 so-

1340 2150 1455 2181 licitus
1479 2149 1561 2187 erit,
1588 2149 1713 2181 sufficit
1739 2148 1808 2181 diei
1826 2148 1968 2181 afllictio
1988 2159 2068 2184 sua,
2103 2146 2137 2178 id
2157 2154 2222 2180 est:
2249 2145 2319 2181 Vi-

1341 2201 1484 2232 deamus
1505 2199 1588 2243 quid
1614 2200 1649 2231 in
1674 2200 1867 2243 praesentia
1885 2206 1974 2231 recte
1995 2199 2071 2236 fiat,
2097 2208 2159 2229 nec
2179 2205 2322 2241 propter

1341 2257 1471 2282 metum
1503 2256 1562 2283 aut
1588 2250 1737 2283 incertas
1759 2261 1835 2293 spes
1859 2256 1978 2282 contra
2002 2247 2158 2290 regulam
2185 2248 2319 2292 aliquid

1341 2312 1493 2341 agamus,
1545 2299 1640 2334 Haec
1662 2313 1734 2333 non
1759 2306 1905 2345 possunt
1930 2298 2096 2338 iudicari,
2121 2297 2191 2331 nisi
2215 2300 2320 2332 corda

1342 2352 1408 2385 fide
1425 2358 1458 2384 et
1475 2350 1608 2395 Spiritu
1625 2359 1743 2385 sancto
1759 2352 1960 2384 confirmata
1977 2349 2056 2382 sint.

1443 2425 1546 2459 Nunc
1564 2438 1671 2469 pauca
1689 2425 1859 2458 adiiciam'
1876 2426 1918 2458 de
1942 2423 2193 2466 significatione
2215 2423 2320 2456 officii

1343 2477 1496 2515 Mariae,
1525 2484 1666 2520 propter
1682 2476 1970 2518 significationem
1996 2474 2143 2506 maxime
2157 2474 2321 2507 laudatur

1342 2526 1408 2561 lioc
1423 2539 1522 2571 opus.
1576 2526 1684 2560 Pedes
1704 2527 1827 2560 usitate
1847 2525 2043 2569 significant
2059 2525 2226 2567 nuncios,
2253 2522 2320 2557 boc

1341 2586 1409 2618 est,
1451 2578 1689 2611 Ministerium
1727 2576 1929 2618 Evangelii,
1970 2583 2008 2608 ut
2040 2576 2134 2618 apud
2163 2572 2318 2607 Esaiam:
2359 2610 2362 2615 Δ

1342 2628 1457 2669 Quam
1500 2628 1646 2672 speciosi
1684 2630 1787 2671 pedes
1823 2626 2149 2669 Evangelizantium
2188 2636 2318 2668 pacem.

1348 2677 1444 2712 Nihil
1465 2686 1515 2713 est
1530 2686 1645 2712 autem
1664 2679 1823 2712 usitatius
1839 2678 1875 2710 in
1893 2678 2042 2714 mundo,
2079 2687 2182 2720 quarn
2208 2681 2319 2708 extro·
