2415 2942
104 1147 106 1149 -
135 1133 224 1155 care.

133 62 234 100 1317
365 63 468 100 xm.

133 149 366 184 discernenda
396 157 447 185 est
467 151 645 186 invocatio
671 164 753 186 vera
782 152 826 186 ab
848 149 1007 193 ethnica,
1041 152 1131 186 sicut

130 201 308 237 Dominus
350 202 468 247 inquit
510 202 608 237 Ioan.
637 202 691 239 4.:
735 202 808 236 Vos
842 204 999 238 adoratis
1034 204 1130 248 quod

133 253 286 286 nescitis.
342 252 535 287 Sciendum
560 262 610 288 est
635 255 720 300 quid
748 254 940 299 alloquaris
962 255 1000 288 in
1027 255 1130 288 invo-

134 304 291 345 catione,
318 311 351 338 et
370 305 499 339 deinde
517 318 579 340 cur
595 313 626 340 et
646 307 824 351 quomodo
843 306 1004 339 exaudiat
1023 305 1129 341 Deus.

132 354 184 389 Ita
211 357 362 399 regenda
389 363 439 389 est
465 357 643 390 invocatio
669 357 776 390 verbo
805 355 872 390 Dei
899 364 931 390 et
953 357 1032 392 fide.
1084 356 1131 390 Et

133 405 265 440 Paulus
288 407 399 447 infra,
432 408 462 442 1.
479 406 638 443 Timoth.
656 410 691 443 2.
720 419 784 440 nos
809 408 851 440 de
875 409 979 442 modo
1008 409 1130 441 admo—

133 463 214 498 net,
241 455 353 491 Orate
372 459 447 491 sine
466 459 516 492 ira
535 466 567 493 et
585 460 660 492 sine
677 456 924 492 haesitatione:
953 460 1013 493 ubi
1040 459 1129 492 mira

134 507 328 549 brevitate,
362 516 402 543 ut
424 510 461 542 in
480 508 660 554 Epistola,
690 510 967 554 copiosissimam
995 510 1128 543 doctri-

134 571 215 592 nam
243 561 500 604 complectitur.
559 560 650 595 Cum
676 561 742 601 ait,
779 561 854 594 sine
880 559 1129 601 haesitatione,

133 610 384 654 complectitur
404 612 656 656 promissiones
675 620 707 645 et
724 612 843 652 fidem,
866 611 971 645 Mens
991 613 1128 646 intuea-

135 668 194 694 tur
210 662 458 704 mediatorem,
487 670 519 696 et
544 676 623 696 vera
650 663 717 696 fide
741 669 872 696 statuas
889 670 921 696 te
940 664 1066 708 recipi,
1096 670 1128 696 et

134 712 295 745 exaudiri
312 720 389 747 tuos
405 714 554 757 gemitus
573 722 605 748 et
624 721 719 748 tuam
741 715 1014 751 invocationem,
1033 715 1126 748 iuxta
1153 724 1154 739 ³

134 764 223 797 illud
249 762 419 798 Iohannis
441 765 516 800 16.:
546 765 726 810 Quicquid
746 765 918 811 petieritis
939 773 1072 809 patrem
1090 766 1127 798 iu

133 814 280 848 nomine
305 828 402 855 meo,
426 818 526 850 dabit
556 817 667 851 vobis.
722 815 811 849 Cum
839 824 955 850 autem
991 817 1128 862 iuquit,

133 866 209 899 siue
232 866 303 907 ira,
339 868 471 901 scilicet
497 869 665 901 adversus
689 866 802 901 Deum
819 895 827 908 ‚
859 869 966 901 tradit
995 868 1126 901 doctri-

133 929 215 950 nam
235 917 277 950 de
294 918 473 961 patientia.
528 918 615 952 Vult
633 930 695 951 nos
714 931 787 951 non
812 919 915 952 irasci
932 918 1026 959 Deo,
1054 931 1126 952 non

132 968 281 1001 fremere
316 970 483 1003 adversus
517 983 619 1010 eum,
670 971 727 1003 sed
755 970 875 1014 aliquo
900 971 1005 1002 modo
1036 970 1126 1003 flecti

135 1021 239 1053 corda
266 1020 307 1053 ad
335 1021 573 1054 obedientiam
601 1022 638 1054 in
663 1021 786 1063 poeuis
806 1028 838 1054 et
858 1021 1126 1059 calamitatibus,

133 1071 223 1104 sicut
247 1070 407 1104 Psalmus
426 1071 461 1107 4.
486 1073 620 1117 inquit:
658 1071 874 1111 irascimini,
912 1072 1022 1106 nolite
1049 1084 1126 1116 pec-

280 1121 391 1161 ltem,
428 1125 461 1158 1.
488 1122 582 1158 Petr.
610 1121 662 1157 5.:
699 1122 951 1156 Humiliamiui
975 1124 1041 1156 sub
1064 1136 1127 1166 po-

133 1173 220 1206 tenti
247 1185 356 1206 manu
383 1171 461 1210 Dei.
529 1173 570 1207 In
598 1172 661 1206 hac
686 1181 784 1217 parte
811 1174 915 1207 etiam
942 1175 1126 1217 cogitanda

134 1231 186 1258 est
202 1224 336 1268 integra
356 1225 517 1259 doctrina
537 1226 579 1258 de
596 1226 765 1269 patientia
778 1223 991 1259 Christiana.

236 1300 400 1335 Secundo
424 1301 522 1334 iubet
554 1300 648 1334 orari
674 1312 737 1343 pro
764 1300 940 1343 imperiis,
981 1299 1070 1332 sicut
1095 1305 1128 1332 et

136 1350 302 1385 Ieremias
334 1352 446 1395 capite
480 1351 540 1386 29.
573 1351 761 1395 praecipit:
807 1350 976 1393 Quaerite
1009 1361 1126 1393 pacem

136 1403 308 1443 civitatis,
343 1403 381 1436 in
408 1415 476 1446 qua
502 1403 600 1435 eritis
617 1400 792 1446 hospites,
831 1408 863 1434 et
881 1413 943 1444 pro
965 1413 1001 1433 ea
1018 1407 1127 1436 orate.

135 1453 204 1487 Hic
219 1454 330 1487 multa
355 1454 460 1486 simul
484 1454 747 1496 significantur,
776 1453 925 1496 imperia
944 1464 997 1484 res
1016 1453 1126 1484 bonas

135 1517 227 1546 esse,
254 1512 287 1538 et
306 1517 430 1547 magna
453 1517 574 1538 eorum
595 1505 750 1548 pericula
771 1516 859 1536 esse:
889 1504 971 1547 quia
993 1503 1125 1535 diaboli

136 1556 310 1589 tumultus
327 1556 402 1587 sine
421 1556 489 1588 fine
507 1563 668 1595 movent,
695 1562 729 1588 et
755 1554 976 1587 horribiliter
998 1554 1127 1585 (lilace-
1153 1585 1154 1588 ,

136 1613 214 1639 mm
240 1618 349 1649 genus
377 1604 592 1645 humanum,
621 1613 659 1639 ut
676 1613 824 1648 augeant
843 1604 968 1648 impias
986 1604 1126 1648 Opinio-
1180 1588 1321 1624 propter
1339 1583 1475 1614 diversa
1502 1584 1617 1615 studia
1643 1585 1913 1628 suffragatorum
1939 1592 2067 1625 multae
2094 1606 2171 1627 cae-

136 1669 215 1699 nes,
244 1654 480 1701 blasphemias
505 1664 539 1689 et
564 1657 650 1689 alios
673 1656 828 1691 furores,
856 1662 887 1688 et
913 1655 1043 1687 faciant
1068 1666 1128 1686 va—

137 1709 290 1742 stitatem
325 1714 358 1741 et
392 1714 533 1740 aeterna
567 1707 669 1741 mala.
723 1706 862 1739 Horum
895 1705 1126 1738 maximorum

136 1759 376 1804 periculorum
404 1765 437 1792 et
462 1758 742 1791 tristissimorum
766 1756 1044 1800 spectaculorum
1069 1768 1127 1788 co-

136 1811 277 1855 gitatio,
320 1810 486 1843 exuscitet
512 1809 682 1841 maiorem
716 1807 951 1841 intentionem
979 1807 1014 1839 in
1049 1819 1123 1850 pre-

135 1863 259 1895 cando.
314 1859 541 1904 Significatur
560 1861 682 1898 etiam,
710 1858 826 1892 Deum
844 1859 933 1890 velle
958 1859 1045 1891 tueri
1066 1856 1124 1890 ho·

135 1914 240 1957 spitia
266 1919 385 1947 nostra
408 1918 440 1945 et
459 1911 627 1956 imperia,
655 1922 733 1944 cum
754 1922 818 1943 nos
843 1910 963 1943 iubeat
981 1907 1047 1942 hoc
1068 1910 1128 1942 be-

136 1965 301 1998 neficium
327 1971 456 2009 petere.

140 2151 210 2177 stos
238 2144 344 2186 legis,
373 2142 536 2174 videlicet
565 2140 699 2184 primae
721 2147 753 2173 et
769 2140 942 2171 secundae
959 2138 1130 2177 Tabulae,

139 2195 234 2239 quod
261 2196 303 2227 ad
332 2200 509 2226 externam
530 2191 754 2234 disciplinam
789 2190 924 2224 attinet.
969 2188 1129 2223 Primum

137 2252 235 2280 curet
254 2252 346 2279 recte
370 2244 488 2277 doceri
513 2240 676 2276 homines
693 2243 736 2275 de
754 2240 848 2281 Deo,
877 2241 962 2273 sicut
983 2248 1014 2274 et
1033 2240 1131 2273 Psal-

140 2309 219 2331 mus
237 2297 413 2330 secundus
432 2293 620 2339 praecipit,
637 2291 683 2326 Et
706 2304 801 2328 nunc
819 2303 915 2334 reges
935 2292 1132 2335 intelligite,

138 2347 185 2382 Et
208 2348 323 2381 deleat
349 2346 532 2380 manifesta
558 2345 672 2385 idola,
709 2343 834 2388 puniat
850 2340 1073 2387 blasphemos
1101 2350 1133 2376 et

140 2399 314 2444 periuros.
381 2397 459 2431 Etsi
481 2396 575 2429 enim
601 2408 675 2429 non
702 2401 814 2438 potest
838 2394 944 2427 corda
973 2401 1108 2428 mutare
1124 2419 1132 2432 ‚

138 2458 257 2484 tamen
280 2456 422 2483 externa
447 2448 575 2481 scelera
601 2444 790 2491 prohibere
812 2452 845 2479 et
868 2444 995 2488 punire
1021 2446 1135 2487 debet,
1158 2444 1160 2459 '¹

139 2502 234 2536 iuxta
257 2501 388 2534 dictum
412 2499 517 2533 Levit
540 2497 620 2534 24:
650 2497 723 2540 Qui
748 2494 1046 2540 blasphemaverit
1069 2509 1134 2529 no-

140 2565 221 2586 men
252 2551 420 2588 Domini,
447 2556 561 2583 morte
587 2549 771 2582 morietur.
826 2546 884 2581 Sic
913 2547 952 2579 in
984 2550 1134 2582 secunda

142 2603 283 2637 Tabula
302 2600 489 2647 prohibeat
509 2607 541 2634 et
557 2600 683 2645 puniat
701 2606 842 2633 externa
863 2598 1001 2635 delicta.
1041 2597 1136 2633 Haec

142 2666 220 2688 cum
239 2654 343 2696 facit,
374 2652 598 2698 disciplinam
616 2658 648 2686 et
666 2662 786 2696 pacem
803 2656 933 2684 tuetur.

520 64 555 100 7.
582 62 880 101 ENARRATIO
909 62 1067 102 EPIST.
1095 62 1298 101 PRIORIS
1326 63 1394 100 AD
1423 65 1753 105 TIMOTHEUM.

1809 71 1916 109 CAP.
1946 75 1993 114 11.
2090 82 2187 119 1318

1288 150 1340 185 De
1359 149 1414 186 his
1434 154 1563 188 officiis
1581 153 1689 190 ethic
1707 155 1840 193 Paulus
1859 160 2038 207 loquitur,
2063 169 2182 201 nomi-

1184 210 1245 237 nat
1263 210 1416 260 quatuor
1433 206 1575 248 gradus,
1604 206 1658 241 Sit
1675 209 1884 251 gubernatio
1903 214 2001 255 talis,
2028 223 2067 250 ut
2085 218 2181 252 viva-

1184 266 1260 288 mus
1280 266 1318 287 tn
1342 267 1420 288 vera
1445 257 1594 299 pietate,
1622 265 1660 292 ut
1683 267 1774 293 recte
1798 262 1992 299 doceantur
2017 265 2178 304 homines

1183 306 1225 338 de
1250 304 1345 346 Deo,
1373 313 1406 339 et
1424 305 1537 340 Deum
1562 315 1654 342 recte
1670 310 1847 349 invocent.
1902 315 2039 351 Deinde
2058 322 2176 354 nomi-

1182 363 1243 390 nat
1267 354 1507 398 honestatem,
1535 358 1569 391 id
1595 367 1662 401 est,
1689 374 1806 396 mores
1830 368 1952 409 populi
1972 369 2043 403 sint
2064 368 2176 405 hone-

1181 408 1246 448 sti,
1282 408 1316 440 id
1345 415 1413 448 est,
1445 421 1516 442 non
1543 412 1758 446 concedatur
1782 415 1923 450 licentia
1950 419 2175 465 libidinibus,

1182 458 1303 500 furtis,
1330 459 1547 501 latrociniis,
1575 459 1872 508 helluationibus,
1901 476 1939 502 ut
1962 473 2055 514 apud
2083 472 2175 507 Eth-

1183 510 1280 543 nicos
1309 510 1419 544 multa
1447 508 1622 545 horrenda
1649 515 1777 549 scelera
1811 529 1883 551 non
1918 523 2173 563 puniebantur.

1182 560 1305 594 Tertio
1328 561 1411 595 facit
1431 562 1646 596 mentionem
1662 566 1770 607 pacis,
1833 568 1969 611 Quarto
1997 577 2175 620 tranquil-

1181 612 1300 646 litatis.
1350 611 1521 646 Nominat
1537 615 1631 647 enim
1651 616 1757 648 vitam
1776 619 1929 662 quietam
1950 629 1981 656 et
1998 628 2173 671 tranquil-

1182 663 1270 704 lam,
1307 662 1420 706 Quies
1444 665 1639 708 opponitur
1664 667 1784 708 bellis,
1812 672 2044 717 tumultibus,
2081 679 2174 711 sedi-

1181 714 1358 755 tionibus,
1400 715 1615 757 latrociniis,
1658 719 1932 761 vastationibus,
1974 725 2011 758 in
2044 729 2174 772 quibus

1181 766 1311 799 multos
1337 766 1484 799 interfici
1509 773 1541 800 et
1560 768 1724 811 dissipari
1751 772 1975 807 manifestum
1995 769 2066 816 est,
2094 792 2173 812 om—

1181 828 1241 849 nes
1272 829 1355 850 vero
1388 817 1634 861 impediuntur
1665 819 1702 852 in
1733 821 1960 866 educatione,
2002 827 2039 860 in
2068 830 2174 864 insti-

1181 869 1312 901 tuenda
1338 869 1482 909 sobole,
1509 869 1546 901 in
1572 872 1774 914 quaerendo
1799 873 1894 908 victu
1913 883 1944 910 et
1963 878 2041 911 aliis
2065 881 2171 914 rebus

1181 919 1271 952 vitae
1306 920 1522 955 necessariis.
1591 920 1850 967 Tranquillitas
1885 939 1968 961 vero
2000 929 2173 973 significat

1152 1000 1153 1004 ,
1180 967 1374 1011 εὐταξίαν,
1418 971 1579 1004 ordinem
1610 979 1642 1005 et
1671 974 1882 1009 concinnam
1915 982 2172 1017 connexionem

1181 1021 1330 1062 civium,
1357 1021 1523 1055 videlicet
1547 1030 1703 1056 mutuam
1727 1028 1979 1071 reverentiam,
2008 1039 2039 1066 et
2064 1034 2173 1067 bene-

1181 1072 1374 1113 ficentiam,
1408 1079 1441 1106 et
1465 1074 1693 1115 modestiam,
1721 1083 1778 1115 ut,
1807 1090 1879 1111 non
1904 1081 1985 1115 satis
2011 1091 2059 1118 est
2084 1086 2173 1118 civi«

1180 1130 1265 1156 tates
1285 1121 1415 1157 habere
1434 1136 1574 1167 pacem,
1598 1126 1686 1159 sicut
1705 1126 1864 1162 Tartaris
1888 1143 1960 1165 non
1986 1134 2171 1170 inferimus

1180 1175 1290 1213 bella,
1318 1175 1377 1208 sed
1404 1175 1473 1208 vita
1500 1188 1621 1209 eorum
1647 1184 1697 1210 est
1721 1179 1796 1212 sine
1821 1182 1966 1222 ordine,
1995 1197 2066 1218 non
2089 1195 2172 1221 sunt

1179 1226 1308 1268 gradus
1339 1223 1543 1267 hominum,
1587 1239 1659 1260 non
1690 1232 1905 1271 reverentia,
1948 1247 2019 1268 non
2049 1245 2172 1272 mutua

1179 1276 1429 1316 beneficentia,
1479 1289 1552 1310 non
1586 1279 1752 1313 distincta
1783 1288 1940 1326 tempora
1974 1288 2173 1328 actionum,

1179 1339 1251 1359 non
1269 1328 1405 1360 cultura
1424 1328 1574 1366 artium,
1592 1330 1744 1363 multum
1763 1334 1994 1377 petulantiae,
2018 1340 2171 1373 multum

1179 1378 1355 1418 rixarum,
1397 1379 1521 1411 famosi
1546 1379 1676 1418 libelli,
1719 1385 1924 1418 temerariae
1951 1395 1982 1420 et
2008 1391 2172 1423 confusa-

1179 1441 1264 1461 neae
1283 1430 1569 1462 concursationes
1587 1428 1771 1465 hominum
1784 1461 1792 1473 ,
1820 1442 1851 1468 et
1869 1437 2055 1479 factiones,
2084 1454 2173 1486 qua-

1180 1480 1227 1512 les
1244 1478 1381 1513 Romae
1405 1481 1549 1514 suerunt
1572 1482 1609 1513 in
1635 1483 1803 1525 petitione
1820 1484 2111 1531 blagistratuum,
2139 1501 2172 1526 et

1181 1537 1297 1573 postea
1326 1531 1362 1563 in
1385 1531 1555 1564 electione
1586 1530 1865 1577 Episcopmum,
1909 1538 1944 1571 in
1978 1553 2044 1585 qua
2068 1555 2171 1587 saepe

1181 1634 1240 1663 des
1264 1632 1406 1666 fiebant.
1460 1630 1504 1665 Et
1522 1634 1650 1666 talibus
1671 1638 1836 1679 exemplis
1860 1646 2041 1686 utcunque
2066 1644 2171 1678 intel-

1153 1694 1154 1700 *
1181 1683 1241 1725 ligi
1269 1690 1403 1726 potest,
1432 1684 1515 1728 quid
1536 1685 1695 1719 nominet
1715 1685 1846 1722 Paulus
1864 1694 2172 1737 tranquillitatem.

1284 1733 1403 1776 Pingit
1425 1734 1533 1776 igitur
1549 1736 1803 1778 sapientissime
1821 1740 1954 1775 bonum
1974 1750 2102 1778 statum
2121 1747 2172 1779 ci-

1153 1792 1154 1820 ]
1181 1784 1298 1817 vitatis
1324 1785 1491 1818 brevibus
1511 1788 1642 1819 verbis:
1674 1787 1760 1822 Vult
1784 1790 1821 1823 in
1845 1803 1883 1825 ea
1910 1793 2026 1828 lucere
2051 1809 2170 1831 veram

1153 1907 1155 1909 >
1182 1886 1332 1930 plinarn,

1180 1835 1245 1867 Dei
1272 1836 1545 1870 invocationem.
1598 1836 1738 1872 Deinde
1755 1842 1839 1874 addi
1858 1840 2040 1879 honestam
2063 1849 2171 1882 disci-

1384 1899 1503 1930 pacem
1534 1895 1567 1922 et
1598 1887 1783 1929 εὐταξίαν.
1847 1892 1898 1927 Ita
1923 1908 2042 1930 revera
2075 1911 2172 1932 com-

1154 1977 1155 1980 Ἴ
1181 1937 1301 1979 plexus
1320 1944 1369 1971 est
1390 1939 1509 1971 omnia
1527 1941 1719 1974 necessaria
1737 1942 1775 1975 in
1793 1943 1885 1977 bona
1903 1948 2171 1989 gubernatione.

1180 1987 1227 2021 Et
1249 1989 1292 2022 sit
1312 1985 1396 2022 haec
1413 1990 1528 2033 imago
1551 1990 1588 2023 in
1611 2000 1800 2035 conspectu
1819 2007 1890 2029 non
1912 1998 2024 2031 solum
2042 2002 2170 2043 guber-

243 2040 349 2074 Fines
376 2051 436 2072 seu
464 2037 581 2071 officia
616 2037 847 2081 imperiorum
879 2043 1064 2069 sumantur
1090 2049 1129 2069 ex
1154 2040 1156 2048 '

138 2091 332 2135 Decalogo:
370 2097 449 2134 apte
470 2090 562 2122 enim
583 2089 732 2129 dicitur,
758 2087 987 2130 Magistratus
1004 2095 1053 2121 est
1070 2100 1129 2121 cu—
1154 2083 1156 2104 ²

1181 2040 1386 2080 natoribus,
1428 2041 1489 2085 qui
1507 2042 1550 2074 ad
1569 2039 1660 2075 hanc
1683 2044 1796 2078 ideam
1822 2057 1884 2080 sua
1911 2051 2057 2084 consilia
2082 2052 2172 2086 diri-

1181 2103 1259 2133 gere
1279 2091 1474 2133 debebant‚
1501 2094 1560 2125 sed
1589 2094 1692 2127 etiam
1714 2095 1863 2139 singulis
1880 2096 2086 2136 hominibus
2104 2115 2169 2138 suo

1182 2143 1277 2182 loco,
1318 2149 1357 2176 ut
1383 2143 1488 2176 talem
1514 2150 1641 2178 statum
1668 2146 1893 2190 adiuvemus,
1934 2152 2087 2194 primum
2114 2167 2171 2188 ar-

1181 2194 1280 2226 denti
1316 2193 1544 2236 precatione,
1583 2196 1711 2230 deinde
1745 2200 1874 2233 nostris
1915 2203 2094 2248 obsequiis
2136 2213 2170 2240 et

1156 2270 1158 2289 =
1182 2245 1364 2288 exemplis,
1390 2244 1472 2278 Non
1491 2245 1663 2280 violemus
1680 2260 1798 2291 pacem
1817 2250 1956 2286 iniuriis
1969 2281 1977 2294 ,
2005 2267 2077 2288 non
2097 2263 2173 2290 tur-

1159 2513 1162 2542 ἰ

1161 2583 1163 2595 r

1161 2598 1164 2615 l

1182 2297 1305 2329 bemus
1329 2296 1491 2329 ordinem
1509 2298 1702 2340 petulantia
1720 2306 1753 2333 et
1769 2300 1961 2336 barbaricis
1977 2307 2148 2343 moribus.

1285 2346 1354 2380 Hic
1370 2360 1511 2392 quoque
1528 2348 1663 2391 integra
1682 2351 1840 2385 doctrina
1854 2380 1863 2391 ,
1891 2366 1979 2399 quae
1998 2356 2035 2389 in
2052 2355 2175 2392 Eccle-

1183 2397 1232 2430 sia
1258 2398 1410 2432 traditur
1425 2399 1468 2431 de
1490 2399 1594 2432 rebus
1615 2401 1769 2444 politicis
1785 2404 1968 2446 cogitanda
1988 2415 2055 2446 est,
2084 2421 2174 2453 quae

1184 2457 1344 2483 sumatur
1364 2461 1404 2482 ex
1426 2449 1546 2490 libris,
1572 2451 1635 2484 ubi
1652 2452 1826 2496 copiosius
1850 2456 2034 2496 recitatur,
2071 2471 2172 2502 prae-

1185 2500 1285 2543 cipue
1300 2512 1382 2533 vero
1399 2507 1483 2535 nota
1499 2501 1544 2535 sit
1559 2502 1694 2545 regula:
1712 2502 1857 2538 Necesse
1874 2513 1925 2541 est
1939 2508 2082 2542 obedire
2100 2522 2173 2544 non

1186 2551 1301 2584 solum
1319 2558 1464 2596 propter
1480 2552 1588 2593 iram,
1614 2554 1649 2586 id
1668 2560 1735 2593 est,
1761 2564 1904 2599 propter
1920 2570 2085 2601 poenam,
2113 2563 2172 2594 sed

1188 2601 1294 2635 etiam
1328 2609 1475 2647 propter
1510 2604 1777 2640 conscientiam.
1830 2606 1925 2640 Haec
1963 2610 2082 2652 regula
2125 2619 2175 2645 est

1189 2654 1399 2699 praecipuus
1421 2666 1553 2738 ngrvus
1577 2657 1844 2699 gubernationis
1861 2658 2025 2702 politicae
2047 2660 2084 2694 in
2103 2667 2176 2697 toto

1478 2706 1498 2739 3
