2415 2942
284 104 356 140 903

393 189 602 232 Quanquam
645 194 760 221 autem
804 188 1011 230 sapientiam
1055 194 1088 220 et
1131 186 1269 219 dolores

290 239 391 274 Pauli
416 240 451 271 in
475 238 539 272 boc
560 239 634 283 ipso
660 246 866 283 argumento
885 250 957 271 uon
981 249 1123 282 prorsus
1140 234 1269 270 exhau-

290 292 359 324 rire
384 301 583 333 possumus,
619 296 734 322 tamen
761 289 952 331 cogitemus
983 288 1118 333 aliquid
1149 288 1191 321 de
1217 285 1272 320 liis

294 342 414 373 rebus:
445 341 644 373 intueamur
668 341 814 373 abusum
841 351 911 372 non
942 346 979 372 nt
1001 338 1186 383 Epicurei,
1213 337 1272 370 sed

293 391 515 434 deploremus
549 402 684 429 causas,
725 390 853 423 scilicet
885 397 1038 433 peccata,
1074 396 1106 423 et
1129 389 1274 433 aspicia-

293 454 369 474 mus
401 449 595 486 utrunque,
639 441 799 474 videlicet
833 441 1083 485 pulcerrimum
1117 440 1276 473 ordinem

293 493 484 524 multarum
516 504 631 524 rerum
662 492 695 523 in
722 500 843 524 natura
871 492 1052 525 conditum
1079 504 1096 524 a
1122 491 1215 530 Deo,
1245 495 1275 522 et

295 543 422 575 deinde
452 543 694 575 confusionem
722 543 876 583 ordinis,
913 555 1001 587 quae
1026 542 1168 575 accessit
1196 553 1277 584 pro-

297 600 374 636 pter
400 600 600 637 peccatum,
627 600 658 626 et
678 594 888 636 cogitemus,
918 606 995 626 cum
1021 605 1093 625 uon
1117 593 1279 625 conditus

297 644 340 676 sit
361 645 514 676 mundus
534 645 577 676 ad
598 650 778 677 aeternum
797 644 962 683 abusum,
990 650 1183 676 secuturam
1209 653 1280 675 esse

295 695 486 739 aliquando
513 695 777 733 liberationem,
821 701 854 727 et
880 693 992 727 Deum
1026 694 1279 737 patefacturum

297 757 368 778 esse
385 745 553 778 iudicium
570 757 683 780 suum.

298 835 416 871 Sedet
432 850 497 871 nos
521 836 611 883 ipsi,
638 836 703 884 qni
721 836 831 870 inilia
851 836 1005 883 spiritus
1029 832 1206 869 habemus
1224 840 1282 869 elc.

398 905 560 938 Tertium
587 913 830 948 argumentum
854 912 1008 938 sumtum
1034 912 1083 938 est
1108 905 1152 938 ab
1168 916 1284 937 exem-

299 956 357 999 plo
384 955 645 1000 Apostolorum.

400 1014 472 1047 Nos
498 1014 557 1058 qui
584 1014 829 1048 excellentiora
855 1014 946 1046 dona
971 1013 1141 1047 habemus
1159 1013 1285 1057 affligi-

300 1077 399 1105 mur,
428 1065 601 1097 luctamur
626 1077 703 1098 cum
726 1065 938 1097 conscientia
962 1065 1123 1108 lapsuum
1149 1071 1286 1109 praete—

301 1116 449 1149 ritorum
476 1123 508 1148 et
536 1116 670 1160 reliqua
705 1115 947 1156 immunditie,
983 1127 1061 1148 cum
1093 1116 1288 1148 terroribus

302 1166 455 1206 diaboli,
483 1178 561 1198 cnm
581 1174 699 1200 nostra
719 1165 940 1205 infirmitate,
969 1178 1047 1198 cnm
1069 1166 1234 1210 periculis
1257 1172 1289 1199 et

302 1217 623 1261 persecutionibus,
652 1224 684 1251 et
700 1224 918 1261 expectamus
938 1217 1195 1252 liberationem.

547 1308 618 1357 Spe
638 1309 731 1343 enim
747 1308 889 1343 salvati
902 1321 1040 1343 sanius.

409 1376 583 1419 Quartum
608 1383 852 1420 argumentum
881 1377 924 1409 ab
944 1376 1067 1409 ordine
1085 1383 1117 1410 et
1136 1382 1292 1419 tempore

306 1428 537 1462 liberationis.

407 1478 465 1512 Sic
496 1479 636 1512 liberati
667 1489 805 1516 sumuS,
841 1484 879 1510 ut
915 1475 1029 1510 adhuc
1055 1478 1225 1521 speranda
1250 1477 1293 1510 sit

309 1528 524 1567 haereditas,
562 1536 678 1572 postea
707 1529 936 1572 possfflenda,
970 1535 1002 1560 et
1030 1535 1069 1561 ut
1095 1529 1141 1561 ita
1164 1528 1293 1561 dicam:

311 1580 413 1613 Nunc
431 1577 600 1612 habemns
617 1580 670 1612 ius
687 1580 727 1611 ad
749 1591 819 1612 rem
834 1606 843 1619 ,
872 1578 1030 1610 nondum
1050 1578 1086 1610 iu
1106 1590 1152 1611 re.

413 1630 470 1664 Sic
497 1631 590 1662 enim
617 1631 709 1664 Deus
737 1630 869 1671 colligit
893 1627 1084 1661 Ecclesiam
1109 1634 1296 1668 aeternam,

311 1689 344 1715 et
362 1693 434 1714 non
453 1681 564 1714 aliter.
620 1680 704 1714 Vult
724 1692 787 1713 nos
812 1681 846 1712 in
871 1677 934 1712 hac
959 1679 1029 1712 vita
1055 1691 1116 1723 per
1133 1680 1296 1720 Evange-

312 1733 398 1764 linm
423 1732 572 1772 renasci,
601 1738 632 1765 et
658 1732 733 1764 vnlt
754 1730 945 1763 Ecclesiam
971 1730 1007 1761 iu
1033 1727 1097 1763 hac
1120 1731 1191 1763 vita
1214 1730 1297 1761 snb-

314 1784 436 1815 iectam
461 1794 532 1815 esse
551 1782 664 1815 cruci:
695 1789 814 1828 postea
840 1782 877 1813 in
903 1781 973 1814 vita
996 1787 1134 1815 aeterna
1153 1780 1216 1814 erit
1244 1780 1298 1812 in-

314 1841 407 1876 tegra
425 1833 563 1866 novitas
580 1840 611 1866 et
631 1833 773 1866 laetitia.

417 1891 586 1935 Intelligit
612 1903 691 1935 ergo
716 1891 845 1924 Paulus
869 1888 936 1924 hoc
961 1891 1037 1923 loco
1063 1890 1303 1930 salvationem,

318 1943 415 1975 illam
447 1943 610 1975 ultimam
643 1950 676 1976 et
708 1943 876 1984 integram
903 1941 1170 1974 liberationem:
1207 1942 1299 1986 quod

320 1994 398 2026 ideo
427 1993 615 2027 dicendum
648 2000 717 2034 est,
759 2000 798 2026 ut
821 1990 1031 2037 sophisticae
1064 1992 1218 2036 captioni
1249 2004 1303 2025 re-

320 2045 543 2088 spondeatur.

473 2095 542 2138 Spe
560 2095 681 2128 salvati
701 2106 838 2129 snmus:

473 2145 566 2189 Ergo
587 2158 656 2179 non
676 2146 747 2178 sola
766 2146 831 2178 fide
847 2144 1034 2178 salvamur.

427 2204 657 2249 Ptespondeo:
684 2204 780 2247 Nego
801 2202 1104 2247 consequentiam,
1131 2203 1212 2247 quia
1229 2215 1304 2236 am—

326 2255 478 2300 biguitas
494 2263 544 2289 est
562 2256 597 2288 in
614 2256 784 2288 vocabulo
802 2254 946 2288 Salvati.
998 2252 1087 2287 Cum
1112 2253 1210 2286 dicit:
1237 2253 1305 2297 Spe

330 2307 451 2340 salvati
475 2319 613 2347 sumus,
648 2318 720 2339 non
749 2305 914 2347 intelligit
940 2304 1149 2337 vocabulum
1174 2303 1307 2338 Salvati

330 2370 393 2401 pro
410 2358 658 2398 reconciliatis,
685 2358 741 2389 sed
761 2355 924 2398 intelligit
942 2356 984 2387 de
1002 2355 1157 2388 lIberatis
1174 2356 1217 2388 ab
1233 2367 1307 2387 om-

332 2408 438 2440 nibus
452 2408 610 2443 miseriis.
665 2407 709 2441 Et
727 2408 821 2440 aliud
839 2414 888 2440 est
904 2405 1001 2450 loqui
1019 2406 1061 2438 de
1081 2412 1235 2449 tempore
1257 2406 1311 2437 in-

336 2466 450 2501 tegrae
469 2458 705 2496 liberationis,
730 2458 824 2491 alind
844 2458 886 2490 de
902 2467 1001 2489 causa
1019 2456 1286 2491 iustificationis.

439 2515 527 2549 Cum
545 2517 640 2549 dico:
676 2517 744 2560 Spe
769 2516 908 2549 liberati
930 2526 1066 2558 sumus,
1101 2521 1236 2558 tempus
1260 2516 1314 2547 in-

338 2567 522 2609 telligitur,
550 2573 579 2599 et
597 2568 819 2608 grammatice
836 2565 902 2600 hoc
920 2564 1151 2607 significatur,
1179 2565 1316 2607 Integra

1231 2616 1318 2649 Fide

340 2668 581 2709 iustificamur,
603 2674 817 2701 monstratur
839 2678 938 2700 causa
978 2667 1107 2701 scilicet
1122 2667 1319 2700 misericor-

339 2617 499 2650 liheratio
527 2615 641 2649 adbuc
667 2624 875 2660 expectatur.
937 2615 1026 2649 Cum
1050 2616 1194 2649 dicitur:

878 101 1002 135 PIllL.
1026 99 1144 135 MEL.
1171 99 1379 136 SCRIPTA
1405 98 1704 135 EXEGETICA.

2225 101 2301 139 964

1324 185 1379 218 dia
1398 186 1567 244 promissa
1594 193 1737 230 propter
1758 187 1870 221 filiurn
1885 188 1961 228 Dei,
1980 200 2084 234 quam
2103 186 2172 222 fide
2197 198 2303 232 opor·
2350 230 2353 232 Ι

1322 243 1370 270 tet
1391 248 1513 280 accipi.

1427 286 1639 332 Quanquam
1657 295 1771 321 autem
1790 289 1872 321 fides
1890 295 1920 321 et
1938 300 2014 332 spes
2031 297 2112 323 sunt
2136 295 2302 332 cognatae

1326 337 1490 378 virtutes,
1525 345 1557 371 ct
1582 350 1801 383 nequaquam
1838 339 1958 371 divelli
1990 346 2154 382 possunt„
2189 347 2305 373 tamen

1328 388 1407 432 quia
1426 387 1556 422 Paulus
1573 390 1717 434 aliquod
1741 390 1930 422 discrimen
1949 389 2050 432 facit,
2078 402 2155 423 cum
2174 391 2306 435 inquit:

1329 438 1414 471 Tria
1432 436 1536 479 baec,
1566 440 1686 479 Fides,
1714 441 1818 483 SpeS,
1845 440 2017 481 Dilectio,
2043 447 2229 474 teneantur
2250 448 2306 474 ut-

1330 502 1468 534 cunque
1484 492 1668 524 distinctae
1686 492 1946 535 descriptiones.

1430 540 1533 574 Fides
1549 549 1597 574 est
1614 542 1773 575 assentiri
1793 543 1889 574 omni
1911 542 2016 575 verbo
2034 541 2098 576 Dei
2117 541 2219 575 nobis
2239 547 2312 575 tra-

1332 590 1425 631 dito,
1453 599 1555 637 atque
1573 593 1617 625 ita
1636 594 1858 636 promissioni
1879 593 2028 635 gratiae,
2057 600 2089 626 et
2113 599 2162 626 est
2185 591 2312 625 fiducia

1333 642 1555 685 acquiescens
1574 643 1609 675 in
1627 642 1699 676 Deo
1719 652 1861 687 propter
1875 643 2112 682 mediatorem,
2141 655 2213 676 non
2231 654 2313 686 pro-

1335 699 1409 735 pter
1426 700 1560 726 nostras
1579 694 1724 727 virtutes
1742 701 1798 727 aut
1826 706 1947 737 opera,
1975 701 2008 727 et
2032 705 2176 726 movens
2196 693 2316 732 corda,

1334 750 1372 776 ut
1392 745 1554 777 accedant
1573 746 1616 777 ad
1634 743 1760 783 Deum,
1784 752 1911 778 etcum
1932 745 2096 779 invocent
2114 751 2146 778 et
2164 745 2317 778 clament

1336 792 1435 826 Abba
1452 793 1564 828 Pater.

1437 845 1522 889 Spes
1539 852 1587 879 est
1605 853 1694 878 certa
1710 847 1900 889 expectatio
1920 846 2040 879 salutis
2059 852 2219 879 aeternae
2236 857 2316 889 pro-—

1335 900 1411 937 pter
1426 896 1651 929 mediatorem
1670 898 1775 939 gratis
1795 899 1995 936 donandae,
2012 904 2044 929 et
2060 904 2108 930 est
2125 896 2315 940 expectatio

1339 946 1566 988 mitigationis
1589 959 1779 992 poenarum
1806 948 1840 980 in
1870 946 1934 980 hac
1961 948 2052 988 vita,
2088 947 2180 981 iuxta
2202 947 2318 980 cousi—

1338 995 1424 1029 lium
1442 996 1519 1031 Dei.

1441 1046 1620 1082 Diss‘erunt
1642 1055 1757 1082 autem
1781 1049 1865 1082 fides
1891 1055 1923 1082 et
1948 1060 2041 1092 speS,
2069 1049 2151 1093 quia
2178 1048 2262 1081 fides
2281 1048 2317 1080 in

1341 1099 1536 1141 praesentia
1553 1099 1677 1144 accipit
1694 1100 1934 1132 remissionem
1951 1106 2189 1143 peccatorum,
2217 1105 2247 1131 et
2266 1110 2320 1131 re—

1342 1150 1647 1189 conciliationem,
1682 1162 1740 1184 sen
1764 1150 2031 1194 imputationem
2057 1150 2213 1184 iustitiae
2238 1161 2322 1193 pro-

1342 1207 1419 1244 pter
1436 1201 1682 1242 mediatorem,
1716 1207 1749 1234 et
1771 1203 1883 1234 adfert
1906 1213 2044 1244 pacem,
2070 1201 2105 1233 id
2124 1207 2192 1239 est,
2220 1200 2321 1233 laeti-

1344 1251 1426 1284 tiam
1453 1251 1571 1292 cordi,
1599 1254 1693 1296 quod
1722 1253 1829 1286 sensit
1853 1263 1954 1284 veros
1979 1263 2143 1295 pavores,
2169 1257 2209 1284 ut
2233 1251 2323 1283 dici-

1346 1309 1418 1334 tur:
1448 1300 1629 1335 Iustificati
1652 1303 1718 1335 fide
1742 1315 1860 1346 pacem
1887 1300 2057 1335 habemus
2082 1302 2175 1346 apud
2191 1302 2322 1335 Deum.

1343 1350 1389 1384 Et
1407 1349 1470 1384 hac
1487 1353 1554 1385 fide
1574 1365 1613 1385 ex
1631 1353 1814 1386 doloribus
1837 1354 2031 1386 inferorum
2055 1353 2245 1386 eluctantes
2268 1363 2325 1385 ac—

1345 1402 1498 1434 cedimus
1522 1403 1564 1435 ad
1584 1403 1722 1443 Deum,
1749 1410 1840 1436 recte
1866 1415 1943 1435 eum
1969 1403 2187 1445 agnoscimus
2213 1409 2246 1436 et
2268 1403 2324 1434 in-

1346 1463 1527 1490 vocamus,
1556 1460 1594 1486 ut
1621 1454 1662 1485 ad
1688 1451 1987 1496 Epl1es.diciiur:
2023 1452 2091 1485 Per
2107 1451 2201 1486 hunc
2217 1453 2325 1485 aude-

1347 1514 1424 1535 mus
1443 1504 1603 1535 accedere
1620 1503 1656 1535 in
1672 1503 1796 1536 fiducia
1816 1515 1875 1546 per
1900 1504 2002 1535 fidem
2029 1503 2113 1538 eius.
2167 1502 2217 1536 lta
2241 1503 2326 1535 fides

1348 1553 1472 1596 accipit
1502 1553 1539 1585 in
1569 1554 1763 1597 praesentia
1798 1552 2140 1592 reconciliationem,
2181 1553 2327 1586 arrabo-

1350 1615 1427 1636 nem
1446 1604 1645 1636 futurorum
1664 1604 1858 1643 bonorum,
1882 1602 2044 1635 videlicet
2062 1602 2232 1646 Spiritum
2247 1614 2329 1636 san-

1350 1661 1443 1687 ctum
1455 1680 1464 1694 ,
1490 1660 1521 1686 et
1539 1661 1588 1687 est
1605 1655 1716 1687 virtus
1732 1651 1984 1698 apprehensiva
2009 1660 2041 1686 et
2059 1653 2262 1698 quietativa.

1452 1703 1521 1737 Sed
1545 1715 1622 1748 spes
1645 1711 1696 1737 est
1726 1704 1916 1748 expectatio
1940 1704 2080 1737 suturae
2102 1703 2332 1745 liberationis,

1352 1767 1457 1800 quam
1487 1755 1759 1799 expectationem
1787 1755 1996 1788 antecedunt
2020 1754 2149 1788 noticia
2182 1755 2330 1798 promis-

1353 1806 1460 1839 sionis
1477 1812 1509 1839 et
1525 1817 1700 1846 assensus,
1727 1813 1759 1839 et
1782 1806 1908 1838 fiducia
1932 1805 2105 1849 accipiens
2128 1805 2333 1839 reconcilia-

1355 1857 1514 1897 tionem,
1559 1864 1598 1890 ut
1627 1854 1740 1889 David
1774 1857 1891 1889 audita
1925 1856 2157 1899 promissione
2189 1863 2333 1897 erectus,

1355 1914 1472 1952 postea
1493 1907 1616 1950 incipit
1634 1919 1771 1950 sperare
1790 1907 2046 1940 liberationem.

1459 1957 1606 1991 Dilectio
1639 1964 1689 1990 est
1721 1957 1919 1990 obedientia
1949 1957 2141 1989 secundum
2167 1958 2334 1991 mandata

1356 2008 1439 2050 Dei,
1474 2009 1696 2052 praelucente
1728 2008 1794 2040 fide
1824 2019 1900 2041 cum
1935 2019 2014 2040 vera
2039 2007 2169 2040 laetitia
2189 2007 2225 2040 in
2249 2007 2335 2048 Deo,

1358 2061 1439 2105 quia
1469 2061 1485 2092 1
1508 2057 1629 2092 lohan.
1655 2056 1689 2091 5.
1714 2059 1860 2092 dicitur:
1898 2057 1993 2091 Haec
2018 2064 2069 2091 est
2090 2058 2230 2092 dilectio
2258 2057 2336 2100 Dei,

1357 2111 1519 2144 mandata
1538 2110 1612 2142 eius
1628 2120 1778 2144 servare.

1532 2189 1602 2227 Per
1615 2192 1834 2240 patientiam
1851 2197 2081 2241 expectamus
2098 2198 2160 2230 etc.

1457 2259 1539 2295 Dixi
1565 2269 1728 2307 quartum
1752 2268 1995 2305 argumentum
2023 2268 2175 2295 sumtum
2198 2272 2271 2295 esse
2293 2263 2338 2296 ab

1358 2312 1483 2346 ordine
1500 2319 1532 2346 et
1551 2320 1706 2356 tempore
1729 2312 1959 2345 liberationis.
2012 2310 2172 2345 Primum
2198 2323 2257 2354 spe
2280 2325 2339 2346 ex-

1362 2364 1531 2408 pectanda
1555 2371 1605 2397 est
1630 2362 1844 2403 baereditas,
1871 2369 1987 2406 postea
2009 2374 2092 2395 vero
2118 2363 2340 2405 possidenda.

1364 2414 1466 2448 Nunc
1498 2414 1536 2446 in
1570 2414 1803 2457 descriptione
1837 2413 1910 2456 spei
1943 2419 2205 2453 commoratur,
2246 2414 2343 2454 dicit,

1366 2477 1460 2509 spem
1484 2476 1557 2497 esse
1582 2464 1691 2498 futuri
1719 2464 1824 2502 boni,
1851 2464 2009 2496 nondum
2028 2464 2235 2506 praesentis,
2261 2464 2341 2497 ideo

1367 2515 1497 2560 inquit:
1526 2515 1612 2558 Spes
1627 2526 1715 2559 quae.
1730 2515 1869 2547 videtur
1883 2525 1955 2546 non
1972 2520 2020 2546 est
2036 2525 2130 2557 spes:
2159 2514 2219 2547 ubi
2238 2512 2344 2558 phra-

1368 2566 1414 2599 sis
1439 2562 1529 2598 recte
1552 2565 1778 2607 intelligatur.
1845 2563 2020 2607 Adiungit
2048 2571 2163 2597 autem
2187 2565 2258 2608 spei
2282 2577 2344 2609 pa·-

1368 2616 1545 2655 tientiam,
1571 2616 1652 2660 quia
1676 2616 1808 2648 interea
1833 2615 1868 2646 in
1895 2611 1960 2646 hac
1982 2615 2052 2648 vita
2078 2614 2196 2658 magni
2218 2626 2344 2658 agones

1372 2666 1568 2712 perferendi
1587 2673 1667 2699 sunt
1714 2666 1802 2698 sicut
1820 2671 1851 2699 et
1872 2665 2056 2711 praedicit:
2084 2664 2179 2699 Deus
2196 2673 2228 2700 et
2245 2677 2344 2710 prae-
