2415 2942
139 92 214 131 485
477 91 579 131 XIII.

138 193 250 221 mam,
277 190 366 225 quae
383 189 401 213 a
420 179 683 223 magistratibus
701 187 891 222 exercetur,
921 182 981 214 sed
999 193 1130 225 appro—

137 233 195 266 bat
212 244 305 271 eam,
332 238 365 265 et
382 231 609 274 amplissimis
626 232 792 265 laudibus
809 239 926 273 ornat,
953 239 994 266 ut
1010 240 1129 266 osteu-

137 284 194 318 det
212 282 413 328 proximum
435 289 548 327 caput.

475 416 611 470 Caput
661 415 779 456 XIII.

231 497 446 544 Propositio.
502 497 753 543 Unusquisque
775 497 916 532 obediat
933 509 994 532 suo
1013 499 1123 542 magi-

133 549 269 583 stratui.
329 550 501 585 Rationes
519 550 618 583 addit
642 550 763 582 ductas
788 562 826 582 ex
852 550 1022 592 dignitate
1046 563 1122 583 ma-

131 599 317 642 gistratus,
343 608 377 636 et
396 614 435 635 ex
454 613 563 645 poena
585 611 674 645 quae
697 600 879 635 ulciscitur
903 608 1119 634 contemtum

130 650 364 693 magistratus.
431 651 499 685 Hic
522 662 643 685 rursus
665 658 810 694 apparet
835 650 987 685 Paulum
1018 652 1120 686 aliter

129 702 267 735 tradere
300 711 480 747 praecepta
518 703 560 735 de
599 702 782 743 moribus,
834 714 938 747 quam
972 704 1118 738 tradunt

127 749 347 797 Philosophi.
413 752 524 787 Docet
554 753 648 786 enim
678 764 743 785 nos
768 754 810 786 de
836 754 1018 788 voluntate
1039 752 1116 795 Dei,

127 804 223 846 quod
252 801 414 838 πολιτεία
439 805 482 837 sit
506 803 683 837 ordinatio
717 804 859 844 divina,
902 805 990 838 sicut
1023 805 1116 838 vices

127 858 346 897 temporum,
375 853 513 901 hyems,
540 861 670 895 aestas,
698 855 794 896 dies,
823 868 890 888 nox
916 863 948 889 et
973 854 1010 889 hi
1036 868 1115 899 per-

124 903 221 947 petui
240 917 361 939 cursus
379 918 417 939 ac
434 913 551 939 motus
569 906 743 945 siderum,
771 918 788 939 a
806 905 900 947 Deo,
928 914 959 940 et
979 908 1112 941 conditi

122 961 233 997 sunt,
273 964 307 991 et
341 965 606 992 conservantur.
671 956 720 989 Ita
757 957 936 990 ordinavit
964 956 1059 990 Deus
1081 966 1113 992 et

122 1014 305 1042 conservat
335 1005 537 1042 πολιτείαν
557 1008 595 1041 in
623 1008 757 1041 mundo
776 1034 784 1049 ,
827 1008 1051 1052 magistratus
1079 1017 1113 1043 et

119 1054 221 1100 leges.

220 1124 330 1159 Multi
348 1126 491 1160 fuerunt
508 1125 650 1159 fanatici
671 1122 834 1158 homines
852 1126 956 1159 etiam
977 1127 1109 1161 nostris

118 1177 356 1220 temporibus,
392 1177 454 1222 qui
487 1178 745 1210 contenderunt
777 1189 849 1209 non
876 1178 979 1210 licere
1003 1176 1109 1211 Chri-

118 1228 232 1261 stiano
250 1239 369 1271 gerere
389 1228 640 1271 magistratum,
656 1229 738 1272 quia
754 1226 988 1271 Evangelium
1007 1241 1109 1273 saepe

118 1275 306 1322 probibeat
323 1278 527 1312 vindictam.
582 1278 703 1322 Itaque
724 1279 965 1321 magistratum
988 1291 1106 1313 sense-

118 1336 202 1363 runt
218 1328 444 1362 latrocinium
463 1341 501 1361 ac
519 1329 683 1361 iniustam
702 1329 773 1360 vim
794 1341 877 1364 esse.
926 1330 1106 1363 Adversus

118 1376 210 1412 hanc
232 1379 375 1423 impiam
402 1391 440 1412 ac
466 1379 667 1412 seditiosam
684 1379 889 1421 opinionem
910 1381 1024 1413 munit
1042 1393 1104 1413 nos

114 1427 266 1470 Paulus,
292 1441 331 1462 ac
346 1429 446 1463 docet
466 1430 727 1472 magistratum,
752 1441 824 1462 esse
840 1430 1102 1463 ordinationem

113 1480 294 1519 divinam,
322 1491 382 1512 seu
407 1492 496 1523 opus
522 1480 588 1513 Dei
615 1481 767 1519 bouum,
795 1492 903 1524 quare
919 1481 974 1521 fit,
1002 1489 1040 1515 ut
1064 1481 1101 1514 hi

111 1531 172 1575 qui
190 1537 316 1574 gerunt
332 1531 572 1574 magistratum
584 1557 593 1575 ‚
625 1537 773 1565 tractent
790 1531 945 1565 officium
964 1533 1100 1566 licitum

109 1589 143 1617 et
160 1580 365 1616 honestum·

210 1648 323 1683 Nemo
341 1649 457 1683 verbis
480 1649 647 1695 consequi
671 1656 782 1693 potest
805 1657 954 1695 quantas
978 1650 1100 1684 afferat

110 1700 296 1740 utilitates,
331 1707 407 1734 tum
432 1701 712 1744 magistratibus,
741 1707 815 1734 tum
837 1701 987 1734 subditis
1015 1700 1098 1735 haec

109 1752 280 1787 doctrina.
362 1751 451 1785 Nam
489 1752 711 1794 magistratus
755 1752 848 1785 bona
883 1753 1095 1786 conscientia

110 1815 210 1838 suum
225 1802 381 1836 officium
404 1803 518 1836 facere
534 1809 698 1847 possunt,
729 1815 807 1835 cum
831 1803 964 1843 sciunt,
992 1814 1093 1836 suum

106 1855 198 1888 vitae
222 1865 348 1897 genus,
390 1865 488 1886 suam
526 1853 810 1898 procurationem
841 1853 915 1886 Deo
948 1854 1095 1897 placere.

106 1903 154 1939 Et
180 1906 309 1939 audent
332 1917 350 1938 a
375 1903 450 1938 Deo
483 1912 663 1947 expectare
695 1916 734 1937 ac
764 1912 881 1949 petere
912 1906 1092 1945 auxilium,

107 1956 274 2001 quoniam
295 1955 404 2000 ipsius
421 1963 547 1999 gerunt
566 1956 694 1995 vicem,
720 1964 759 1989 ut
784 1957 949 1989 defendat
973 1964 1004 1989 et
1028 1968 1092 1999 gu-

105 2008 231 2040 bernet
257 2018 337 2039 suos
362 2007 556 2040 ministros.
625 2005 726 2039 Nulli
752 2007 938 2047 exercitus,
972 2008 1091 2040 nullae

106 2068 218 2096 arces,
244 2057 354 2100 magis
376 2058 514 2090 munire
538 2057 713 2102 principes
734 2058 770 2090 in
792 2065 843 2092 tot
870 2058 1035 2102 periculis
1058 2065 1090 2092 et

105 2107 246 2140 insidiis
262 2108 394 2141 diaboli
419 2117 571 2151 queunt,
599 2121 704 2153 quam
728 2106 813 2142 haec
838 2109 963 2142 fiducia
990 2110 1089 2142 auxi-

104 2159 144 2191 lii
169 2157 296 2193 divini.
362 2157 498 2191 Deinde
522 2159 620 2191 nulla
646 2160 734 2192 ratio
768 2160 940 2193 efficacius
972 2167 1089 2194 movet

103 2209 242 2243 animos
258 2206 463 2251 hominum,
490 2216 529 2242 ut
552 2209 769 2252 magistratui
792 2218 954 2257 pareant,
982 2224 1086 2257 quam

103 2261 131 2294 si
149 2260 260 2294 sciant
278 2261 348 2294 Dei
364 2260 562 2293 ministrum
583 2271 674 2300 esse,
701 2267 733 2294 et
748 2264 987 2295 venerandum
1006 2274 1088 2303 esse,

101 2319 140 2345 ut
156 2312 241 2345 alias
262 2323 316 2344 res
340 2322 472 2351 sacras,
499 2318 532 2345 et
557 2309 648 2344 hanc
671 2311 906 2345 obedientiam
927 2326 998 2346 non
1023 2311 1087 2346 ho-

101 2362 274 2403 minibus,
309 2363 368 2396 sed
393 2361 467 2395 Deo
492 2363 672 2406 praestari.
733 2361 782 2396 Ut
805 2364 910 2396 sacris
933 2376 1087 2397 ceremo-

103 2413 172 2446 niis
195 2411 366 2447 honorem
398 2411 596 2455 habemus,
638 2413 720 2458 quia
751 2414 857 2446 verbo
886 2414 952 2447 Dei
982 2416 1086 2448 nobis

103 2465 366 2498 commendatae
389 2471 487 2506 sunt,
521 2471 555 2498 et
577 2471 667 2498 certa
690 2464 858 2498 beneficia
883 2465 952 2498 Dei
984 2467 1085 2499 nobis

100 2526 163 2559 per
178 2526 233 2548 eas
249 2513 474 2550 exhibentur:
506 2515 554 2549 ita
580 2515 798 2559 magistratui
821 2513 951 2550 habent
970 2514 1085 2550 hono-

101 2578 176 2599 rem
201 2566 277 2610 piae
298 2573 449 2607 mentes,
489 2567 570 2612 quia
599 2568 707 2600 verbo
732 2565 798 2600 Dei
820 2569 1085 2602 commendatus

101 2624 170 2658 est,
197 2623 230 2651 et
247 2625 438 2660 agnoscunt
458 2618 623 2651 beneficia
641 2618 729 2658 Dei,
757 2618 831 2660 ius,
860 2625 892 2652 et
911 2619 1083 2665 tranquil-

99 2667 233 2703 litatem
252 2680 314 2714 per
330 2668 411 2702 illos
427 2670 528 2703 nobis
544 2669 758 2713 contingere.

636 94 668 130 1.
696 92 1095 131 ANNOTATIONES
1124 91 1174 130 IN
1200 91 1357 130 EPIST.
1385 95 1532 133 PAULI
1560 98 1626 136 AD
1653 101 1915 145 ROMANOS.

2105 118 2178 151 486

1263 179 1342 238 ‘Ad
1375 179 1461 217 haec
1491 184 1695 230 intelligunt
1730 202 1802 224 non
1834 206 1935 237 posse
1959 193 2112 233 humana
2138 203 2172 235 vi

1182 239 1423 288 magistratum
1441 237 1619 280 opprimi,
1646 240 1726 284 quia
1743 243 1856 277 sciunt
1876 258 1954 280 eum
1979 260 1996 281 a
2016 249 2091 284 Deo
2110 253 2171 284 de-

1181 281 1288 337 fendi.
1342 283 1387 317 Et
1411 288 1493 329 quia
1521 300 1631 331 poena
1656 303 1717 324 seu
1742 294 1898 330 vindicta
1918 310 2007 342 opus
2023 299 2088 334 Dei
2108 310 2157 336 est

1180 329 1273 388 nihil
1301 333 1468 390 dubitant
1497 339 1583 381 quin
1610 342 1766 376 seditiosi
1792 358 1922 389 poenas
1946 351 2060 385 daturi
2087 331 2170 395 sint:

1178 390 1282 438 etiam
1310 395 1340 415 si
1366 396 1455 418 vires
1480 389 1696 429 magistratui
1722 396 1765 426 ad
1798 399 2018 438 puniendum
2048 404 2166 438 deesse

1177 433 1376 492 videantur.⁸
1448 436 1506 470 Ad
1536 440 1630 473 bunc
1661 446 1806 478 modum
1838 449 1899 482 alit
1932 455 2164 488 reverentiam

1176 494 1254 540 erga
1285 492 1510 528 magistratus
1545 497 1577 523 et
1609 491 1701 534 leges
1741 493 1824 530 haec
1858 497 1960 533 Pauli
1991 505 2162 542 doctriua.

1174 535 1271 576 Quid
1290 535 1406 568 simile
1423 538 1459 570 in
1478 538 1636 574 Platonis
1653 547 1830 587 republica
1852 549 2003 593 legitur?
2029 554 2162 590 Paulus

1171 587 1273 619 docet
1296 586 1387 630 leges
1407 594 1439 621 et
1463 591 1686 633 magistratus
1707 598 1967 634 ordinationem
1985 602 2049 637 Dei
2077 619 2160 643 esse.

1170 634 1272 694 Plato
1311 639 1455 673 damnat
1493 652 1710 684 praesentem
1752 649 1966 692 reipublicae
1999 655 2160 697 sormam,

1169 687 1267 729 fingit
1284 699 1412 722 novam
1430 691 1636 735 πολιτείαν,
1664 704 1696 730 et
1721 697 1812 732 nibil
1836 713 2086 745 congruentem
2115 711 2159 742 ad

1167 739 1315 771 rationis
1340 737 1516 775 humanae
1544 744 1736 788 iudicium,
1768 750 1854 785 dicit
1882 755 2039 790 convicia
2068 760 2158 792 reoi-

1166 789 1254 829 bus,
1280 798 1450 836 tanquam
1473 805 1603 828 scurra.
2105 784 2122 803 Ὀ

1204 914 1212 921 ·
1266 863 1314 899 Et
1333 873 1451 902 extant
1472 872 1696 914 quorundam
1722 874 1805 909 libri
1822 879 1943 924 scripti
1962 879 2016 916 his
2036 887 2156 929 proxi-

1164 927 1230 972 mis
1251 917 1372 974 annis,
1409 920 1471 952 ubi
1496 920 1582 954 falso
1607 923 1802 960 irridentur
1826 930 2019 976 principes,
2054 949 2156 982 saepe

1165 974 1267 999 etlam
1291 977 1382 1002 v1tae
1398 981 1508 1013 genus
1524 979 1678 1015 taxatur,
1706 983 1872 1023 tanquam
1893 995 2051 1027 pugnans
2074 1000 2153 1022 cum

1163 1015 1370 1061 Evangelio.
1423 1020 1468 1055 Et
1487 1030 1612 1057 natura
1633 1036 1822 1062 moventur
1840 1044 1961 1067 omnes
1980 1034 2140 1073 homines

1163 1080 1240 1100 cum
1260 1069 1344 1126 vitia
1365 1072 1566 1117 principum
1587 1077 1828 1119 considerant,
1857 1095 1935 1116 cum
1959 1068 2153 1130 regnorum²

1161 1127 1374 1155 mutationes
1391 1122 1586 1166 intuentur,
1609 1134 1645 1160 ut
1663 1131 1884 1172 suspicentur
1902 1132 2055 1172 humana
2075 1142 2151 1174 vio-

1160 1169 1266 1226 lentia
1284 1173 1358 1204 sine
1375 1175 1522 1207 consilio
1540 1176 1608 1208 Dei
1627 1178 1770 1221 imperia
1790 1190 1821 1216 et
1846 1187 2011 1221 constitui
2038 1197 2069 1224 et
2095 1204 2151 1225 re-

1160 1222 1278 1254 tineri.
1341 1222 1522 1258 Adversus
1546 1224 1750 1263 huiusmodi
1774 1237 1938 1269 scandala
1963 1251 2149 1284 opponen-

1158 1273 1224 1328 dus
1243 1279 1292 1305 est
1317 1270 1373 1306 hic
1391 1274 1492 1308 Pauli
1521 1277 1636 1319 locus,
1665 1288 1702 1314 ut
1721 1285 1925 1321 assuefaciat
1944 1301 2024 1331 nos,
2051 1300 2088 1327 ut
2106 1306 2148 1328 ex

1157 1333 1276 1355 auimo
1300 1325 1522 1366 magistratus
1551 1340 1758 1371 vereamur,
1794 1342 1827 1369 et
1856 1341 2146 1381 magnificiamus.

1156 1370 1203 1404 Et
1234 1375 1384 1417 optarim
1412 1373 1475 1409 hos
1508 1379 1568 1422 qui
1606 1382 1734 1416 docent
1757 1383 2016 1432 Evangelium,
2052 1392 2146 1430 hunc

1156 1422 1272 1456 locum
1303 1426 1491 1468 diligenter
1520 1436 1551 1462 et
1577 1433 1698 1466 sedulo
1724 1441 1871 1471 tractare
1899 1449 1929 1474 et
1958 1442 2134 1480 illustrare

1156 1473 1342 1507 Caeterum
1370 1480 1463 1521 quod
1490 1480 1643 1515 vindicta
1667 1485 1797 1518 alicubi
1832 1489 2041 1532 prohibetur
2108 1474 2145 1532 iil

1154 1531 1290 1558 tantum
1310 1527 1352 1559 de
1371 1529 1524 1563 vindicta
1552 1533 1685 1575 privata
1712 1536 1861 1582 intelligi
1887 1544 2000 1577 dehet.
2052 1523 2143 1582 lYam

1153 1573 1209 1608 hic
1232 1577 1360 1611 diserte
1384 1581 1607 1623 excipiuntur
1631 1587 1872 1630 magistratus,
1899 1593 2054 1630 vindicta
2079 1612 2141 1643 ap-

1151 1627 1304 1684 pellatur
1328 1629 1472 1671 divina,
1507 1645 1611 1677 quain
1640 1648 1801 1673 exercent
1825 1644 2065 1689 magistratus,
2102 1657 2140 1684 ut

1150 1689 1299 1761 scila‘mus
1344 1692 1424 1714 vere
1455 1695 1543 1727 opus
1576 1685 1642 1718 Dei
1676 1699 1748 1722 esse
1791 1693 2137 1735 administrationem

1150 1741 1192 1772 po
1213 1737 1343 1766 iticam.

1167 1855 1178 1860 ³
1249 1804 1313 1840 Est
1344 1814 1376 1841 et
1408 1808 1583 1854 emphasis
1609 1814 1645 1847 iu
1672 1828 1772 1850 voce:
1817 1818 2014 1859 Ordinatae
2043 1836 2137 1866 sunt.

1148 1855 1236 1889 barn
1255 1859 1433 1893 ordinatio
1450 1863 1621 1905 significat
1640 1867 1788 1901 sormam
1808 1871 1960 1918 imperii,
1991 1875 2056 1911 hoc
2073 1888 2121 1913 est

1147 1908 1256 1950 leges,
1282 1910 1431 1952 iudicia,
1469 1926 1614 1956 poenas,
1650 1926 1866 1956 contractus:
1902 1927 2049 1968 proinde
2072 1908 2135 1964 ad:

1147 1960 1271 2001 probat
1293 1972 1366 1993 non
1394 1969 1530 1997 tantum
1557 1968 1800 2012 magistratus,
1829 1975 1885 2007 sed
1910 1977 2000 2020 leges
2028 1981 2132 2016 etiam

1144 2016 1177 2042 et
1213 2017 1320 2043 totam
1349 2013 1499 2047 sormam
1533 2018 1763 2062 reipublicae,
1799 2026 1929 2061 scilicet
1957 2031 2131 2072 coniuoia,
2176 2025 2186 2035 η

1143 2072 1261 2118 rerum
1294 2063 1523 2105 divisionem,
1566 2078 1782 2112 contractus,
1824 2076 1966 2112 iudicia.
2034 2059 2130 2118 Ηῖιθε

1142 2124 1260 2145 omnla
1277 2115 1538 2158 complectitur,
1568 2128 1604 2154 ut
1626 2122 1775 2157 sciamus
1799 2138 1862 2160 nos
1888 2129 2049 2165 civilibus
2074 2147 2130 2168 re-

1142 2164 1206 2197 bus
1224 2164 1315 2197 bona
1337 2167 1549 2202 couscientia
1569 2172 1619 2204 uti
1640 2185 1757 2215 posse,
1784 2177 1871 2211 sicut
1889 2183 2059 2216 utendum
2077 2193 2127 2220 est

1142 2214 1258 2271 victu,
1294 2218 1440 2258 vestitu,
1476 2223 1573 2260 aere,
1610 2223 1695 2259 luce.
1753 2226 1874 2272 Neque
1899 2243 1982 2265 sane
2006 2235 2125 2270 minus

1141 2267 1182 2321 ad
1199 2275 1308 2322 'vllam
1328 2271 1548 2314 corporalem
1571 2273 1806 2310 existimemus
1826 2284 2033 2317 necessarias
2052 2299 2124 2321 esse

1140 2316 1260 2374 cxvxles
1288 2320 1552 2361 ordinationes,
1587 2324 1694 2367 leges,
1729 2335 1946 2374 contractus,
1980 2335 2109 2371 iudicia

1141 2376 1380 2424 magistratus,
1410 2384 1513 2415 quain
1533 2374 1643 2407 victus
1661 2383 1728 2418 est,
1757 2388 1817 2413 aut
1836 2384 1896 2415 aer
1914 2397 2016 2429 quern
2035 2366 2124 2423 hau:

1140 2430 1260 2454 rimus.
1314 2420 1432 2463 Quare
1457 2435 1527 2456 non
1553 2437 1628 2457 cum
1650 2428 1926 2475 magistratibus,
1960 2439 2018 2470 sed
2043 2451 2122 2473 cum

1139 2476 1209 2502 tota
1232 2478 1355 2504 natura
1382 2470 1536 2507 humana
1564 2477 1697 2510 bellum
1721 2491 1847 2522 gerunt
1870 2486 2123 2532 Anahaptistae

1138 2527 1170 2553 et
1192 2521 1271 2561 alii,
1300 2524 1360 2567 qui
1387 2525 1543 2567 publicas
1568 2526 1659 2569 leges
1685 2530 1905 2579 vituperant,
1933 2539 1992 2582 qui
2019 2542 2119 2573 dam-

1138 2579 1223 2604 nant
1248 2574 1395 2611 iudicia,
1439 2576 1499 2619 qui
1532 2579 1710 2613 somniant
1737 2584 1916 2627 pietatem,
1958 2596 1989 2622 et
2015 2604 2119 2635 quam

1138 2623 1291 2665 proclive
1316 2624 1359 2657 sit
1379 2622 1436 2657 hic
1463 2638 1589 2662 errare.
1653 2630 1773 2674 Quare
1795 2637 1879 2669 duxi
1905 2645 2121 2677 monendum

1137 2684 1209 2706 esse
1229 2674 1412 2716 lectorem,
1438 2684 1476 2709 ut
1501 2675 1566 2712 hoc
1592 2680 1668 2715 loco
1695 2686 1830 2721 muniat
1852 2697 1969 2732 pectus
1995 2694 2119 2727 adver-

1434 2726 1514 2762 51*
