2415 2942
262 140 333 176 251

266 226 399 261 Mansit
415 232 530 258 autem
546 219 708 255 Christus
732 224 809 262 post
835 216 957 249 nuncii
982 217 1171 249 adventum
1194 215 1250 249 bi-

265 279 357 311 duo.
398 283 430 308 et
462 279 735 307 consentaneum
764 274 830 307 est,
866 267 1069 311 priusquam
1100 267 1251 300 nuncius
1276 283 1277 298 t

265 328 416 361 venisset
440 325 483 357 ad
501 320 700 360 Christum,
735 318 906 351 Lazarum
932 318 1000 350 iam
1027 318 1132 351 fuisse
1157 330 1252 351 mor-

267 387 378 412 tuum.
439 373 548 406 Venit
578 383 659 413 ergo
687 368 850 404 Christus
876 375 1000 412 quarto
1037 376 1098 402 aut
1127 369 1252 414 quinto

267 430 323 461 die
344 428 380 459 iu
397 426 512 458 vicum
532 420 755 459 Bethaniam,
783 432 861 453 cum
879 418 1031 452 Lazarus
1049 427 1128 453 ante
1145 432 1251 464 quar-

267 487 341 512 tum
379 477 471 509 diem
502 473 658 517 sepultus
688 479 785 505 esset.

267 527 449 563 Christum
476 525 618 558 iuterim
645 523 752 555 variis
777 522 1068 565 cogitationibus,
1104 530 1137 556 et
1159 522 1255 554 auxit

268 578 536 612 admirationem
555 575 635 608 sacti
648 601 656 615 ,
684 574 772 607 sicut
790 574 862 617 ipse
882 580 994 606 textus
1011 573 1194 615 significat.

392 656 580 707 [Vunquid
594 655 781 691 duodecim
800 661 885 689 sunl
906 652 1020 689 horae
1037 653 1137 689 diei?

372 730 465 762 Ante
487 728 553 760 iter
577 723 733 764 Christi,
778 731 811 757 et
844 731 924 757 ante
955 723 1255 756 resuscitationem

268 781 410 819 Lazari,
449 778 605 812 narratio
633 777 735 818 longa
766 782 816 807 est
841 775 877 806 iu
904 781 1016 810 textu,
1060 775 1102 806 de
1132 773 1256 805 morbo
1282 787 1284 793 ·

268 832 411 871 Lazari,
438 831 480 863 de
499 828 628 861 nuncio
647 827 688 859 ad
705 824 884 859 Christum
910 825 1032 863 misso,
1065 825 1109 856 de
1124 820 1256 856 Christi

271 882 448 927 colloquio
473 892 551 913 cum
571 877 769 921 Apostolis‚
808 875 867 920 qui
892 875 940 907 eis
965 882 1045 907 aute
1070 874 1257 918 profectio-

270 946 370 972 nem,
411 943 489 965 cum
524 941 627 962 nemo
660 927 876 965 nunciasset,
919 925 1061 968 exponit
1086 924 1256 958 Lazarum

271 996 343 1017 esse
361 989 552 1015 mortuum.
606 979 701 1012 Haec
728 984 798 1010 tota
826 976 1044 1020 praeparatio
1074 983 1106 1008 et
1131 983 1215 1009 tuuc
1240 987 1257 1008 a

271 1032 414 1069 Christo
430 1033 475 1065 ita
493 1032 581 1064 sacta
605 1037 672 1067 est,
701 1035 738 1061 ut
756 1027 919 1070 Apostoli
942 1027 1147 1069 diligentius
1172 1038 1258 1058 cou-

273 1086 471 1119 siderarent
509 1079 599 1114 hanc
637 1078 954 1113 resuscitationem:
1007 1085 1039 1110 et
1072 1077 1199 1110 deinde
1223 1077 1260 1109 in

272 1143 367 1170 textu
394 1135 473 1167 ideo
501 1131 673 1175 descripta
698 1136 765 1167 est,
799 1137 838 1163 ut
863 1130 1054 1162 excitemur
1077 1129 1118 1160 ad
1145 1135 1260 1161 tantae
1286 1146 1288 1156 ι

272 1188 322 1221 rei
361 1183 689 1219 considerationem.
758 1180 828 1214 Tot
861 1181 997 1213 dierum
1034 1179 1258 1212 intervallum

272 1238 339 1272 suit
381 1243 460 1280 post
499 1241 645 1266 mortem
689 1239 722 1265 et
754 1238 832 1275 post
869 1231 1084 1273 sepulturam
1130 1230 1261 1263 Lazari.

273 1287 465 1323 Constabat
482 1285 588 1328 igitur
607 1296 684 1316 vere
701 1290 878 1315 mortuum
897 1294 979 1316 esse.
1042 1279 1118 1314 Etsi
1146 1289 1260 1314 autern

273 1340 386 1383 reipsa
413 1350 485 1370 uon
510 1336 647 1368 minora
672 1335 760 1367 facta
779 1341 861 1366 sunt
879 1333 966 1365 aliae
984 1332 1264 1365 resuscitationes

275 1397 517 1427 mortuorum,
543 1393 660 1419 tamen
676 1383 760 1417 haec
778 1384 886 1426 magis
906 1383 1015 1416 mox-it
1039 1383 1173 1415 animos
1197 1381 1262 1415 ho-

275 1442 432 1477 minum,
474 1438 562 1470 sicut
591 1434 675 1469 baec
699 1436 771 1479 ipsa
799 1432 944 1467 historia
972 1434 1122 1472 iudicat,
1154 1433 1264 1475 magis

276 1496 520 1526 consternatos
547 1488 653 1520 suisse
678 1486 858 1530 pontifices
898 1484 1130 1517 admiratione
1159 1482 1265 1516 huius

276 1543 357 1576 facti
373 1569 380 1582 ‚
409 1552 513 1585 quam
538 1539 700 1571 aliorum.
755 1536 847 1578 Quia
869 1548 949 1567 mox
965 1533 1115 1568 liabetur
1132 1535 1265 1567 delibe-

278 1594 369 1627 ratio
401 1593 443 1624 de
475 1602 558 1622 nece
581 1587 723 1621 Clu-isti.
793 1586 961 1619 Metuuut
999 1586 1092 1619 enim
1124 1593 1267 1629 propter

279 1642 558 1687 magnitudinem
576 1640 656 1672 sacti
681 1638 910 1671 desectionem
934 1637 1056 1681 populi
1079 1638 1119 1668 ad
1141 1637 1267 1683 ipsum,

281 1708 369 1740 quae
388 1694 414 1726 si
438 1693 549 1730 fieret,
577 1690 728 1733 opprimi
745 1701 816 1721 sese
835 1702 851 1720 a
869 1688 1019 1731 populo,
1047 1694 1076 1720 et
1097 1700 1135 1719 ex
1152 1687 1267 1729 digni·
1294 1706 1295 1714 η

280 1746 412 1780 tatibus
429 1751 462 1776 et
481 1743 607 1786 opibus
627 1741 738 1773 excuti
755 1740 965 1773 metuebant.
994 1737 1088 1771 Haec
1108 1739 1149 1770 de
1169 1750 1269 1782 prae-

282 1796 464 1842 paratione
482 1794 562 1826 satis
581 1793 624 1825 sit
643 1792 832 1825 monuisse.

388 1846 493 1889 Quod
519 1845 567 1877 ait
590 1842 775 1875 duodecim
801 1841 904 1874 horas
931 1841 1000 1873 diei
1027 1852 1117 1881 esse,
1160 1840 1271 1873 sciant

286 1897 434 1932 studiosi
452 1897 537 1928 alias
554 1906 624 1927 esse
643 1892 746 1925 boras
762 1893 941 1937 aequales,
970 1899 1004 1924 ut
1026 1899 1163 1924 nostrae
1180 1898 1272 1931 suut,

286 1962 364 1982 cum
382 1947 544 1979 videlicet
563 1945 637 1977 dies
660 1945 831 1976 naturalis
848 1944 884 1975 iu
903 1944 1025 1985 viginti
1045 1950 1196 1987 quatuor
1216 1955 1271 1974 ae-

286 2000 406 2045 quales
421 1996 524 2031 horas
547 1995 736 2031 dividitur,
771 1995 964 2027 secundum
990 1992 1079 2026 banc
1101 1994 1271 2026 rationem

288 2052 406 2095 plures
429 2055 509 2081 sunt
534 2045 641 2079 horae
667 2046 737 2078 diei
761 2045 950 2077 artificialis
979 2046 1014 2077 in
1041 2045 1189 2077 solstitio
1217 2056 1273 2076 ae-

288 2102 399 2140 stivo,
426 2111 530 2144 quam
547 2098 584 2129 in
612 2098 747 2129 bruma.

289 2164 385 2186 nunc
402 2151 526 2183 usitata
546 2148 628 2181 satis
645 2154 726 2180 nota
744 2147 923 2179 omnibus.
976 2147 1077 2179 Aliae
1095 2147 1274 2189 quondam

291 2204 327 2236 iu
345 2214 410 2235 usu
427 2202 571 2234 fuerunt
593 2197 793 2242 inaequales
812 2195 917 2229 horae
931 2224 940 2236 ,
965 2208 1049 2241 quas
1069 2195 1195 2229 Graeci
1214 2209 1276 2228 vo-

292 2260 415 2287 carunt
432 2247 617 2296 καιρικὰς,
647 2260 794 2293 quarum
823 2254 895 2280 toto
922 2260 1014 2279 anno
1037 2248 1180 2280 cuilibet
1205 2247 1276 2279 diei
1302 2251 1304 2284 1,

293 2303 484 2343 artificiali,
512 2314 571 2334 seu
591 2302 716 2343 longo,
742 2310 801 2331 seu
818 2298 935 2337 brevi,
964 2298 1149 2331 duodecim
1177 2298 1277 2330 attri-

295 2357 460 2388 buerunt.
513 2351 672 2385 Fuerunt
689 2344 795 2391 igitur
811 2350 959 2382 diurnae
977 2347 1085 2381 horae
1104 2349 1191 2381 circa
1208 2349 1278 2381 sol-

295 2406 428 2439 stitium
445 2404 612 2435 aestivum
631 2402 824 2441 longiores,
867 2412 971 2444 quam
998 2400 1086 2431 circa
1106 2400 1278 2433 brumam.
1304 2406 1305 2409 ’

395 2452 471 2487 Etsi
489 2460 605 2485 autem
623 2452 753 2495 ignaris
773 2450 992 2495 antiquitatis
1019 2448 1102 2483 haec
1126 2450 1281 2482 dissimi-
1305 2472 1307 2490 3

296 2507 411 2541 titudo
428 2505 568 2536 videtur
583 2504 746 2542 absurda,
773 2509 889 2535 tamen
906 2502 1010 2534 fuisse
1028 2499 1117 2534 hanc
1135 2513 1281 2533 consue·
1306 2534 1307 2537 ,

297 2557 458 2591 tudinem
477 2560 608 2587 certum
626 2561 684 2586 est.
723 2551 769 2586 Et
787 2564 986 2597 quanquam
1006 2559 1141 2596 tempus
1159 2551 1281 2584 Lazari

299 2606 492 2642 resuscitati
512 2605 661 2637 incurrit
679 2604 715 2636 in
733 2604 995 2648 aequinoctium
1016 2615 1184 2643 vernum,
1212 2615 1281 2647 quo

300 2660 374 2691 dies
414 2656 604 2690 artificialis
639 2654 770 2699 ubique
802 2661 851 2686 est
885 2652 1051 2687 horarum
1084 2654 1309 2699 aequalium.

300 2709 506 2748 duodecim,
554 2704 715 2740 Christus
739 2706 781 2738 de
806 2705 997 2738 universali
1030 2705 1282 2739 consuetudine

847 131 972 166 PHlL.
1000 129 1117 166 MEL.
1147 128 1355 165 SCRIPTA
1381 129 1679 165 EXEGETICA.

846 469 940 503 Ilaec
973 483 1069 503 mora
1102 471 1255 504 exercuit

802 2094 934 2140 Estque
956 2094 1040 2128 baec
1059 2096 1273 2127 consuetudo
1300 2115 1301 2129 ;

2207 128 2281 166 252

1274 213 1278 245 l
1302 217 1477 261 loquitur,
1504 228 1593 261 quae
1611 222 1685 249 toto
1710 227 1803 249 anno
1828 217 2008 250 dividebat
2032 216 2189 258 singulos
2212 217 2286 248 dies

1276 263 1277 267 ¹
1303 268 1497 301 artificiales
1528 268 1564 300 in
1592 267 1777 300 duodecim
1805 264 1908 300 horas
1936 265 2122 312 καιρικὰς,
2157 273 2195 299 ut
2219 266 2287 310 ipsi

1304 319 1486 352 vocabant.
1529 316 1691 352 Christus
1708 324 1822 351 autem
1839 318 2021 360 allegorice
2037 319 2118 352 citat
2137 318 2286 350 dictum:

1276 361 1280 420 l
1305 370 1501 403 Duodecim
1519 375 1600 402 sunt
1617 367 1724 402 borae
1738 368 1820 406 diei,
1847 369 2045 411 significans
2062 375 2194 402 certum
2212 368 2289 401 cui·

1277 422 1280 463 1
1305 433 1372 465 que
1388 422 1508 454 datum
1526 431 1599 453 esse
1615 419 1832 453 curriculum
1844 443 1852 457 ,
1880 430 1943 453 seu
1961 420 2110 463 spatium
2129 431 2209 452 suae
2226 431 2289 452 vo-

1279 482 1282 536 1
1306 471 1471 511 cationis,
1497 470 1589 505 intra
1607 471 1700 516 quod
1727 481 1864 503 necesse
1888 470 1932 503 sit
1958 482 2037 503 eum
2060 470 2206 514 obsequi
2227 482 2291 502 vo-

1280 539 1282 559 2
1307 522 1436 555 cationi
1454 534 1555 565 suae,
1582 522 1672 554 sicut
1687 521 1771 554 alias
1788 521 1920 566 inquit:
1956 520 2093 555 Sufficit
2109 521 2180 554 dici
2201 520 2292 553 affli-

1308 573 1374 606 ctio
1392 584 1471 611 sua,
1499 573 1535 605 id
1559 578 1627 612 est,
1661 572 1857 616 praesentia
1882 572 1974 605 iuxta
1997 572 2217 605 vocationem
2240 571 2294 604 fa-

1308 624 1456 662 ciamus,
1484 630 1517 656 et
1536 623 1768 666 perferamus,
1796 635 1868 655 non
1887 622 2090 656 omittamus
2112 623 2295 655 mandatas

1283 702 1284 715 ἦ
1308 686 1429 718 operas
1445 686 1507 719 per
1524 673 1717 717 ignaviam,
1746 685 1808 706 nec
1833 685 2047 707 accersamus
2072 673 2175 706 nobis
2199 673 2296 713 alias,

1282 717 1284 767 l
1309 726 1434 759 usitata
1453 724 1604 768 ingeniis
1628 724 1794 769 inquietis
1818 731 1851 757 et
1868 725 2013 757 curiosis
2031 726 2296 770 πολυπραγμο-

1281 770 1284 784 ’
1309 773 1421 820 σύνῃ,
1449 776 1496 808 sic
1516 776 1587 818 ipse
1605 775 1856 819 interpretatur
1873 786 1973 808 suum
1992 775 2125 808 dictum
2142 786 2295 819 sequen-

1283 843 1285 849 *
1309 827 1401 860 tibus
1420 826 1546 861 verbis.

1282 894 1285 935 1

1284 934 1301 970 Ἢ
1411 910 1447 945 Si
1467 912 1544 956 quis
1562 912 1720 945 ambulat
1735 911 1771 944 iu
1789 912 1863 953 die,
1899 924 1970 945 non
1997 912 2172 955 impingit.
2226 909 2297 944 Sua

1284 1000 1286 1014 ‹
1310 963 1435 1007 cuique
1452 963 1525 995 dies
1542 969 1610 1003 est,
1637 974 1697 995 sua
1716 963 1871 1003 vocatio,
1899 964 1935 995 iu
1961 961 2024 995 hac
2048 963 2145 995 iubet
2171 962 2298 994 ambu-

1285 1019 1287 1056 ᾖ
1310 1014 1401 1051 lare,
1428 1019 1462 1046 et
1477 1010 1559 1046 huic
1578 1014 1823 1057 obtemperans
1839 1021 1929 1046 recte
1956 1014 2056 1053 facit,
2097 1013 2170 1045 sive
2192 1024 2299 1044 even-

1286 1082 1287 1126 1
1311 1072 1364 1098 tus
1381 1063 1450 1096 sint
1467 1064 1606 1106 placidi,
1632 1064 1704 1096 sive
1722 1065 1850 1097 tristes.
1903 1063 2103 1097 Hortamur
2117 1061 2297 1097 Christum

1313 1114 1475 1158 Apostoli
1491 1141 1499 1152 ,
1531 1126 1575 1146 ne
1591 1115 1711 1147 redeat
1728 1114 1977 1159 lerosolymam
1997 1122 2140 1158 propter
2162 1114 2300 1158 pericu-

1287 1190 1289 1214 „
1313 1166 1398 1199 lum.
1451 1164 1510 1198 Sic
1527 1162 1689 1197 homines
1707 1165 1906 1209 saepissime
1922 1166 2088 1199 omittunt
2107 1165 2301 1197 vocationis

1314 1215 1425 1248 officia
1449 1223 1592 1258 propter
1617 1223 1766 1248 terrores
1791 1222 1822 1248 et
1848 1216 2013 1259 pericula.
2075 1214 2121 1249 At
2140 1213 2300 1248 Christus

1316 1267 1410 1299 iubet
1435 1278 1498 1298 nos
1524 1268 1730 1299 mandatum
1760 1267 1802 1298 de
1828 1267 2010 1299 vocatione
2039 1266 2226 1310 respicere,
2270 1273 2304 1299 et

1316 1318 1426 1350 exitus
1443 1317 1516 1350 Deo
1541 1318 1805 1355 commendare,
1841 1318 1929 1350 sieut
1959 1329 2059 1360 saepe
2089 1317 2302 1361 praecipitur

1316 1369 1401 1401 alias
1422 1367 1511 1401 Psal.
1525 1368 1599 1402 36.:
1630 1366 1780 1410 Expecta
1797 1368 1995 1407 domiuum⁷
2023 1375 2055 1400 et
2071 1367 2208 1400 custodi
2228 1367 2301 1399 vias

1290 1431 1291 1445 ¹
1316 1420 1401 1451 eius.
1456 1416 1560 1450 Item:
1600 1417 1772 1450 Subditus
1791 1424 1861 1450 esto
1883 1417 2054 1459 Domino,
2082 1430 2140 1450 ora
2158 1425 2190 1451 et
2214 1430 2304 1452 eum.

1290 1471 1292 1512 ἒ,
1317 1469 1361 1502 Et
1385 1467 1502 1500 Moses
1528 1469 1645 1512 inquit
1669 1466 1780 1502 Exod.
1807 1471 1880 1502 14.:
1932 1468 2048 1508 State,
2082 1476 2112 1501 et
2141 1468 2305 1501 videbitis

1319 1519 1499 1561 magnifica
1519 1531 1624 1562 opera
1645 1518 1803 1559 Domini,
1830 1520 1908 1551 ideo
1923 1517 1980 1551 bie
1998 1520 2142 1552 dicitur:
2172 1519 2305 1564 Siquis

1319 1570 1476 1603 ambulat
1495 1570 1529 1602 in
1548 1569 1621 1609 die,
1649 1582 1720 1602 non
1741 1570 1914 1613 impingit,
1942 1572 1975 1602 id
1995 1577 2055 1609 est,
2083 1571 2110 1603 si
2130 1571 2209 1612 quis
2225 1582 2306 1603 suae

1321 1620 1494 1653 x‘ocatioui
1514 1621 1681 1659 inseruit,
1710 1621 1745 1652 in
1762 1621 1828 1653 side
1845 1627 1872 1652 et
1893 1620 2202 1657 invocatioueDei,
2233 1621 2306 1668 pla-
2351 1646 2354 1647 γ

1321 1679 1372 1705 cet
1400 1670 1491 1711 Deo,
1537 1678 1567 1703 et
1591 1672 1634 1703 ab
1665 1683 1704 1702 eo
1730 1672 1955 1703 adiuvabitur
1984 1673 2021 1703 iu
2055 1672 2236 1714 periculis,
2277 1678 2309 1704 et

1294 1726 1295 1758 ᾖ
1322 1734 1520 1767 quanquam
1539 1721 1755 1754 exercebitur
1771 1722 1947 1766 aliquibus
1965 1721 2157 1762 aerumnis,
2191 1728 2308 1754 tamen

1324 1774 1439 1805 vincet
1469 1774 1628 1813 tandem,
1680 1779 1713 1804 et
1744 1773 1816 1805 eius
1847 1773 2026 1812 doctrina,
2075 1773 2241 1812 consilia,
2278 1779 2311 1805 et

1323 1825 1477 1857 actiones
1519 1831 1622 1856 erunt
1671 1823 1839 1856 salutares
1875 1823 2050 1856 Ecclesiae
2093 1830 2126 1857 et
2168 1823 2312 1867 potitiis.

1296 1902 1297 1921 χ
1325 1874 1477 1908 Ecoutra
1496 1887 1567 1907 non
1589 1875 1809 1922 praelucente
1825 1873 1918 1914 Deo,
1956 1875 1989 1906 id
2010 1881 2076 1913 est,
2112 1875 2186 1906 sine
2209 1886 2311 1907 voca-

1325 1927 1422 1959 tione
1450 1933 1481 1958 et
1508 1926 1583 1957 sine
1610 1925 1696 1965 fide,
1733 1937 1875 1969 prorsus
1899 1933 1948 1958 est
1972 1925 2007 1957 in
2027 1937 2123 1957 caeca
2140 1932 2241 1958 nocte
2257 1937 2312 1957 er-

1298 1990 1299 1993 *
1327 1989 1422 2016 rare,
1450 1983 1482 2009 et
1499 1988 1571 2008 non
1588 1977 1693 2008 modo
1711 1988 1780 2007 non
1802 1976 1985 2018 proficere,
2019 1976 2078 2008 sed
2104 1976 2208 2009 etiam
2234 1988 2311 2018 pas-

1298 2017 1299 2026 *
1326 2029 1390 2060 sim
1410 2027 1501 2061 labi,
1529 2035 1560 2059 et
1579 2038 1650 2059 sese
1667 2034 1697 2058 et
1716 2027 1802 2059 alios
1822 2028 1982 2070 perdere,
2009 2033 2049 2060 ut
2064 2027 2209 2059 consilia
2228 2026 2312 2061 Cas-

1298 2077 1301 2099 '=
1327 2078 1388 2117 sii,
1425 2084 1458 2110 et
1481 2076 1602 2117 Bruti,
1644 2077 1686 2109 de
1714 2077 1806 2110 Iulio
1846 2077 2105 2118 interficiendo,
2147 2078 2313 2111 tenebrae

1327 2135 1442 2169 erant,
1483 2128 1638 2160 exitiales
1660 2129 1743 2171 ipsis
1767 2136 1799 2161 et
1825 2128 1888 2160 toti
1912 2127 2153 2172 Reipublicae.
2220 2127 2314 2170 Quia

1327 2192 1390 2212 nec
1406 2179 1588 2212 vocationi
1609 2180 1868 2222 congruebant,
1897 2192 1959 2212 nec
1978 2179 2258 2223 suscipiebantur
2277 2180 2313 2211 in

1329 2230 1508 2273 agnitione
1526 2237 1559 2263 et
1578 2230 1800 2263 invocatione
1816 2229 1892 2264 Dei.
1947 2229 2046 2263 Talia
2071 2237 2170 2263 erant
2195 2235 2313 2274 postea

1330 2290 1361 2315 et
1379 2280 1526 2314 Antonii
1545 2281 1710 2322 consilia,
1736 2281 1930 2325 appetentis
1955 2278 2208 2314 monarchiam.
2260 2280 2313 2313 De

1304 2353 1305 2356 =
1330 2330 1384 2365 bis
1403 2332 1532 2365 dicitur
1545 2331 1625 2365 Esa.
1642 2332 1718 2367 59‚:
1764 2331 1914 2365 Vastitas
1937 2338 1969 2364 et
1994 2332 2160 2364 contritio
2187 2330 2232 2364 in·
2248 2332 2313 2364 viis

1333 2396 1472 2422 eorum,
1509 2384 1545 2415 id
1571 2390 1637 2422 est,
1678 2395 1798 2416 eorum
1830 2383 1974 2416 consilia
2008 2389 2090 2416 sunt
2120 2383 2315 2426 perniciosa

1333 2435 1416 2478 ipsis
1435 2441 1468 2467 et
1484 2433 1727 2482 Reipublicae.
1789 2432 1907 2475 Quare
1928 2431 2084 2466 humana
2109 2433 2255 2466 consilia
2282 2441 2315 2467 et

1333 2485 1564 2518 ambitionem
1583 2485 1751 2525 vitemus,
1779 2491 1812 2517 et
1835 2496 1899 2517 nos
1922 2485 1959 2516 in
1983 2484 2109 2517 timore
2131 2484 2199 2517 Dei
2223 2484 2316 2518 intra

1333 2536 1525 2569 vocationis
1557 2542 1664 2569 metas
1696 2535 1954 2573 contineamus,
2000 2541 2034 2568 et
2055 2542 2215 2568 nostrum
2239 2536 2319 2568 offi-

1334 2587 1426 2619 cium
1443 2587 1631 2627 faciamus,
1658 2598 1697 2619 ac
1721 2593 1878 2629 petamus
1897 2586 2067 2619 auxilium
2093 2593 2125 2619 et
2142 2597 2318 2619 successus

1333 2649 1351 2670 a
1367 2636 1454 2673 Deo.
1508 2636 1600 2680 Quia
1621 2649 1722 2670 nemo
1744 2644 1857 2681 potest
1875 2636 1941 2671 sihi
1963 2637 2148 2682 quicquam
2173 2649 2318 2678 sumere,

1336 2688 1404 2722 nisi
1422 2689 1466 2722 sit
1483 2689 1514 2722 ei
1531 2689 1650 2723 datum
1666 2700 1683 2721 e
1700 2688 1808 2723 coelo.
