2415 2942
78 94 151 129 729
255 90 356 127 Xlll.

84 179 244 212 videlicet
269 177 336 216 ita,
368 182 406 208 ut
428 175 538 219 aliqui
566 172 826 217 desperabundi
843 171 1007 204 deficiant
1022 170 1066 202 ab

84 228 297 272 Evangelio,
323 234 356 260 et
373 226 532 259 amittant
553 224 724 268 Spiritum
749 229 919 256 sanctum.
972 219 1068 252 Haec

84 280 247 314 scandala
265 289 391 321 magno
409 278 526 310 studio
545 276 698 308 cavenda
715 280 813 313 sunt,
840 273 935 305 iuxta
960 271 1066 303 illud:

87 330 159 365 Vae
178 328 334 370 homini,
362 340 422 372 per
437 339 540 372 quem
559 325 685 359 accidit
700 323 916 357 scandalum.

285 410 521 458 Vituperelur
546 408 679 443 bonum
706 411 869 440 vestrum.

189 481 309 514 Tertia
326 479 416 514 ratio
442 491 459 511 a
477 477 646 518 dignitate
663 474 852 517 Evangelii
875 480 987 507 sumta
1008 480 1069 506 est.

87 533 293 568 Cavendum
309 537 379 568 est,
409 541 451 562 ne
475 528 564 560 mate
589 527 708 559 audiat
725 524 971 568 Evangelium,
999 525 1070 557 lae-

88 585 183 618 ditur
198 583 291 616 enim
316 580 425 624 gloria
442 578 529 621 Dei,
558 590 635 610 cum
659 577 733 609 eius
759 578 904 609 verbum
933 576 1070 619 vitupe-

89 642 207 675 ratur,
245 639 279 666 et
303 630 493 674 impeditur
524 628 700 672 protectus
724 625 920 660 hominum.
989 627 1070 659 Non

90 685 184 718 enim
225 683 484 727 amplectuntur
512 676 673 711 homines
707 678 925 719 doctrinam,
966 689 1069 721 quam

89 740 337 775 contemnunt,
373 743 411 764 ac
441 731 535 763 rixae
565 741 638 762 non
673 729 887 762 necessariae
917 728 1072 761 alienant

89 787 225 820 animos
243 782 484 827 imperitorum
509 787 541 813 et
566 780 781 824 simplicium
807 780 851 813 ab
867 779 1071 821 Evangelio,

90 837 150 882 qui
177 835 352 882 incipiunt
380 832 494 865 odisse
527 843 636 874 genus
669 831 869 870 doctrinae,
903 837 1070 874 tanquam

89 886 313 920 seminarium
334 883 510 916 odiorum.

89 948 178 982 quae
193 935 346 968 alienant
372 935 519 966 animos.
555 934 752 966 Abutentes
770 933 929 966 libertate
947 938 1074 973 augent

90 987 268 1020 licentiam
294 985 399 1027 vulgi.
463 982 617 1017 Econtra
643 984 772 1016 morosi
807 986 983 1016 deterrent
1008 983 1074 1014 im-

89 1037 230 1072 becilles
253 1035 441 1068 virulentia
474 1035 686 1067 iudiciorum
711 1046 855 1067 suorum
879 1042 943 1069 etc.

90 1088 299 1122 offensiones
337 1087 537 1118 animorum
587 1086 684 1118 iubet
721 1085 909 1128 diligenter
947 1084 1073 1121 caveri,

90 1146 231 1183 propter
260 1137 408 1180 gloriam
432 1135 640 1179 Evangelii,
670 1142 708 1169 ut
732 1136 929 1170 doctrinam
955 1136 1074 1180 plures

86 1197 204 1223 ament
220 1196 252 1222 et
269 1189 537 1232 amplectantur.

273 1270 361 1307 lVon
379 1271 472 1305 enim
495 1277 547 1306 est
570 1283 720 1317 regnum
736 1269 814 1305 Dei
829 1275 889 1308 etc.

192 1341 327 1384 Quarta
351 1340 440 1373 ratio
464 1348 576 1373 sumta
602 1347 653 1372 est
678 1352 718 1372 ex
744 1341 932 1373 collatione
955 1353 1072 1374 neces-

87 1394 259 1428 sariorum
286 1398 319 1425 et
348 1402 418 1423 non
446 1390 740 1430 necessariorum,
767 1399 801 1424 et
827 1399 876 1425 est
908 1393 994 1425 utile
1017 1393 1071 1425 di-

90 1453 183 1479 ctum
199 1444 242 1476 de
258 1442 459 1475 discrimine
477 1454 640 1474 verorum
660 1449 692 1475 et
709 1442 876 1475 falsorum
903 1446 1072 1478 cultuum.

88 1494 287 1529 Necessaria
305 1505 377 1525 non
395 1499 475 1525 sunt
496 1494 752 1535 corrumpenda
772 1505 842 1526 non
860 1495 1071 1528 necessariis.

88 1546 194 1581 Ritus
217 1540 415 1589 ἀδιάφοροι
439 1555 510 1575 non
535 1550 618 1576 sunt
644 1545 849 1584 necessarii,
884 1557 963 1589 ergo
990 1558 1073 1589 pro-

89 1604 166 1640 pter
189 1606 246 1628 eos
274 1606 346 1626 non
378 1601 651 1637 corrumpantur
686 1596 899 1639 necessaria,
941 1596 1074 1630 scilicet

90 1648 173 1679 fides
189 1653 220 1678 et
240 1656 303 1688 pax
319 1643 511 1682 Ecclesiae,
539 1644 732 1676 aedificatio
750 1646 911 1687 proximi,

192 1695 302 1728 Porro
321 1705 420 1738 saepe
437 1694 521 1726 alias
545 1695 644 1726 docet
664 1695 851 1738 scriptura,
880 1709 978 1729 veros
999 1697 1073 1729 cnl-

92 1757 145 1780 tns
173 1746 238 1778 Dei
273 1757 343 1778 esse
376 1746 647 1788 poenitentiam,
690 1746 810 1785 fidem,
837 1747 1074 1787 dilectionem,

91 1799 302 1836 castitatem,
344 1804 376 1829 et
412 1795 541 1828 similes
581 1803 694 1827 motus
733 1797 949 1839 spirituales,
986 1800 1100 1831 sicut*

90 1849 178 1882 lianc
196 1848 307 1894 ipsam
328 1846 537 1879 sententiam
555 1847 798 1889 complectitur
822 1849 905 1882 alibi
927 1849 1073 1883 Paulus:

94 1902 131 1933 ln
164 1897 306 1932 Christo
343 1897 419 1929 lesu
453 1908 566 1941 neque
604 1897 822 1931 circumcisio
859 1900 970 1938 valet,
1011 1908 1099 1934 nec?

92 1950 338 1996 praeputium,
364 1949 422 1980 sed
451 1948 552 1987 fides,
587 1960 675 1992 quae
693 1956 742 1982 est
769 1962 830 1993 per
847 1951 1072 1984 dilectionem
1098 1968 1099 1990 ς

276 1998 380 2032 Item:
410 1997 621 2031 Adorabunt
648 2007 779 2042 patrem
806 2001 842 2034 in
862 2002 989 2045 spiritu
1011 2009 1073 2036 etc.
1098 1997 1099 2036 i

93 2002 222 2036 efficax.

92 2053 244 2086 Econtra
260 2061 343 2082 vero
360 2052 402 2081 de
417 2050 667 2082 traditionibus
684 2048 847 2085 humanis
863 2054 965 2087 dicit:
982 2053 1072 2087 Fru-
1097 2060 1099 2070 '

93 2112 162 2137 stra
186 2101 308 2133 colunt
327 2113 380 2132 me
397 2100 572 2132 mandatis
591 2098 787 2136 hominum.

191 2151 286 2184 Haec
312 2151 471 2183 doctrina
505 2162 715 2195 magnopere
739 2153 930 2186 necessaria
955 2160 1004 2186 est
1034 2154 1070 2186 in
1096 2178 1098 2187 .

96 2203 273 2242 tit-etesiis,
299 2208 338 2234 ut
355 2201 501 2234 sciamus
521 2213 624 2243 opera
649 2203 724 2234 sine
748 2206 914 2237 mandato
932 2204 994 2237 Dei
1014 2217 1072 2237 ex-
1096 2192 1098 2201 ἱ

93 2255 239 2297 cogitata
269 2264 340 2284 non
373 2263 445 2284 esse
480 2252 595 2284 cultus
622 2251 697 2287 Dei.
758 2253 827 2287 Sed
863 2263 1071 2288 revocentur

91 2305 199 2338 animi
225 2305 265 2336 ad
290 2315 394 2347 opera
420 2302 589 2336 divinitus
616 2304 791 2339 mandata.
843 2304 975 2350 Estque
997 2319 1070 2338 ma-

93 2368 156 2398 gna
179 2355 371 2388 consolatio
396 2354 480 2398 piiS,
508 2354 702 2396 intelligere
729 2352 793 2387 bos
818 2368 916 2388 veros
945 2357 1070 2397 cultus,
1096 2364 1097 2369 ¹

1094 2408 1186 2452 2bns
1219 2418 1335 2438 veram
1369 2405 1563 2438 doctrinam
1600 2401 1780 2441 Evangelii
1817 2412 1887 2432 non
1919 2401 2000 2433 satis
2028 2413 2105 2443 per-

91 2406 176 2438 scire
207 2406 298 2450 quod
323 2405 417 2439 Deus
449 2416 527 2437 vere
559 2406 713 2448 requirat
744 2406 1003 2439 invocationem
1038 2416 1070 2441 et

91 2458 213 2496 tidem,
249 2457 342 2500 quod
375 2456 455 2488 velit
495 2456 676 2494 exaudire,
718 2458 812 2502 qnod
846 2458 1004 2501 placeant
1039 2459 1068 2491 ei

406 91 440 124 2.
469 86 828 124 COMMENTARII
854 85 906 121 IN
931 84 1085 122 EPIST.
1112 85 1260 120 PAULI
1286 84 1354 119 AD
1381 80 1643 119 ROMANOS.
1694 80 1798 116 (ΠΛΡ.
1825 79 1923 117 XIV.

563 881 745 915 Accedunt
762 889 795 914 et
822 881 880 913 illa
898 881 1073 920 scandala,
1097 884 1099 895 ³

1001 1032 1074 1065 Has
1098 1049 1100 1052 >

2025 79 2099 113 730

1089 180 1094 192 ·
1116 169 1243 206 Psalm.
1267 169 1346 205 49.:
1381 169 1509 203 Invoca
1532 182 1587 203 me
1610 169 1648 202 in
1678 168 1736 201 die
1769 165 2026 206 tribulationis,
2063 172 2095 198 et

1118 222 1261 265 eripiam
1278 229 1322 255 te.
1375 220 1421 255 Et
1435 219 1560 256 Esaiae
1581 222 1612 257 1.
1628 227 1660 254 et
1676 217 1736 256 58.
1775 215 1937 252 Micheae
1954 216 1988 249 6,
2029 215 2097 248 Za-

1118 269 1212 306 char.
1240 271 1273 307 7.

1222 329 1263 362 ln
1288 328 1378 363 banc
1402 331 1608 363 sententiam
1635 336 1666 363 et
1690 327 1748 363 hic
1772 329 1818 362 ait
1843 327 1990 361 Paulus:
2027 325 2099 359 Re-

1119 393 1225 424 gnum
1253 381 1313 414 Dei
1339 392 1409 414 esse
1441 381 1630 419 iusticiam,
1667 392 1782 423 pacem
1816 387 1848 412 et
1872 379 2038 421 gaudium
2064 377 2100 408 in

1120 431 1255 476 Spiritu
1288 439 1419 465 sancto.
1480 431 1661 474 Significat
1693 430 1829 463 iusticia
1862 441 1933 462 esse
1959 429 2101 466 iustum,

1095 495 1097 500 ·
1121 483 1155 515 id
1177 490 1244 523 est,
1261 489 1439 526 acceptum
1457 481 1552 522 Deo,
1569 489 1600 515 et
1618 482 1685 513 iam
1703 480 1946 514 subiicientem
1963 491 1998 512 se
2014 478 2102 517 Deo,

1120 541 1153 566 et
1171 534 1309 566 incoare
1323 534 1574 566 obedientiam.
1630 531 1700 564 Pax
1726 538 1755 564 et
1774 530 1939 573 gandium
1964 530 2001 562 in
2021 528 2102 572 Spi—

1121 584 1191 617 ritu
1218 591 1336 618 sancto
1362 585 1560 627 significant
1588 583 1700 619 idem,
1736 582 1865 614 scilicet
1887 593 2001 623 pacem
2020 592 2103 612 ron-

1121 635 1284 668 scientiae
1318 647 1396 678 erga
1429 634 1560 672 Deum,
1601 645 1688 679 quae
1723 634 1759 665 fit
1791 633 1872 669 tide,
1914 643 1991 663 cnm
2026 643 2103 662 vere

1121 687 1328 729 agnovimus
1366 686 1609 719 remissionem
1652 691 1883 728 peccatorum.
1945 681 1987 714 Et
2016 678 2105 713 banc

1122 738 1336 778 agnitionem
1375 737 1634 769 misericordiae
1683 741 1878 779 sequuntur
1919 732 2106 769 invocatio,

1122 788 1341 828 obedientia,
1393 787 1578 832 patientia,
1629 785 1810 829 diligentia
1850 784 1885 816 in
1922 783 2106 816 retinenda

1123 840 1330 879 concordia,
1363 839 1514 872 vitandis
1540 837 1732 875 scandalis,
1758 835 1911 868 iuvanda
1936 832 2105 866 Ecclesia.

1123 890 1180 923 Sic
1205 890 1448 933 complectitur
1468 889 1596 922 Paulus
1621 899 1742 921 omnes
1759 885 1958 931 spirituales
1982 884 2107 923 cultus,

1125 941 1214 975 sicut
1230 941 1316 974 alibi
1336 953 1448 985 saepe.

1355 1037 1434 1086 Qui
1451 1038 1488 1071 in
1517 1035 1576 1071 his
1594 1036 1700 1071 servit
1719 1031 1881 1071 Christo.

1224 1107 1287 1142 Est
1302 1114 1416 1141 autem
1436 1107 1582 1149 insignis
1601 1105 1771 1149 particula
1800 1103 1946 1135 adiecta:
1975 1101 2046 1143 Qui
2072 1102 2108 1133 in

1099 1188 1100 1195 1
1125 1158 1179 1193 liis
1206 1161 1312 1193 servit
1343 1158 1501 1197 Christo,
1538 1158 1648 1200 placet
1681 1154 1776 1195 Deo,
1811 1162 1842 1187 et
1869 1160 1918 1185 est
1943 1154 2109 1196 probatus

1098 1223 1099 1227 ¹
1126 1210 1343 1244 hominibus.
1378 1208 1445 1241 Hie
1472 1209 1567 1240 locus
1589 1206 1745 1239 continet
1764 1204 1984 1249 perspicuum
2013 1204 2108 1236 testi-

1098 1270 1100 1285 ¹
1125 1262 1283 1294 monium
1311 1262 1352 1293 de
1376 1260 1480 1292 bonis
1499 1259 1684 1300 operibus,
1722 1258 1815 1298 quod
1836 1255 1995 1298 placeant
2020 1253 2106 1287 Deo.

1124 1313 1193 1346 Sed
1217 1313 1346 1344 diserte
1380 1310 1496 1355 inquit
1530 1309 1676 1341 Paulus:
1720 1307 1792 1349 Qui
1830 1305 1936 1338 servit
1959 1305 2111 1345 Christo,

1123 1370 1161 1396 ut
1178 1369 1323 1397 testetur
1345 1373 1379 1394 se
1407 1360 1505 1405 loqui
1523 1361 1565 1393 de
1584 1359 1749 1403 operibus
1774 1358 1937 1395 illorum,
1967 1356 2027 1401 qui
2044 1356 2111 1388 fide

1123 1415 1159 1447 in
1183 1412 1365 1447 Christum
1391 1419 1472 1445 sunt
1496 1411 1598 1454 iusti,
1635 1418 1667 1443 et
1691 1415 1885 1453 agnoscunt
1911 1407 2012 1440 illum
2036 1407 2111 1440 cul-

1123 1473 1198 1498 tum
1233 1465 1367 1508 placere
1405 1470 1549 1508 propter
1577 1461 1806 1495 mediatorem
1844 1467 1877 1493 et
1910 1458 2110 1502 pontificem

1122 1515 1316 1550 Christum.

1222 1574 1360 1608 Deinde
1377 1573 1496 1605 addita
1515 1578 1565 1604 est
1580 1570 1677 1604 utilis
1694 1570 1851 1602 doctrina
1864 1596 1872 1608 ‚
1901 1577 1936 1603 ut
1955 1570 2110 1602 servien-

1098 1632 1173 1658 'tes
1200 1623 1357 1662 Christo,
1388 1631 1505 1667 postea
1536 1623 1639 1654 etiam
1673 1621 1801 1654 iudicia
1839 1618 2044 1660 hominnm,
2078 1627 2109 1653 et

1124 1676 1274 1708 maxime
1295 1676 1435 1719 piorum
1454 1685 1513 1707 seu
1529 1673 1704 1706 Ecclesiae
1724 1683 1915 1705 vereamur.
1970 1671 2038 1704 Sed
2057 1672 2110 1703 ln-

1125 1729 1246 1771 quitur
1268 1728 1310 1759 de
1335 1724 1405 1765 his,
1433 1726 1493 1769 qui
1518 1725 1675 1757 serviunt
1700 1720 1862 1761 Christo,
1897 1729 1935 1755 ut
1960 1723 2110 1754 sciamus

1125 1790 1196 1810 non
1221 1778 1467 1821 anteponenda
1500 1787 1570 1808 esse
1604 1774 1732 1807 iudicia
1761 1771 1945 1805 hominnm
1978 1774 2110 1805 doctri—

1098 1832 1099 1858 ἒ
1126 1841 1190 1861 nae
1208 1835 1240 1861 et
1256 1829 1420 1860 mandato
1441 1826 1517 1861 Dei.
1572 1826 1640 1860 Sed
1668 1837 1745 1857 cum
1770 1825 1974 1856 mandatum
1993 1822 2058 1856 Dei
2079 1831 2109 1856 et

1126 1880 1322 1913 doctrinam
1341 1879 1552 1917 retinemus,
1581 1884 1698 1920 postea
1717 1876 1832 1907 danda
1850 1882 1899 1907 est
1919 1886 2043 1917 opera,
2071 1882 2110 1907 nt

1098 1930 1100 1958 l
1126 1942 1239 1962 mores
1258 1931 1366 1962 nostri
1386 1936 1512 1962 ornent
1530 1927 1783 1969 Evangelium,
1802 1932 1833 1958 et
1854 1925 2004 1959 invitent
2023 1928 2109 1958 alios

1124 1983 1165 2013 ad
1201 1982 1416 2013 credendum
1453 1988 1486 2012 et
1525 1978 1792 2022 glorificandum
1837 1976 1972 2015 Deum,
2010 1977 2105 2009 iuxta

1097 2037 1099 2055 ³
1125 2033 1230 2065 illud:
1259 2031 1390 2065 Luce-nt
1409 2031 1467 2063 lux
1493 2037 1605 2063 vestra
1623 2041 1739 2062 coram
1762 2025 1977 2060 hominibus.

1096 2080 1099 2096 1

1095 2101 1100 2157 i
1250 2130 1367 2166 Porro
1395 2129 1572 2180 quicquid
1598 2143 1669 2164 non
1695 2134 1744 2163 est
1763 2141 1808 2162 ιιι·
1828 2125 1903 2171 fide
1920 2133 1982 2163 elc.

1095 2203 1098 2266 ἱ

1221 2202 1332 2245 Saepe
1357 2203 1393 2234 in
1416 2199 1481 2234 hoc
1509 2202 1618 2243 capite
1646 2198 1832 2231 inculcavit
1859 2198 2036 2240 regulam,
2066 2209 2108 2229 ne

1868 2248 1967 2280 Nunc
1986 2248 2021 2280 in
2041 2249 2108 2280 bne

1930 2298 2024 2331 Haec
2045 2301 2107 2330 ad-

1122 2356 1210 2388 ditio
1228 2355 1414 2398 diligenter
1439 2361 1487 2387 est
1511 2352 1781 2385 consideranda:
1809 2361 1888 2381 nam
1911 2350 2107 2391 ignoranti-

1124 2255 1206 2299 quid
1229 2254 1394 2285 faciamus
1411 2260 1531 2285 contra
1550 2250 1810 2283 conscientiam,

1095 2306 1097 2350 ξ
1123 2305 1239 2343 addit,
1270 2312 1306 2336 ut
1333 2304 1436 2336 etiam
1461 2300 1526 2335 hoc
1550 2314 1637 2345 opus
1663 2302 1715 2332 tiu
1744 2312 1780 2331 ex
1801 2299 1876 2330 fide.

1095 2463 1096 2466 ’
1121 2458 1238 2500 spicua
1256 2466 1304 2490 est
1322 2455 1405 2489 baec
1423 2454 1572 2487 additio:
1602 2455 1706 2495 vulgo
1731 2461 1844 2485 autem
1869 2452 1916 2483 sic
1934 2453 2105 2493 interpre-

94 2506 177 2540 ltnec
201 2508 398 2539 communia
425 2507 537 2538 officia
562 2508 785 2540 oeconomica
804 2515 834 2540 et
854 2509 1013 2551 politica,
1040 2510 1068 2542 si
1093 2503 1096 2542 i
1121 2516 1240 2541 tantur
1263 2509 1396 2540 dictum
1421 2505 1538 2538 Pauli:
1577 2504 1755 2548 Quicquid
1788 2516 1858 2535 non
1889 2509 1938 2534 est
1966 2514 2003 2534 ex
2027 2502 2104 2539 side,

91 2561 174 2590 bant
193 2557 328 2595 infide,
353 2558 606 2602 quae‘qnidem
634 2567 776 2602 propter
797 2571 999 2592 communes
1018 2561 1069 2592 af-
1091 2574 1094 2594 4
1121 2566 1300 2603 peccatum
1327 2566 1395 2597 est,
1431 2557 1465 2589 id
1497 2563 1563 2595 est,
1593 2556 1759 2600 quis-qnid
1793 2556 1827 2587 fit
1864 2562 1984 2585 contra
2017 2565 2102 2585 con-

90 2609 261 2641 ssictiones
286 2615 366 2640 sunt
396 2608 554 2641 exercitia
580 2609 670 2643 fidei.

741 2610 892 2654 Ideoque
919 2610 954 2642 in
980 2610 1065 2644 Pro·
1090 2600 1094 2658 ἐ
1118 2610 1322 2648 scientiam,
1350 2615 1526 2650 peccatum
1544 2614 1605 2642 est,

1657 2607 1724 2640 Sed
1753 2603 1818 2638 hoc
1846 2616 1916 2637 non
1940 2604 2020 2636 satis
2045 2615 2102 2634 ex-

88 2657 201 2703 phetis
216 2666 247 2692 et
266 2657 409 2691 Psalmis
425 2659 524 2692 toties
540 2660 709 2704 repetitur
725 2658 808 2695 haec
825 2661 982 2695 doctrina
994 2688 1003 2703 ,
1029 2670 1068 2697 ut
1088 2659 1093 2707 l
1118 2661 1271 2705 plicant,
1298 2666 1435 2694 tantum
1454 2658 1548 2692 enim
1565 2658 1832 2691 accommodant
1848 2655 1891 2688 ad
1911 2654 2041 2696 legem,
2064 2661 2102 2686 ut
