2415 2942
279 156 355 192 399
873 153 949 186 1³11!
958 153 994 189 L.

285 243 414 277 tentiae
432 241 572 273 divinae
593 240 628 271 iu
645 237 803 278 Christo,
827 245 1071 281 prosternaute
1091 235 1272 271 cohortem

285 305 355 326 una
380 304 484 330 voce,
518 288 711 334 prohibitio
735 300 890 334 pugnae,
926 290 1061 323 sanatio
1086 289 1273 326 vulnerati,

287 342 507 376 imbecillitas
528 341 793 385 Apostolorum.

386 408 569 442 Secundus
587 415 683 441 actus
699 408 741 440 sit
761 407 931 440 consessio
944 405 1089 445 Christi,
1119 407 1272 450 primum

286 463 322 494 in
347 462 451 494 domo
477 458 643 498 11¹inn;‚ie
685 459 812 491 deinde
836 459 872 490 in
898 460 1004 491 domo
1032 456 1205 502 Caiphae,
1241 465 1275 492 et

285 511 545 549 accusuiones,
573 510 807 542 contumeliae
831 517 863 542 et
881 510 1214 550 condemnationes,
1243 517 1275 542 et
1299 516 1302 547 l

286 562 382 596 Petri
401 561 537 604 negatio
556 573 593 593 ac
611 560 838 604 poenitentia.
881 559 1072 604 Praecipua
1092 568 1141 594 est
1159 567 1274 593 autem
1327 545 1579 587 perferendm'·

1300 606 1301 613 ¹
1329 601 1420 628 recte
1439 594 1680 638 respondisse,
1707 601 1767 628 aut
1792 595 1820 628 si
1842 607 1915 628 non
1938 601 2031 628 recte
2049 596 2233 653 respondi,
2260 596 2318 628 in-

285 613 462 658 quaestio,
499 618 532 645 et
558 624 601 644 an
629 611 672 644 sit
699 610 864 651 Messias,
900 619 932 645 et
957 624 1000 644 an
1023 612 1067 645 sit
1092 612 1183 644 filius
1209 610 1274 644 Dei
1300 633 1302 646 ι

287 662 468 703 Christus,
503 663 606 706 plane
633 663 837 706 respondet,
880 670 912 696 et
931 670 1120 707 utrumque
1142 673 1275 695 asseve-
1300 649 1302 698 l

288 723 359 749 rat:
397 714 482 748 Sum
502 713 669 753 Blessias,
703 720 735 746 et
756 725 833 746 sum
857 713 949 746 filius
973 712 1049 746 Dei.
1103 711 1275 746 Existimo
1300 719 1303 766 Ι

289 774 403 800 autem
444 765 527 809 ipsis
562 765 666 797 fuisse
698 764 882 797 distinctas
913 764 1150 808 quaestiones.
1193 764 1303 816 quia:

287 815 468 851 Pharisaei
497 828 567 849 non
602 815 800 848 sentiebant
823 814 988 847 Messian}
1017 822 1140 848 natura
1163 814 1275 848 filium
1301 801 1304 842 l

287 868 352 903 Dei
371 879 460 907 esse,
488 867 706 910 maximeque
731 866 888 898 fremunt
907 865 1026 898 audita
1050 864 1113 898 hac
1137 864 1273 898 eonfes-

289 919 406 962 sione,
436 929 580 962 eamque
597 916 835 949 vociferantur
861 913 1102 959 blasphemam
1129 927 1217 956 esse,
1245 922 1278 948 et

288 971 452 1003 audacter
471 969 589 1000 ferunt
611 966 840 1007 sententiam,
878 978 958 999 reus
984 973 1033 1000 est
1058 967 1201 1007 mortis,
1239 978 1277 999 ac

287 1021 403 1054 statim
422 1020 557 1052 addunt
575 1018 701 1051 multas
719 1017 962 1050 contumelias.

291 1249 398 1275 tores:
431 1240 512 1279 Cur,
532 1240 658 1284 inquit,
687 1250 742 1271 me
762 1238 977 1280 interrogas?
1006 1237 1186 1279 Interroga
1206 1251 1277 1279 eos,

289 1293 351 1337 qui
368 1304 423 1324 me
443 1291 643 1324 audierunt.
686 1288 782 1322 Haec
798 1290 903 1322 verba
922 1301 993 1321 non
1012 1296 1093 1322 sunt
1110 1289 1276 1332 tergiver-
1302 1297 1303 1309 ³

289 1444 642 1483 condemnationem,
675 1449 707 1475 et
729 1441 995 1486 inquisitionem
1026 1453 1097 1474 non
1129 1442 1303 1475 manife-⁴

290 1503 437 1529 storum.

292 1546 376 1592 quid
396 1546 544 1579 fateatur
564 1557 661 1583 reus,
689 1551 748 1576 aut
766 1555 839 1575 non
856 1544 1016 1576 fateatur.

289 1648 590 1684 confirmandum,
633 1645 840 1702 praesertim
863 1647 905 1678 de
929 1645 1088 1678 doctrina
1118 1657 1277 1689 expresse
1301 1665 1302 1672 κ

287 1699 510 1739 ostendatur,
548 1709 653 1741 quam
692 1695 900 1729 sententiam
933 1696 1076 1740 impiam
1112 1697 1303 1740 sparserit

290 1751 428 1796 aliquis.

289 1803 442 1847 primum
462 1801 646 1844 praecedat
664 1799 815 1832 fraterna
834 1798 1047 1836 admonitio,
1077 1798 1104 1830 si
1124 1799 1302 1842 suspicio
1300 1792 1302 1823 l

290 1852 453 1898 praebuit
475 1851 703 1884 occasionem.

289 1904 545 1937 confirmantur
571 1901 807 1944 suspiciones,

286 2006 368 2051 quia
397 2010 430 2038 et
453 2001 613 2037 Christus
641 2001 731 2035 hanc
762 2003 912 2035 formam
935 2002 1114 2046 sequitur,
1146 2002 1274 2039 Matth
1299 2007 1302 2048 l

288 2057 346 2091 18.
384 2054 476 2088 Iuste
506 2054 612 2098 igitur
627 2051 787 2086 Christus
812 2051 1039 2096 reprehendit
1059 2052 1276 2094 Pontificem,
1299 2050 1302 2086 l

287 2107 405 2153 quod
397 2119 434 2139 in
450 2117 550 2139 causa
571 2104 752 2138 manifesta
772 2116 844 2137 non
869 2116 945 2137 serv
949 2111 981 2137 et
1005 2103 1188 2144 ordinem,
1216 2111 1301 2158 aut

288 2159 315 2192 si
335 2158 495 2191 nondum
520 2155 702 2189 manifesta
729 2162 778 2188 est
802 2167 922 2194 causa,
958 2166 1031 2187 non
1054 2154 1121 2187 fuit
1143 2154 1274 2189 iustum
1299 2137 1301 2186 l

287 2221 409 2252 capere
449 2219 548 2241 reum
584 2213 717 2239 armata
751 2203 907 2240 cohorte.

287 2261 396 2294 lector
414 2256 471 2292 hic
490 2258 687 2292 consideret
703 2256 866 2289 ordinem
887 2255 1021 2296 iudicii,
1050 2262 1082 2288 et
1098 2255 1275 2291 discernat
1298 2266 1300 2299 ζ

976 2204 1136 2238 Primum
1167 2205 1276 2249 igitur
1298 2228 1300 2235 ι

288 2322 470 2344 causarum
488 2309 752 2342 manifestarum
777 2307 1128 2345 condemnationem,
1157 2309 1200 2341 ab
1218 2308 1274 2342 in-
1297 2313 1300 2342 Ι

288 2361 479 2406 quisitione
494 2371 720 2399 arcanarum,
748 2359 785 2391 in
803 2370 871 2403 qua
894 2358 1085 2391 fraternam
1111 2360 1274 2393 admoni—
1297 2351 1300 2396 l

285 2413 418 2446 tionem
437 2412 643 2455 praecedere
660 2421 797 2443 necesse
813 2416 873 2444 est.
1296 2406 1300 2457 ξ

392 2477 442 2510 Ac
470 2477 640 2510 intellexit
662 2476 852 2510 sacerdotis
877 2475 1038 2509 minister
1060 2474 1273 2519 reprehendi
1296 2466 1298 2503 ἶ

287 2529 618 2571 interrogationem,
652 2529 731 2561 ideo
754 2529 813 2561 dat
837 2524 1006 2570 colaphos
1021 2525 1182 2567 Christo,
1215 2528 1274 2561 in-
1295 2514 1299 2578 ξ

292 2579 434 2625 quiens:
470 2578 528 2612 Sic
544 2580 734 2622 respondes
756 2578 943 2612 Pontifici?
995 2576 1102 2611 Hunc
1132 2591 1273 2624 quoque
1295 2586 1297 2622 ξ

289 2631 418 2664 refutat
435 2627 596 2665 Christus
608 2654 616 2667 ,
643 2636 676 2662 et
700 2627 782 2662 hinc
798 2630 980 2673 disputant
1002 2630 1108 2663 rudes
1125 2631 1168 2663 de
1184 2631 1273 2664 tole-

285 2682 419 2724 rantia,
455 2688 487 2714 et
512 2681 662 2723 allegant
689 2680 820 2713 dictum
845 2678 995 2714 Christi:
1038 2680 1078 2715 Si
1097 2681 1177 2726 quis
1194 2694 1271 2726 per-

286 2733 430 2766 cusserit
446 2739 479 2766 te
503 2732 539 2764 in
560 2732 716 2766 dextram
741 2742 882 2775 genam,
917 2732 1062 2766 obverte
1083 2732 1114 2765 ei
1133 2740 1165 2766 et
1187 2733 1272 2767 alte·
1293 2724 1298 2767 l

1025 151 1140 188 MEL.
1169 151 1379 186 SCRIPTA
1410 149 1709 186 EXEGETICA.

1326 249 1410 272 ram.

1326 301 1399 323 non
1429 296 1534 329 tacet,
1576 290 1638 322 sed
1670 289 1868 333 expostulat
1894 296 1927 323 et
1958 290 2069 333 litigat
2094 303 2173 325 cum
2204 302 2317 332 servo,

1299 330 1416 373 hanc
1461 340 1720 372 cavillationem
1772 347 1918 384 propter
1966 340 2127 375 rudiores
2171 342 2317 376 diluam.

1327 390 1528 435 Utrumque
1549 397 1774 439 praeceptum
1796 398 1863 429 est,
1892 402 2032 425 causam
2050 404 2186 434 veram,
2213 405 2316 437 prae-

1327 443 1445 476 sertim
1475 442 1675 482 ‹loctrinae,
1718 442 1937 475 confessione
1977 443 2161 489 perspicua
2195 444 2317 477 defen-

1301 767 1303 776 ,
1328 747 1423 780 nisse
1450 748 1603 805 prodest.

1300 848 1303 875 l
1329 849 1478 884 firmare.

391 1087 550 1120 Primum
571 1094 685 1120 autem
704 1083 761 1118 hic
779 1085 905 1117 observ
899 1091 1013 1118 entur
1031 1085 1277 1127 responsiones
1302 1074 1304 1123 l
1330 1053 1390 1085 Ubl
1418 1053 1460 1084 de
1483 1063 1584 1085 causa
1619 1053 1756 1093 dinsu’

289 1137 441 1179 Christi,
469 1150 548 1171 cum
573 1139 615 1170 de
641 1137 801 1170 doctrina
828 1136 1020 1178 interrogat
1045 1148 1201 1169 summus
1224 1148 1276 1169 sa-
1302 1138 1304 1175 ξ

288 1192 428 1230 cerdos‚
456 1196 593 1222 taxatur
612 1201 629 1220 a
648 1186 814 1229 Christo,
840 1193 874 1220 et
898 1187 1092 1220 remittitur
1114 1188 1157 1220 ad
1175 1187 1277 1220 audi·
1330 1205 1420 1239 tinet
1440 1205 1553 1237 varias
1571 1205 1803 1237 contumelias
1819 1211 1852 1238 et
1868 1205 2053 1240 cruciatus·

1302 1248 1304 1286 Ϊ
1330 1256 1436 1289 illud:

1302 1312 1304 1337 ζ
1331 1307 1548 1350 intelligatur
1563 1306 1802 1349 superstitiose
1818 1307 1861 1339 de
1888 1306 2046 1347 silentio,

290 1343 398 1376 santis
425 1349 483 1375 aut
510 1341 720 1384 ‹lt-fugientis
751 1340 1026 1379 confessionem,
1068 1341 1127 1372 sed
1163 1347 1278 1374 servat
1330 1365 1385 1391 stu
1415 1357 1625 1391 obvertendi
1649 1357 1793 1390 alteram
1821 1357 2012 1392 maxillam-

289 1394 479 1427 discrimen
495 1390 657 1426 Christus
682 1392 774 1424 inter
795 1391 1060 1423 manifestorum
1088 1391 1277 1424 criminum
1301 1403 1304 1441 4

474 1748 628 1783 Econira
653 1760 734 1780 velo
753 1748 789 1779 in
810 1747 1040 1792 inquisitione
1056 1759 1277 1789 ar‚canorum
1300 1726 1303 1776 l

1300 1826 1302 1849 4
1330 1823 1362 1850 te
1386 1816 1537 1856 iudices,

772 1849 910 1882 Demde
934 1849 993 1882 fiat
1017 1857 1219 1894 ¹¹¹qu¹⁵¹¹¹⁰²
1248 1862 1275 1883 ⁵¹
1300 1851 1303 1901 l
1330 1867 1490 1911 exemplo
1519 1866 1722 1900 consolatur
1751 1874 1800 1907 te,
1843 1872 1882 1900 ut
1918 1866 2005 1900 scias
2038 1879 2101 1900 cur
2130 1867 2315 1900 tolerantia

849 1912 913 1933 nec
937 1900 1086 1933 dnbium
1110 1908 1159 1934 ²⁵1
1182 1898 1277 1936 hunc
1300 1903 1303 1948 l
1329 1918 1538 1963 praestanda
1556 1918 1618 1958 sit,
1645 1925 1677 1951 et
1694 1918 1873 1962 quomodo
1893 1917 2027 1960 placeat
2044 1917 2132 1951 Deo.

288 1956 404 1999 ipsum
421 1953 583 1987 ordinem
607 1952 674 1985 sori
700 1952 867 1984 usitatum
893 1952 999 1984 fuisse
1026 1951 1062 1983 in
1086 1962 1274 1996 synagoga,
1300 1958 1302 1969 “

1298 2240 1300 2260 :
1329 2232 1502 2275 cipiendis
1528 2231 1588 2272 iis,

2242 153 2317 189 400

1466 236 1541 271 Hoc
1559 238 1727 282 inquiunt
1751 249 1823 271 nou
1846 239 2008 272 observat
2025 237 2205 281 Christus,
2232 240 2317 285 quia

1328 494 1427 530 dere,
1456 499 1487 526 et
1506 492 1611 525 simul
1629 492 1749 525 mimo
1767 500 1927 537 paratum
1947 504 2019 526 esse
2043 494 2085 526 ad
2108 494 2315 528 violentiam

1636 542 1685 576 lta
1709 541 1776 576 hoc
1801 544 1878 577 loco
1903 541 2066 577 Christus
2090 544 2258 585 affirmat,
2281 556 2317 578 se

1328 646 1419 690 quit:
1464 643 1624 679 Ostende
1648 657 1803 686 causam,
1836 652 1873 679 tu
1898 657 1980 679 vero
2006 646 2175 679 iniustam
2197 646 2236 679 in
2261 657 2317 679 me

1328 697 1508 730 saevitiam
1540 708 1693 737 exerces,
1735 694 1802 729 hoc
1823 696 1930 740 igitur
1964 697 2162 741 exemplum
2192 697 2317 731 memi-

1658 747 1735 780 Non
1761 754 1811 781 est
1834 747 2022 781 tolerantia
2046 754 2175 789 tacere,
2203 754 2237 782 et
2253 749 2317 781 ad-

1329 798 1473 831 versarii
1500 799 1623 831 filsam
1649 805 1682 831 et
1709 798 1876 832 iniustam
1902 810 2040 832 causam
2066 799 2207 832 silentio
2232 811 2317 832 con-

1541 848 1633 889 lmo,
1674 850 1877 890 praesertim
1909 849 2090 883 doctrinae
2125 850 2316 883 confessio-

1329 912 1408 932 nem
1443 907 1581 943 oportet
1613 901 1831 944 perspicuam
1856 911 1946 941 esse,
1988 908 2027 934 ut
2056 901 2224 945 scriptum
2244 907 2314 935 est:

1330 949 1403 992 Qui
1420 951 1597 983 confessus
1613 951 1719 985 fuerit
1735 963 1789 983 me
1813 963 1930 984 coram
1956 949 2181 990 hominibus,
2207 952 2317 985 confi-

1330 1002 1430 1034 tebor
1449 1009 1481 1035 et
1507 1013 1569 1043 ego
1593 1013 1673 1034 eum
1700 1013 1815 1035 coram
1841 1010 1937 1046 patre
1961 1003 2115 1036 coelesti.
2176 1003 2318 1036 Deinde

1797 1060 1967 1097 quantum
1998 1053 2068 1086 dici
2097 1065 2235 1087 necesse
2257 1059 2318 1094 est,

1331 1114 1429 1135 mens
1446 1103 1490 1135 sit
1510 1109 1627 1146 parata
1653 1104 1695 1135 ad
1722 1103 1922 1136 tolerandas
1947 1105 2104 1147 corporis
2130 1104 2316 1145 laceratio-

1331 1165 1409 1194 nes,
1437 1165 1666 1198 quaecunque
1684 1153 1906 1196 impendent,
1932 1162 1970 1188 ut
1986 1152 2043 1188 hic
2060 1152 2224 1188 Christus
2241 1166 2318 1188 sus-

2096 1205 2167 1238 Nec
2184 1206 2318 1239 dictum

1482 1255 1519 1290 Si
1546 1255 1625 1300 quis
1650 1255 1859 1299 percusserit
1882 1263 1914 1289 te
1938 1255 1974 1288 in
2002 1256 2158 1289 dextram
2181 1263 2317 1299 genam,

2081 1314 2140 1340 aut
2166 1307 2242 1350 ipso
2259 1318 2318 1350 ge-

2075 1357 2168 1400 Quia
2192 1357 2318 1391 Petrus

1330 1409 1462 1454 inquit:
1489 1407 1665 1441 Patientes
1682 1408 1743 1441 ubi
1763 1419 1851 1452 opus
1876 1413 1944 1446 est,
1981 1408 2017 1440 id
2043 1414 2111 1448 est,
2145 1411 2224 1442 cuin
2250 1406 2317 1442 ho-

1301 1474 1303 1490 ι
1330 1460 1434 1493 stium
1453 1459 1553 1492 suror
1571 1459 1608 1491 in
1627 1470 1690 1491 nos
1706 1459 1819 1500 irruit,
1841 1470 1902 1491 cor
1917 1465 2066 1502 praestet
2082 1458 2318 1500 tolerantiam,

498 1493 551 1527 De
576 1494 770 1526 ‘nami-⁸⁵¹³
795 1504 868 1525 non
900 1493 1190 1535 uuerrogandum
1217 1501 1277 1528 ‘³⁵¹'
1301 1493 1304 1544 l
1331 1523 1419 1556 quae
1437 1510 1522 1555 quid
1540 1510 1596 1550 sit,
1623 1510 1708 1542 alias
1726 1521 1826 1554 saepe
1843 1509 1989 1542 dicitur:
2019 1509 2090 1543 Nos
2107 1521 2179 1542 non
2197 1510 2319 1543 iubea-

1057 1542 1126 1577 Sed
1144 1544 1276 1576 crimen
1301 1545 1303 1593 j

288 1598 415 1631 diserte
433 1596 673 1629 obiiciendum
694 1600 754 1634 est,
784 1601 816 1627 et
833 1606 912 1627 vera
932 1594 1072 1627 testium
1089 1595 1277 1628 autoritate
1300 1599 1303 1629 1
1330 1613 1450 1645 multis
1473 1613 1563 1645 vitae
1588 1612 1737 1654 negotiis
1764 1612 1851 1644 scire
1877 1617 1909 1644 et
1933 1611 2032 1656 sequi
2056 1611 2143 1645 mile
2164 1618 2226 1647 est·

1333 1573 1409 1594 mus
1435 1559 1550 1594 hostes
1574 1561 1610 1593 in
1638 1572 1702 1593 nos
1735 1561 1880 1594 saevire.
1951 1559 2054 1593 Hanc
2087 1560 2245 1603 regulam
2280 1560 2319 1593 in

2279 1610 2318 1645 Si

1329 1663 1457 1696 famam
1477 1670 1571 1696 tuam
1590 1662 1697 1695 laedit
1714 1662 1859 1707 aliquis,
1892 1674 1966 1695 non
1990 1674 2127 1696 necesse
2149 1669 2197 1695 est
2214 1669 2248 1696 te
2265 1668 2319 1695 ta-

1331 1727 1426 1755 cere,
1448 1715 1507 1747 sed
1525 1714 1681 1747 modeste
1698 1725 1836 1746 excuses
1855 1720 1906 1753 te,
1944 1720 1976 1747 et
2001 1714 2130 1747 refutes
2154 1714 2318 1746 adversa-

1330 1766 1444 1804 rium,
1471 1764 1500 1797 si
1523 1765 1583 1796 ille
1603 1776 1676 1797 non
1702 1765 1793 1797 cedit
1818 1764 2006 1806 refutatus,
2042 1776 2105 1798 nec
2122 1765 2318 1799 defendunt

1578 1822 1617 1849 ut
1647 1815 1833 1850 debebant.
1896 1813 2056 1849 Christus
2081 1827 2144 1849 suo
2167 1816 2261 1849 dicto
2285 1821 2318 1849 et

1432 1977 1515 2010 Post
1539 1975 1673 2010 Christi
1698 1976 2012 2020 expostulationem
2037 1988 2116 2009 cum
2141 1976 2317 2015 ministro,

1330 2028 1540 2061 describitur
1565 2027 1661 2061 Petri
1682 2027 1811 2070 lapsus.
1872 2025 1912 2059 ln
1938 2024 2003 2060 hac
2025 2024 2171 2061 historia
2194 2027 2317 2060 multi-

1330 2080 1407 2123 plex
1425 2078 1585 2111 doctrina
1603 2077 1815 2112 continetur.
1843 2075 2003 2110 Primum
2023 2077 2315 2112 commonefactio

1330 2130 1542 2174 proponitur
1556 2130 1598 2162 de
1614 2135 1732 2162 nostra
1750 2128 1964 2176 infirmitate.
2017 2127 2181 2162 Secundo
2200 2140 2316 2162 exem-

1298 2189 1300 2211 ,³
1330 2181 1427 2225 plum
1447 2180 1682 2224 poenitentiae
1698 2179 1863 2222 traditur,
1893 2187 1925 2213 et
1940 2179 2180 2214 testimonium
2200 2180 2243 2213 de
2259 2191 2315 2211 re—

1623 2231 1682 2275 qui
1708 2231 1796 2274 lapsi
1822 2237 1916 2266 sunt.
1977 2229 2099 2263 Tertio
2121 2230 2312 2264 discrimen

1298 2302 1300 2311 ‚
1328 2281 1386 2316 hic
1401 2283 1697 2316 considerandum
1715 2288 1764 2315 est
1781 2282 1875 2316 inter
1899 2281 2120 2325 negationem
2137 2279 2251 2320 Petri,
2280 2287 2314 2314 et

1297 2344 1299 2350 '
1328 2331 1575 2378 blasphemia&

1517 2417 1642 2446 Primo
1663 2416 1707 2445 de
1732 2416 1961 2444 infirmitate
1983 2420 2123 2446 nostra.

1429 2476 1574 2511 Certum
1614 2482 1665 2509 est
1703 2475 1845 2509 Petrum
1885 2474 2138 2509 sanctificatum
2175 2473 2313 2518 Spiritu

1326 2535 1466 2566 sancto,
1495 2528 1584 2561 sicut
1600 2524 1731 2562 Matth.
1750 2527 1808 2561 16.
1835 2527 1877 2559 ad
1902 2538 1982 2559 eum
2006 2526 2152 2560 dicitur:
2179 2524 2311 2560 Beatus

1327 2591 1361 2612 es
1379 2579 1504 2613 Simon
1522 2577 1594 2612 Bar
1618 2578 1720 2618 lona,
1750 2577 1831 2622 quia
1854 2589 1935 2610 caro
1953 2584 1983 2610 et
2006 2577 2147 2621 sanguis
2163 2589 2237 2611 non
2254 2589 2311 2611 re·-

1327 2630 1456 2663 velavit
1475 2629 1560 2669 tibi,
1587 2630 1647 2662 sed
1665 2635 1762 2673 pater
1777 2639 1894 2669 meus,
1922 2628 1983 2673 qui
2006 2629 2043 2661 in
2061 2628 2167 2662 coelis
2183 2635 2250 2667 est,
2276 2635 2311 2663 et

1325 2682 1438 2714 fuerat
1464 2680 1666 2714 confirmata
1701 2679 1775 2713 eius
1803 2679 1906 2718 fides,
1948 2686 2098 2723 spectata
2124 2679 2309 2713 resuscita—

1327 2732 1424 2766 tione
1446 2738 1687 2772 mortuorum,
1721 2729 1845 2764 Lazari
1867 2737 1899 2764 et
1921 2730 2092 2772 aliorum,
2123 2731 2252 2765 fecerat
2276 2737 2309 2765 et
