2415 2942
309 119 381 154 4:27

311 199 491 235 Christum
515 197 658 231 missum
682 205 753 228 esse
777 194 852 228 siue
875 193 981 228 armis
1008 200 1041 228 et
1068 192 1172 237 regiis
1197 204 1293 227 exer-

313 253 449 286 ritibus,

411 299 545 339 Tertio,
562 295 754 331 consolatio
771 307 835 342 pro
853 294 1058 328 doctoribus
1080 301 1112 328 et
1128 294 1295 328 discenti-

311 354 374 384 bus
396 350 566 388 traditur,
594 348 687 393 quod
708 346 891 385 videlicet,
913 346 1002 379 sicut
1019 345 1131 379 adsuit
1151 343 1294 379 Christo

312 410 426 445 pater,
455 402 501 434 ita
521 406 615 432 certo
642 398 826 431 adfuturus
847 397 891 430 sit
908 397 1052 442 reliquis
1068 397 1296 440 fungentibus

311 452 506 485 ministerio
532 448 728 491 Evangelii.

415 503 563 545 Quarto,
577 499 760 532 necessitas
778 496 953 531 serviendi
972 496 1165 530 ministerio
1177 497 1294 530 Evan-

313 554 393 595 gelii
412 565 449 585 cx
469 550 533 585 hoc
551 551 642 583 dicto
663 549 827 582 discenda
846 555 912 588 est,
945 554 977 581 et
1001 549 1149 581 taxanda
1172 559 1295 581 mona-

313 603 481 643 chorum,
509 609 539 635 ct
565 601 735 634 similium
762 599 902 643 opinio,
926 597 986 643 qui
1012 606 1136 641 putant
1161 599 1294 631 cultum

312 656 380 689 Dei
399 661 457 687 aut
474 651 682 697 sapientiam
700 661 790 688 esse,
813 650 931 692 sugere
949 649 1123 692 publicam
1142 649 1296 682 admini-

314 706 538 741 strationem,
565 710 596 736 et
612 703 739 735 abdere
757 712 792 734 se
810 702 845 733 in
867 700 1036 738 latebras,
1071 700 1164 732 iuxta
1190 700 1296 732 illud:

313 754 404 789 λάθε
427 751 577 799 βιώσας.
629 751 719 785 Cum
749 757 863 784 autem
887 750 979 782 filius
1002 747 1068 782 Dei
1093 762 1131 782 ex
1156 761 1216 783 sua
1239 761 1296 783 ar-

313 819 396 840 cana
427 807 504 839 sede
530 803 717 848 prodierit,
749 807 787 834 ut
809 802 967 839 doceret,
1002 806 1035 832 et
1059 801 1175 833 ederet
1199 801 1296 834 testi-

311 857 430 891 monia
451 855 643 893 doctrinae,
663 859 701 885 ut
718 852 812 884 fieret
831 850 982 890 victima,
1000 856 1032 882 et
1050 850 1182 884 miserit
1199 850 1297 895 Apo-

313 909 437 947 stolos,
466 913 503 939 ut
530 918 570 938 ex
596 903 761 936 omnibus
786 901 948 944 gentibus
973 901 1152 944 colligeret
1174 900 1297 935 Eccle-

312 960 410 996 siam,
423 956 557 991 etiamsi
577 953 642 987 hoc
657 953 732 986 sine
751 952 885 995 magnis
902 951 1114 985 tumultibus
1132 952 1206 985 fieri
1223 964 1296 985 non

312 1015 466 1053 poterat,
503 1007 582 1039 ideo
608 1004 711 1037 nobis
736 1015 876 1048 quoque
900 1002 1085 1046 praecipit,
1121 1009 1158 1036 ut
1183 1003 1296 1036 vocati

312 1062 502 1101 fungamur
527 1055 749 1094 ministeriis,
777 1066 840 1086 nec
865 1054 1034 1086 abdamus
1058 1065 1121 1087 nos
1145 1053 1182 1086 in
1209 1054 1297 1088 late-

313 1112 405 1145 bras.
460 1108 534 1141 Hae
565 1106 822 1140 consolationes
849 1104 915 1148 piis
949 1104 1054 1137 utiles
1078 1111 1178 1144 sunt,
1213 1104 1296 1149 quia

314 1172 415 1204 saepe
439 1159 541 1192 nobis
566 1159 775 1199 obstrepunt
800 1153 864 1187 liae
890 1155 1134 1198 cogitationes,
1175 1167 1243 1200 cur·
1259 1155 1296 1187 in

313 1210 405 1245 hanc
426 1210 532 1243 aciem
552 1207 704 1241 venisti‘.>
739 1218 801 1239 cur
821 1212 917 1239 tanta
946 1205 1038 1237 mole
1060 1205 1298 1249 periculorum

313 1269 342 1296 et
363 1261 583 1294 miseriarum
600 1265 633 1292 te
651 1257 789 1291 onerari
808 1267 927 1301 passus
946 1255 1004 1288 es?
1039 1268 1101 1289 cur
1118 1268 1191 1289 non
1207 1257 1298 1299 fugis

313 1325 352 1346 ex
371 1310 425 1345 his
444 1309 619 1344 miseriis?
647 1309 701 1341 vel
719 1308 872 1345 tandem,
901 1307 979 1351 quis
996 1306 1093 1340 iuvat
1112 1307 1169 1340 te?
1221 1305 1298 1341 Ad—

314 1374 436 1396 versus
451 1360 513 1395 has
532 1360 743 1394 tentationes
759 1368 881 1391 omnes
899 1368 1118 1400 opponamus
1135 1355 1195 1390 llas
1213 1369 1298 1390 con-

313 1413 520 1447 solationes:
555 1410 654 1445 Sicut
680 1409 773 1442 misit
796 1420 851 1441 me
873 1414 987 1451 pater,
1030 1407 1077 1439 sic
1103 1407 1204 1441 mitto
1225 1419 1299 1443 vos.

314 1465 416 1498 Item:
447 1463 517 1506 Qui
537 1474 590 1494 me
607 1460 783 1494 coufessus
810 1458 915 1492 suerit
940 1469 1054 1491 coram
1082 1455 1299 1498 hominibus,

314 1527 394 1550 eum
412 1514 606 1548 confitebor
621 1522 738 1544 coram
758 1516 854 1554 patre
873 1520 949 1541 meo
968 1508 1118 1544 coelesti.

611 1583 835 1632 Insusflaril
865 1582 904 1616 in
936 1593 1002 1615 eos.

414 1662 588 1697 Brevibus
604 1661 719 1694 verbis
738 1658 885 1693 historia
903 1657 1104 1701 gravissima
1123 1656 1301 1697 recitatur,

316 1727 404 1762 quae
428 1721 460 1749 et
485 1719 630 1748 testatur
655 1709 835 1745 Christum
859 1716 982 1742 natura
1007 1707 1120 1742 Deum
1142 1719 1234 1748 esse,
1269 1714 1302 1741 et

314 1766 485 1810 significat
507 1763 622 1812 qualis
647 1762 691 1796 sit
717 1761 871 1806 Spiritus
892 1765 1047 1799 sanctus,
1083 1765 1117 1792 et
1141 1759 1235 1802 quod
1258 1758 1302 1791 sit

315 1816 502 1851 ministerii
533 1813 725 1857 evangelici
755 1812 979 1855 gubernator.
1038 1808 1198 1842 Primum
1220 1810 1301 1842 dare

315 1868 488 1913 Spiritum
512 1871 690 1902 sanctum,
725 1863 785 1908 qui
811 1863 917 1896 vitam
941 1867 1141 1900 aeternam,
1169 1860 1301 1901 lucem,

315 1927 348 1953 et
375 1917 547 1952 iusticiam
572 1921 748 1948 aeternam
769 1914 905 1953 incoat,
933 1918 983 1945 est
1006 1923 1086 1944 vere
1106 1917 1136 1944 et
1158 1911 1300 1955 proprie

313 1970 391 2004 Dei.
445 1967 512 2001 Hic
529 1964 689 2000 Christus
705 1976 767 1998 suo
793 1964 912 1997 afflatu
938 1964 997 1996 dat
1018 1961 1193 2005 Spiritum
1219 1973 1300 1995 san-

315 2028 409 2054 ctum
426 2030 466 2052 ex
491 2029 582 2057 sese,
610 2027 692 2060 ergo
711 2027 790 2048 vere
816 2021 847 2048 et
865 2021 989 2047 natura
1007 2012 1102 2046 Deus
1120 2019 1180 2047 est.
1233 2011 1298 2046 Se·-

316 2072 450 2110 cundo,
478 2068 591 2113 qualis
606 2067 667 2104 sit,
693 2068 793 2099 docet
817 2067 960 2098 verbum
988 2061 1171 2097 inhalavit.
1223 2061 1298 2095 Etsi

317 2121 467 2166 perspici
493 2119 613 2153 divina
638 2123 761 2150 natura
786 2128 858 2148 non
889 2122 1018 2159 potest,
1062 2120 1177 2170 tamen
1203 2110 1298 2146 Deus

315 2173 517 2206 discernens
541 2179 725 2213 personas,
758 2173 790 2200 et
815 2177 955 2199 sumens
980 2175 1148 2206 imagines
1172 2175 1190 2195 a
1214 2175 1298 2207 pro-

316 2223 525 2271 prietatibus
544 2218 716 2258 hominis,
735 2217 852 2261 aliquo
868 2217 974 2249 modo
994 2215 1164 2254 ostendit,
1185 2215 1298 2258 qualis

318 2275 362 2308 sit
385 2280 509 2306 natura
532 2270 671 2307 divina,
706 2275 739 2302 et
761 2267 878 2312 qualia
904 2267 974 2299 sint
998 2265 1201 2298 discrimina
1218 2277 1297 2309 per-

317 2335 495 2358 sonarum.
547 2321 592 2354 Et
618 2331 695 2354 cum
720 2318 900 2352 vocabulis
922 2324 1040 2351 utatur
1063 2315 1176 2354 Deus,
1210 2328 1298 2361 quae

318 2376 436 2419 aliquo
459 2373 565 2406 modo
588 2369 831 2413 intelligimus,
859 2369 934 2402 vult
952 2379 1016 2401 nos
1042 2367 1087 2400 ita
1112 2378 1297 2410 agnoscere

319 2433 352 2458 et
375 2426 536 2457 invocare
557 2423 694 2461 Deum,
723 2427 756 2454 et
775 2432 853 2453 cum
872 2420 1070 2453 discernere
1085 2430 1101 2451 a
1119 2429 1298 2451 commen-

318 2475 404 2509 titiis
422 2474 639 2508 numinibus.

320 2526 446 2570 patriS,
472 2524 686 2567 significatur
708 2534 809 2565 ergo,
838 2521 931 2554 nasci
957 2521 1067 2553 filium
1089 2519 1299 2562 cogitatione

321 2576 429 2620 patris
452 2586 523 2608 sese
549 2573 737 2613 intuentis,
766 2579 798 2605 et
825 2572 998 2615 gignentis
1021 2571 1073 2603 sui
1102 2570 1299 2612 imaginem,

320 2628 408 2660 sicut
436 2627 472 2659 in
496 2623 641 2658 homine
669 2623 878 2666 cogitatione
910 2622 1064 2666 gignitur
1101 2621 1215 2664 imago
1249 2621 1298 2653 rei

321 2678 506 2721 cogitatae:
541 2675 592 2710 Ita
610 2675 646 2707 in
662 2672 813 2707 humana
832 2673 1042 2717 cogitatione
1059 2672 1175 2718 aliquo
1192 2671 1298 2704 modo

897 106 1024 145 PHIL.
1052 105 1167 143 MEL.
1193 106 1401 144 SCRIPTA
1429 106 1734 146 EXEGETICA,

693 2471 805 2504 Filius
824 2477 968 2504 vocatur
989 2466 1095 2516 λόγος
1122 2476 1155 2502 et
1184 2469 1297 2511 imago
1321 2495 1323 2502 ,

2248 111 2322 150 428

1347 192 1597 234 adumbratur,
1625 193 1738 238 qualis
1762 193 1805 228 sit
1824 195 2000 237 generatio
2018 193 2099 238 filii,
2125 203 2158 232 et
2172 198 2266 242 quod
2284 198 2328 232 sit

1349 243 1472 286 imago.
1527 242 1573 278 Et
1592 244 1674 289 quia
1692 243 1786 278 Deus
1804 247 1982 280 vocabulis
2006 247 2117 281 utitur
2140 249 2264 283 sumtis
2288 261 2328 282 ex

1349 292 1500 327 humana
1521 302 1666 333 natura,
1701 296 1777 329 vult
1795 307 1856 329 nos
1875 293 1965 330 hanc
1985 297 2252 332 similitudinem
2269 310 2328 333 co-

1348 345 1474 387 gitare,
1512 351 1551 378 ut
1574 345 1693 390 aliquo
1726 347 1830 379 modo
1863 347 2066 382 discrimina
2098 361 2328 392 personarum

1348 395 1626 429 considerentur.
1680 395 1809 439 Magna
1827 403 1876 431 est
1894 405 2008 431 autem
2028 398 2178 442 dignitas
2202 398 2328 433 huma-

1349 458 1413 478 nae
1431 453 1592 484 naturae,
1614 448 1708 491 quod
1727 446 1819 481 Deus
1837 445 1898 481 has
1915 448 2069 493 picturas
2084 460 2166 483 suae
2182 457 2327 484 naturae

1350 497 1386 529 in
1411 496 1514 529 nobis
1543 497 1714 531 condidit.

1449 546 1508 581 Sic
1532 554 1566 581 et
1588 559 1716 581 nomen
1733 548 1886 592 Spiritus
1910 549 2041 584 indicat
2064 549 2184 595 aliquo
2207 551 2326 591 modo,

1348 598 1442 630 unde
1459 600 1642 641 procedat,
1668 606 1701 632 et
1718 599 1832 644 qualis
1846 600 1889 633 sit
1907 599 2060 644 Spiritus
2076 607 2226 636 sanctus.
2279 598 2328 636 Et

1348 648 1385 680 in
1409 645 1476 682 hoc
1496 646 1629 682 Christi
1653 650 1810 694 exemplo
1835 662 1889 683 res
1911 657 1962 684 est
1991 651 2180 692 illustrior,
2219 658 2258 685 ut
2288 651 2328 685 in

1347 705 1464 732 mente
1490 696 1645 733 hominis
1669 706 1749 733 sunt
1773 701 2000 744 cogitationes
2024 708 2057 735 et
2079 701 2249 745 imagines
2273 713 2330 736 re-

1348 761 1446 790 rum,
1472 762 1558 795 quas
1575 750 1783 793 cogitamus:
1820 751 1922 784 sicin
1941 753 2045 785 corde
2068 759 2150 786 sunt
2173 752 2328 797 spiritus,

1348 799 1383 832 id
1410 807 1477 840 est,
1513 798 1661 842 halitus,
1695 808 1726 835 et
1751 808 1888 841 motuS‚
1921 809 1961 836 ut
1986 803 2023 835 in
2046 814 2185 841 amore,
2220 804 2271 836 ira
2294 810 2329 836 et

1346 850 1424 882 aliis
1448 851 1628 885 affectibus
1652 852 1871 899 experimur,
1897 853 1958 886 ubi
1986 865 2046 887 cor
2069 865 2199 897 magno
2229 861 2329 888 motu

1346 900 1464 935 fundit
1489 902 1643 945 spiritus.
1702 902 1747 938 Ut
1770 903 1876 945 igitur
1898 904 1990 937 filius
2013 903 2080 938 Dei
2104 911 2154 938 est
2176 904 2291 947 imago
2308 915 2328 938 a

1347 959 1462 984 mente
1484 952 1598 995 genita
1619 965 1626 987 ε
1664 953 1712 987 ita
1737 953 1881 998 spiritus
1904 961 1953 988 est
1974 966 1993 987 a
2017 954 2197 988 voluntate
2219 954 2327 998 patris

1346 1008 1376 1034 et
1390 1002 1470 1042 filii,
1494 1014 1554 1036 seu
1570 1015 1668 1036 amor
1683 1015 1743 1036 seu
1759 1004 1886 1038 amoris
1900 1005 2005 1037 ardor
2031 1011 2064 1038 et
2082 1002 2230 1046 halitus,
2257 1016 2327 1050 quo

1345 1063 1381 1084 se
1405 1059 1502 1096 pater
1536 1060 1568 1086 et
1598 1053 1689 1086 filius
1724 1061 1847 1087 mutuo
1874 1055 2173 1099 complectuntur,
2201 1061 2235 1089 et
2258 1067 2327 1100 quo

1347 1103 1490 1145 angelos
1525 1110 1556 1136 et
1590 1101 1750 1136 homines
1776 1105 2066 1147 complectuntur.
2122 1104 2204 1139 ldeo
2228 1112 2262 1139 et
2288 1105 2326 1138 in

1346 1150 1410 1185 hac
1447 1151 1592 1186 historia
1631 1152 1792 1187 Christus
1828 1151 1940 1188 halitu
1972 1156 2119 1198 largitur
2156 1155 2328 1199 Spiritum

1347 1210 1523 1245 sanctum,
1553 1204 1634 1249 quia
1661 1217 1680 1237 a
1704 1204 1885 1238 voluntate
1909 1205 2052 1249 spiritus
2079 1206 2256 1253 procedit,
2293 1213 2328 1240 et

1347 1266 1425 1287 cum
1451 1254 1632 1289 voluntate
1656 1267 1717 1288 cor
1742 1256 1779 1288 in
1796 1252 1940 1289 Christo
1965 1256 2168 1301 copulatum
2185 1262 2255 1300 est,
2289 1256 2328 1289 in

1347 1317 1417 1350 quo
1443 1306 1542 1338 ardet
1567 1318 1666 1339 amor
1689 1317 1768 1349 erga
1793 1317 1869 1341 nOS.

1450 1355 1490 1388 ln
1517 1353 1581 1389 hac
1608 1356 1859 1394 similitudine,
1892 1367 1952 1389 seu
1978 1356 2113 1399 pictura
2138 1356 2247 1390 multa
2274 1357 2330 1390 di-

1347 1412 1503 1441 scuntur.
1560 1406 1717 1439 Primum
1742 1407 1860 1451 aliquo
1886 1408 1992 1440 modo
2017 1414 2231 1440 monstratur
2255 1407 2328 1440 dis-

1349 1456 1480 1488 crimen
1506 1457 1758 1498 generationis,
1793 1464 1825 1491 et
1852 1456 2053 1501 spirationis
2078 1457 2116 1490 in
2133 1457 2328 1493 divinitate.

1350 1505 1540 1540 Generatio
1565 1515 1614 1540 est
1639 1507 1780 1551 proprie
1799 1519 1815 1540 a
1832 1513 1965 1548 mente,
2002 1507 2146 1551 spiratio
2170 1514 2219 1540 est
2234 1519 2252 1540 a
2267 1520 2330 1541 vo-

1350 1557 1494 1592 luntate.
1546 1556 1682 1590 Deinde
1704 1558 1941 1600 significatur,
1980 1569 2041 1590 cur
2062 1558 2155 1591 filius
2187 1564 2330 1592 vocetur

1351 1607 1483 1648 imago,
1521 1608 1601 1652 quia
1626 1619 1723 1640 mens
1746 1608 1855 1649 gignit
1880 1608 2062 1650 imagines.
2116 1607 2201 1642 Item
2223 1605 2330 1655 λόγος

1352 1664 1399 1690 est
1426 1657 1538 1698 filius,
1566 1658 1647 1703 quia
1671 1665 1720 1691 est
1742 1658 1874 1701 imago,
1901 1656 2116 1701 significatur
2133 1658 2237 1692 etiarn
2255 1670 2330 1692 ma-

1350 1708 1497 1751 gnitudo
1515 1709 1644 1741 amoris
1657 1707 1719 1741 Dei
1738 1720 1815 1752 erga
1835 1719 1904 1746 eos,
1920 1708 2047 1754 quibus
2064 1709 2167 1742 datur
2176 1707 2330 1753 Spiritus

1350 1765 1500 1794 sanctus,
1554 1758 1646 1801 Quia
1671 1766 1708 1793 ut
1729 1760 1871 1803 spiritus
1888 1771 1927 1792 ex
1943 1765 2064 1792 nostro
2080 1760 2184 1793 corde
2202 1760 2330 1794 effusus

1350 1809 1386 1841 in
1411 1809 1529 1843 osculo
1553 1810 1704 1843 nuncius
1730 1816 1779 1843 est
1802 1810 1874 1842 veri
1899 1809 2045 1850 amoris,
2085 1816 2118 1843 et
2140 1810 2330 1844 transfusio

1350 1866 1496 1893 naturae
1513 1867 1669 1900 nostrae,
1696 1861 1741 1893 ita
1759 1860 1907 1893 sciamus
1924 1872 2046 1893 verum
2058 1886 2066 1900 ,
2093 1872 2167 1893 non
2185 1860 2329 1894 simula-

1349 1917 1423 1944 tum
1448 1922 1603 1944 amorem
1626 1923 1715 1951 esse,
1749 1922 1826 1944 cum
1845 1909 1939 1943 Deus
1963 1910 2000 1942 in
2023 1921 2087 1943 nos
2110 1911 2272 1954 spiritum
2288 1923 2329 1945 ex

1348 1973 1420 1994 sese
1443 1962 1676 2000 transfundit,
1703 1961 1790 1995 sicut
1815 1960 1851 1994 in
1876 1959 1969 1994 loele
1993 1961 2094 1995 dicit:
2137 1960 2329 1995 Effundam

1348 2013 1391 2044 de
1418 2011 1544 2054 spiritu
1564 2024 1641 2045 meo
1660 2023 1764 2055 super
1781 2022 1919 2044 omnem
1942 2023 2093 2047 carnem.
2145 2010 2330 2046 Admone-

1321 2059 1323 2066 '
1348 2074 1428 2096 mur
1450 2062 1530 2095 item
1563 2075 1666 2106 quam
1698 2062 1859 2095 miranda
1885 2061 2082 2096 similitudo
2111 2061 2155 2097 sit
2186 2063 2328 2097 divinae

1348 2120 1492 2146 naturae
1513 2113 1549 2145 in
1575 2111 1729 2146 homine.
1791 2111 1838 2146 Et
1867 2119 2038 2157 quantum
2070 2113 2222 2154 malum,
2266 2111 2329 2148 has

1346 2162 1410 2197 Dei
1432 2164 1616 2207 imagines,
1638 2175 1697 2197 seu
1713 2163 1962 2197 similitudines
1979 2163 2016 2196 in
2032 2170 2156 2197 natura
2174 2160 2327 2197 humana

1346 2216 1605 2253 contaminare,
1655 2221 1688 2248 et
1709 2227 1726 2248 a
1751 2213 1825 2248 Deo
1858 2214 2018 2250 avellere.
2077 2213 2172 2247 Haec
2200 2220 2232 2247 et
2258 2214 2327 2248 alia

1346 2266 1455 2298 multa
1476 2266 1523 2309 pii
1543 2263 1609 2299 hoc
1632 2265 1708 2299 loco
1726 2265 1876 2309 cogitare
1901 2270 2046 2309 possunt
2069 2263 2330 2298 considerantes

1346 2317 1421 2349 dari
1441 2316 1611 2360 Spiritum
1638 2323 1795 2349 sanctum
1822 2315 1897 2360 ipso
1915 2313 2038 2347 halitu.
2106 2312 2238 2359 Estque
2262 2313 2329 2350 hoc

1347 2368 1546 2407 sciendum,
1575 2379 1652 2399 cum
1675 2365 1806 2406 halitu,
1840 2377 1899 2397 seu
1923 2365 2030 2404 flatu,
2057 2376 2116 2398 seu
2140 2366 2327 2399 emissione

1347 2418 1490 2461 spiritus
1505 2418 1695 2461 corporalis
1713 2429 1752 2450 ex
1770 2422 1906 2461 pectore
1922 2413 2065 2454 Christi,
2082 2427 2200 2449 revera
2219 2417 2326 2450 simul

1346 2469 1452 2502 fuisse
1479 2468 1592 2512 ipsum
1621 2468 1791 2512 Spiritum
1824 2472 2003 2507 sanctum,
2044 2477 2227 2510 personam
2254 2473 2326 2500 ter-

1348 2519 1430 2552 tiam
1456 2519 1669 2559 divinitatis,
1704 2524 1741 2551 ut
1763 2515 1847 2550 haec
1865 2528 1944 2550 vere
1959 2524 2169 2560 congruant:
2198 2516 2328 2551 Effun-

1348 2571 1429 2602 dam
1449 2571 1492 2602 de
1508 2569 1632 2614 spiritu
1648 2580 1737 2601 meo.
1788 2566 1882 2600 Haec
1906 2568 2058 2601 breviter
2078 2568 2255 2608 recensui,
2288 2574 2327 2601 ut

1349 2621 1494 2654 lectores
1527 2620 1724 2653 invitentur
1746 2619 1787 2652 ad
1813 2618 1905 2663 piam
1932 2619 1974 2651 de
2004 2616 2058 2652 his
2095 2618 2200 2653 tantis
2222 2618 2326 2652 rebus

1351 2671 1610 2714 cogitationem.
