2415 2942
311 112 382 147 459

314 204 505 231 creaturam
522 192 642 237 gignit.
687 191 834 235 Quoties
850 194 979 235 gratiae
993 195 1125 228 mentio
1144 195 1191 236 sit,
1209 192 1293 227 haec

315 252 385 282 duo
413 245 654 289 complectitur
680 244 870 287 scriptura,
911 245 1151 277 remissionem
1176 257 1298 289 pecca-

316 307 451 337 turum,
485 304 516 329 et
544 294 768 327 donatiouem
794 294 947 338 Spiritus
971 296 1101 338 sancti,
1141 303 1179 329 ut
1206 296 1297 328 infra

315 359 436 381 rursus
464 347 500 379 in
533 352 654 377 octavo
688 345 799 388 capite
835 345 925 378 clarc
958 347 1105 383 dicetur,
1169 344 1300 379 Errant

317 399 424 440 igitur
449 397 509 442 qui
528 396 708 439 disputant
727 396 862 439 aliquos
879 397 913 428 in
933 397 1039 439 gratia
1066 408 1138 431 csse
1163 398 1299 431 tametsi

316 448 489 493 Spiritum
514 453 673 480 sanctum
701 458 770 478 non
792 444 954 482 habeant.

504 521 718 559 Comparatio
746 523 883 559 pcccati
910 526 940 550 ce
963 525 1108 559 gratiae.

417 582 538 625 Longe
565 581 706 614 uberior
735 588 784 614 est
807 582 938 625 gratia,
978 596 1081 627 quam
1112 590 1302 627 peccatum,

319 635 400 679 quia
425 633 533 676 gratia
560 633 675 664 abolet
698 633 806 664 multa
836 639 992 676 peccata,
1032 641 1105 667 tum
1131 634 1302 676 originale

319 693 393 719 tum
419 683 586 722 actualia,
629 684 856 726 quantumvis
889 684 1029 717 atrocia.
1084 683 1131 717 Et
1165 684 1301 716 tametsi

320 742 496 780 peccatum
517 731 654 765 haereat
673 733 709 764 in
727 734 873 771 sanctis,
902 741 1017 766 tamen
1040 734 1149 766 vincit
1174 734 1304 775 gratiae

321 785 547 828 magnitudo,
578 795 638 815 uec
662 790 838 826 peccatum
866 791 1002 826 regnet,
1028 791 1059 817 ct
1083 784 1216 817 occidat
1236 796 1303 823 eos,

321 848 445 878 magna
478 834 669 867 consolatio
693 834 728 864 in
756 831 823 865 hoc
857 834 933 866 loco
967 836 1076 877 posita
1102 841 1161 866 est.
1217 834 1303 866 Nam

321 900 398 920 curn
423 885 565 918 uberior
591 884 634 916 sit
658 884 787 925 gratia,
815 896 919 927 quain
950 892 1147 927 peccatum,
1174 885 1302 917 sentire

321 938 505 973 debemus,
546 934 642 966 nulla
667 940 735 966 tam
760 935 889 966 atrocia
915 946 986 967 esse
1017 942 1175 979 peccata,
1216 947 1305 980 quae

322 999 394 1020 non
414 991 551 1027 superet
569 984 765 1028 amplitudo
788 985 929 1027 gratiae.

647 1056 800 1097 Effectus
829 1060 975 1096 gratiae.

427 1120 549 1153 Gratia
567 1130 639 1151 non
658 1120 764 1151 modo
781 1126 958 1162 peccatum
978 1120 1112 1160 abolet,
1129 1120 1187 1153 sed
1205 1119 1307 1152 etiam

325 1178 482 1205 mortem.
548 1169 586 1203 Si
609 1169 713 1202 unius
737 1170 835 1202 Adae
860 1170 987 1203 delicto
1016 1182 1110 1203 mors
1141 1171 1309 1213 regnavit,

324 1223 435 1255 multo
460 1220 568 1262 magis
590 1221 788 1262 regnabunt
812 1221 849 1252 in
877 1221 946 1254 vita
972 1233 1032 1264 per
1057 1234 1166 1253 unum
1195 1220 1307 1254 lesum

326 1271 507 1307 Christum
528 1271 599 1310 illi,
617 1271 677 1315 qui
697 1272 941 1304 exuberantem
961 1272 1107 1313 gratiam
1126 1279 1158 1305 et
1177 1273 1308 1304 donum

329 1323 485 1356 iusticiae
507 1322 694 1364 accipiunt.
750 1319 909 1354 Observa
929 1323 964 1353 in
985 1323 1171 1364 particula,
1197 1322 1309 1354 multo

326 1374 436 1416 magis
453 1371 604 1416 αὔξησιν
627 1371 774 1414 gratiae,
805 1372 899 1416 quod
924 1379 1062 1415 superet
1084 1373 1214 1416 peccati
1239 1372 1308 1403 vim

328 1431 361 1458 et
387 1422 673 1466 magnitudinem.

736 1495 788 1524 De
822 1496 904 1535 Iege.

432 1556 586 1591 Curlata
603 1563 653 1589 est
677 1556 753 1589 lex?
786 1568 866 1589 nam
890 1557 978 1589 ratio
1002 1554 1154 1589 humana
1181 1557 1311 1591 iudicat

331 1610 422 1651 leges
441 1609 518 1640 ideo
537 1607 638 1646 ferri,
656 1614 692 1639 ut
712 1604 921 1650 prohibeant
942 1614 1089 1650 peccata.
1133 1607 1198 1639 Sed
1219 1608 1310 1641 Pau-

331 1661 386 1692 lus
421 1660 523 1699 longe
546 1658 646 1690 aliter
673 1658 883 1701 pronunciat
909 1659 952 1690 de
974 1658 1064 1699 lege:
1106 1657 1176 1691 Per
1201 1659 1308 1701 legem

332 1710 525 1743 abundavit
543 1715 731 1752 peccatum.
781 1707 880 1741 Hanc
898 1708 1104 1741 sententiam
1131 1709 1310 1753 aliquanto

332 1767 410 1804 post
431 1759 622 1793 declarabit
645 1759 680 1791 in
706 1758 739 1793 7.
763 1759 885 1802 capite.
938 1758 982 1791 Et
1007 1760 1183 1803 quomodo
1209 1761 1310 1792 valde

332 1811 481 1843 absurda
499 1810 653 1849 videtur,
681 1821 775 1842 nunc
799 1809 913 1842 statim
931 1809 1065 1852 mitigat
1085 1822 1120 1842 ea
1140 1822 1227 1854 quae
1246 1812 1309 1843 ob-

336 1862 394 1894 iici
415 1867 576 1905 possunt,
612 1872 698 1903 quae
722 1867 858 1899 tamen,
892 1866 931 1893 ut
953 1861 1089 1893 facilius
1108 1860 1310 1903 intelligan-

333 1919 410 1950 tur,
437 1922 500 1943 nos
517 1918 617 1943 antea
637 1911 787 1944 breviter
803 1911 845 1943 de
863 1911 946 1953 legis
964 1911 1077 1943 officio
1095 1912 1259 1946 dicemus.

434 1961 534 2003 Legis
551 1962 619 1992 duo
634 1968 713 1993 sunt
731 1962 858 1993 officia:
882 1960 1039 1993 Primum
1059 1969 1107 1994 est
1125 1960 1310 1995 cohercere

333 2012 470 2055 impios.
524 2010 608 2043 Vult
634 2012 727 2045 enini
751 2011 845 2045 Deus
868 2012 1008 2055 politica
1035 2012 1169 2045 iusticia
1197 2013 1311 2046 conti-

333 2062 408 2095 neri
426 2062 553 2100 malos,
580 2073 623 2093 ne
644 2069 810 2096 noceant:
848 2063 891 2094 de
912 2060 976 2095 hoc
999 2062 1122 2096 effectu
1147 2063 1231 2105 legis
1258 2063 1310 2095 lo-

335 2113 456 2157 quitur
476 2111 607 2145 Paulus
623 2113 665 2143 ad
685 2110 912 2144 Timotheum
927 2139 934 2152 ,
962 2113 1021 2145 ubi
1039 2112 1103 2150 ait,
1129 2114 1237 2155 legem
1256 2114 1310 2145 in-

336 2163 437 2196 iustis
462 2162 608 2205 positam
635 2174 715 2194 esse.
767 2161 889 2206 Neque
914 2161 994 2194 v‘cro
1019 2160 1103 2194 haec
1125 2163 1310 2208 disciplina

339 2220 387 2246 est
414 2213 547 2246 iusticia
571 2224 685 2245 coram
709 2210 802 2253 Deo,
837 2213 895 2244 sed
922 2219 1057 2245 tantum
1086 2214 1127 2245 ad
1155 2214 1310 2256 politiam

339 2276 377 2296 ac
394 2264 615 2306 magistratus
635 2263 797 2306 pertinet.
849 2261 893 2295 Et
911 2275 1031 2295 omnes
1054 2263 1143 2304 leges
1165 2264 1253 2297 latae
1269 2266 1312 2298 ab

340 2313 559 2352 hominibus,
586 2314 629 2345 ab
647 2311 700 2345 his
717 2313 776 2357 qui
792 2320 911 2346 tenent
934 2313 1145 2355 respublicas
1167 2315 1313 2358 scriptae

339 2365 442 2397 etiam
460 2361 735 2407 aPhilosophis,
760 2370 894 2396 tantum
914 2361 1035 2396 dehac
1052 2371 1190 2397 externa
1209 2366 1313 2399 ‹lisci-

337 2415 433 2458 plina
452 2414 598 2456 intelligi
616 2415 760 2454 debent,
785 2426 871 2459 quae
889 2413 1029 2459 quidem
1045 2421 1094 2446 est
1114 2417 1314 2457 necessaria,

339 2465 474 2497 tametsi
493 2476 564 2496 non
583 2471 630 2496 est
656 2465 790 2497 iusticia
813 2476 928 2497 coram
953 2462 1037 2497 Deo.
1091 2464 1161 2498 Nec
1183 2466 1313 2500 Paulus

340 2516 388 2548 sic
406 2515 553 2556 intelligi
570 2515 689 2553 debet,
713 2527 790 2548 cum
809 2515 873 2555 ait,
900 2515 973 2557 lege
991 2515 1106 2558 augeri
1126 2524 1314 2560 peccatum,

341 2565 438 2610 quasi
459 2565 547 2598 nolit
565 2563 739 2598 coherceri
759 2566 843 2599 soris
863 2565 989 2608 impios
1005 2573 1037 2600 et
1054 2567 1228 2608 carnales,
1255 2575 1315 2601 aut

342 2615 469 2649 sentiat
499 2614 635 2648 incitari
663 2613 841 2657 homines,
882 2622 921 2650 ut
950 2616 1051 2660 plura
1077 2617 1202 2652 delicta
1231 2619 1316 2652 soris

340 2666 535 2699 admittant.

900 107 1025 142 PtttL.
1054 107 1168 145 MEL.
1195 107 1401 144 SCRtPTA
1432 107 1730 146 EXEGETICA.

1323 197 1327 213 l

1324 219 1328 260 l

2255 115 2327 152 460

1449 195 1610 229 Alterum
1639 194 1792 229 osticium
1816 196 1903 240 legis
1926 205 1978 233 est
2001 200 2187 234 ostendere
2211 213 2330 246 pecca-

1350 252 1442 286 tum,
1470 253 1501 279 et
1518 253 1646 279 terrere
1664 247 1908 282 conscientias.
1962 249 2039 284 Hoc
2057 262 2136 284 cum
2154 251 2213 294 fit,
2228 255 2334 287 corda

1350 297 1558 329 naturaliter
1582 297 1782 331 irascuntur
1806 298 1938 331 iudicio
1960 299 2044 341 Dei,
2072 308 2105 334 et
2129 303 2335 347 concipiunt

1351 348 1472 379 odium
1486 347 1563 381 Dei.
1616 346 1675 380 Sic
1694 349 1747 380 lex
1763 355 1864 391 auget
1880 357 2057 392 peccatum
2072 378 2081 391 ,
2108 359 2148 386 ut
2166 353 2258 387 infra
2278 366 2337 387 ex-

1353 404 1459 441 ponet
1491 396 1633 431 Paulus.
1691 397 1801 441 Negat
1830 399 1945 444 itaque
1971 401 2195 445 disciplinam
2225 410 2336 438 exter-

1352 460 1432 480 nam
1458 459 1527 480 esse
1546 448 1740 489 iusticiam,
1770 456 1802 482 et
1826 451 1925 484 docet
1952 451 2061 494 legem
2080 459 2118 485 ut
2142 454 2336 496 plurimum

1353 498 1495 539 efficiat,
1522 505 1657 532 tantum
1683 506 1813 532 terrere
1840 502 2088 543 conscientias,
2115 509 2148 536 et
2170 505 2338 540 occidere.

1354 550 1451 582 Sicut
1476 550 1519 582 ad
1547 547 1739 583 Corinthos
1765 551 1904 585 scribit:
1942 551 2096 585 Aculeus
2113 555 2236 588 mortis
2259 567 2340 597 pec-

1354 606 1468 632 catum
1499 606 1567 639 est,
1608 601 1764 642 potentia
1807 614 1889 633 vero
1926 603 2056 645 peccati
2107 603 2173 640 lex.
2240 604 2335 638 Hinc

1355 651 1574 695 quaestiones
1592 651 1674 683 illae
1692 651 1857 686 oriuntur
1874 652 1910 684 in
1931 664 2004 697 cap.
2024 660 2132 689 sexto.

1587 765 1843 819 Digresszb.
1904 766 2004 820 Cap.
2035 768 2075 807 V
2080 770 2108 810 Ι.

1459 865 1548 898 Cum
1567 866 1738 899 sententia
1755 866 1821 898 iam
1840 866 1948 910 posita
1968 868 2010 899 de
2030 867 2103 909 lege
2122 874 2155 902 et
2174 868 2338 912 operibus

1359 915 1458 947 valde
1482 916 1631 949 absurda
1658 917 1833 957 videatur,
1869 917 2034 951 reclamat
2060 915 2212 952 humana
2238 920 2339 954 ratio,

1359 965 1394 999 Si
1420 963 1511 997 nihil
1539 974 1687 1012 prosunt
1712 968 1803 1000 bona
1837 979 1941 1011 opera
1969 969 2010 1000 ad
2047 968 2338 1011 insufflationem,

1360 1016 1621 1058 indulgebimus
1644 1017 1750 1059 igitur
1765 1018 1887 1059 genio,
1914 1025 1946 1051 et
1963 1019 2193 1062 peccabimus.
2248 1019 2340 1053 Satis

1360 1067 1425 1099 erit
1443 1067 1582 1099 credere
1605 1067 1641 1098 in
1657 1065 1851 1102 Christum.
1905 1067 1954 1101 Ita
1983 1069 2124 1102 tandem
2147 1070 2203 1103 fiet
2225 1070 2338 1103 multo

1361 1117 1569 1160 locupletior
1586 1117 1712 1159 gratia,
1729 1118 1808 1162 quia
1827 1118 1854 1150 si
1872 1119 2048 1162 pergimus
2065 1131 2218 1163 peccare,
2235 1120 2337 1163 plura

1361 1174 1498 1211 peccata
1522 1167 1686 1201 abolebit.
1739 1167 1887 1201 Prorsus
1920 1169 2037 1201 eadem
2063 1171 2283 1205 obiiciuntur
2307 1177 2340 1204 et

1362 1229 1457 1251 nunc
1481 1218 1572 1257 istis,
1600 1218 1660 1262 qui
1684 1218 1877 1252 defendunt
1909 1219 2081 1251 iusticiam
2108 1221 2198 1253 fidet.
2250 1219 2341 1254 Pru-

1363 1271 1486 1301 denter
1517 1269 1610 1302 enim
1645 1268 1733 1301 vidit
1759 1268 1907 1309 Paulus,
1943 1271 2119 1313 quomodo
2155 1268 2342 1305 abhorreat

1363 1317 1446 1352 haec
1470 1320 1628 1352 doctrina
1653 1331 1671 1351 a
1696 1319 1827 1352 iudicio
1858 1319 2015 1352 rationis.
2069 1319 2225 1363 Quidam
2258 1333 2340 1365 pro-

1362 1367 1472 1412 phani
1514 1367 1676 1402 homines
1720 1369 1867 1402 Paulum
1910 1371 1996 1402 adeo
2032 1378 2156 1413 putant
2189 1383 2340 1405 crassum

1362 1419 1487 1458 fuisse,
1521 1426 1560 1452 ut
1585 1431 1658 1451 non
1678 1419 1804 1452 viderit
1823 1431 1858 1452 sc
1885 1431 2005 1463 parum
2030 1429 2260 1454 consentanea
2285 1434 2342 1454 ra-

1363 1470 1448 1503 tioni
1476 1470 1608 1509 dicere,
1647 1477 1678 1503 et
1706 1470 1811 1502 miras
1829 1467 2039 1514 hyperbolas
2064 1471 2340 1505 comminiscun-

1362 1527 1437 1560 tur,
1464 1528 1502 1553 ut
1522 1521 1729 1553 medeantur
1752 1520 1824 1553 eius
1841 1521 2012 1559 orationi,
2039 1533 2082 1553 ne
2101 1521 2281 1555 dissentiat
2297 1522 2341 1555 ab

1362 1568 1518 1603 humano
1548 1570 1691 1604 iudicio.
1743 1569 1807 1602 llte
1837 1581 1919 1603 vero
1945 1577 1976 1602 et
1999 1570 2087 1603 vidit
2111 1582 2145 1603 se
2175 1572 2288 1605 aliena
2322 1583 2341 1604 a

1363 1621 1493 1653 iudicio
1510 1620 1656 1653 rationis
1680 1620 1834 1661 tradere,
1869 1627 1902 1653 et
1920 1632 1963 1652 ne
1983 1621 2060 1665 quis
2076 1621 2243 1664 suspicari
2261 1633 2341 1666 pos-

1362 1677 1428 1710 set,
1444 1668 1504 1703 has
1521 1671 1708 1704 sententias
1725 1669 1755 1702 ei
1773 1666 1978 1715 λεληθότως
1994 1678 2025 1704 et
2043 1683 2165 1715 parum
2182 1672 2342 1705 animad-

1362 1721 1511 1754 vertenti
1530 1721 1706 1760 excidere,
1733 1722 1840 1763 agitat
1856 1728 2101 1764 argumentum
2119 1723 2283 1763 rationis,
2308 1730 2341 1756 et

1363 1772 1495 1815 prolixe
1515 1769 1768 1809 rhetoricatur,
1797 1778 1829 1805 et
1845 1784 1917 1804 non
1943 1778 2077 1805 tantum
2105 1773 2200 1806 illius
2222 1773 2340 1811 seculi,

1361 1823 1418 1855 sed
1438 1822 1595 1855 omnium
1615 1829 1813 1865 temporum
1830 1822 2017 1856 calumniis
2034 1825 2229 1868 respondet.

1690 1912 1804 1943 Prima
1834 1915 2019 1952 occupatio.

1461 1987 1638 2024 Obiectio.
1673 1989 1710 2024 Si
1727 1991 1819 2024 bona
1839 2003 1941 2033 opera
1958 2002 2030 2023 non
2047 1997 2226 2025 merentur
2241 1991 2342 2025 iusti-

1362 2040 1585 2083 ficationem,
1614 2051 1796 2084 pergamus
1821 2042 1927 2084 igitur
1952 2053 2102 2085 peccare.

2289 2098 2343 2134 Ex

1465 2098 1663 2142 Responsio
1697 2100 1848 2133 sumitur
1878 2112 1917 2132 ex
1955 2100 2092 2133 duobus
2127 2100 2224 2136 locis.

1370 2160 1470 2182 causa
1493 2149 1608 2190 finali,
1643 2156 1675 2183 et
1698 2162 1738 2182 ex
1765 2162 1863 2183 causa
1890 2151 2068 2185 efficiente.

1463 2206 1518 2241 Ex
1537 2220 1636 2241 causa
1655 2207 1754 2242 finali
1771 2209 1807 2242 fit
1830 2210 1997 2242 inversio.
2053 2208 2128 2241 Imo
2146 2208 2223 2241 ideo
2242 2207 2343 2241 iusti-

1365 2257 1457 2292 ficati
1479 2259 1580 2300 estis,
1615 2265 1653 2292 ut
1678 2259 1767 2292 bene
1791 2260 1997 2303 operemini.
2048 2258 2097 2292 Ut
2120 2259 2149 2290 si
2175 2258 2253 2303 quis
2277 2256 2343 2291 hoc

1366 2310 1470 2342 modo
1487 2316 1760 2352 argumentetur.
1813 2310 1929 2343 Labor
1946 2321 2017 2342 non
2035 2309 2175 2352 prodest
2192 2315 2344 2352 aegroto,

1365 2358 1458 2402 Ergo
1482 2359 1584 2393 etiam
1610 2367 1749 2393 curatus
1767 2359 1858 2393 nihil
1877 2371 1986 2402 agam.
2037 2357 2342 2403 Respondendum

1366 2411 1430 2443 erit
1454 2422 1515 2452 per
1538 2410 1774 2444 inversionem
1799 2422 1837 2443 ex
1867 2421 1967 2443 causa
1998 2409 2117 2443 finali:
2162 2409 2238 2443 Irno
2262 2410 2341 2444 ideo

1367 2468 1505 2494 curatus
1524 2472 1575 2500 es,
1609 2468 1646 2494 ut
1664 2462 1827 2504 deinceps
1844 2461 1990 2494 labores.

1467 2518 1592 2552 Statim
1606 2519 1746 2552 subiicit
1768 2531 1905 2552 causam
1925 2519 2148 2559 efficientem,
2174 2518 2235 2552 ubi
2254 2531 2342 2564 quo-

1368 2569 1461 2602 niam
1482 2576 1533 2602 est
1557 2566 1756 2610 antithesis,
1803 2570 1880 2602 ideo
1899 2570 1969 2602 duo
1990 2570 2143 2602 membra
2160 2575 2242 2603 sunt
2262 2581 2341 2602 sen-

1369 2620 1506 2654 tentiae.
1559 2618 1634 2662 Ego
1652 2620 1790 2654 duobus
1810 2620 2020 2666 syllogismis
2038 2620 2214 2654 includam
2234 2626 2340 2654 totam

1368 2669 1468 2704 Pauli
1492 2670 1710 2704 sententiam.
