2415 2942
41 116 115 153 653
216 114 315 151 xm,
367 116 402 150 2.
431 111 793 149 COMMENTARH
823 112 871 147 ΙΝ
899 110 1051 147 EPIST.

42 211 228 252 personam
253 199 412 233 conversi
438 205 471 232 et
494 199 716 233 sanctificati:
757 198 856 243 quasi
885 198 921 230 in
946 209 1026 230 san-

42 251 198 287 ctificatis
214 251 334 284 nullae
351 250 422 284 sint
439 250 609 296 reliquiae
635 249 783 293 peccati,
816 255 877 282 aut
900 255 1025 281 natura

42 303 180 349 penitus
196 301 240 335 sit
255 308 443 341 renovata,
473 308 505 334 et
524 301 614 334 nulli
633 301 703 333 sint
722 299 839 332 vitiosi
864 305 989 332 motus.

143 352 261 386 Facile
277 359 395 385 autem
414 352 473 385 illa
484 351 686 394 imaginatio
696 350 807 383 refelli
820 356 929 394 potest
941 361 1027 382 con-

43 415 146 439 sensu
169 403 434 447 scripturarum.
488 401 575 436 Nam
599 409 633 435 et
657 402 692 434 in
720 399 837 434 Galat.
864 400 1028 433 similiter

44 454 256 488 describitur
272 451 337 486 hoe
355 460 529 486 certamen
550 452 586 484 in
612 451 757 492 sanctiS‚
789 463 867 484 cum
893 451 1026 496 inquit:

44 505 198 550 Spiritus
223 504 437 547 concupiscit
459 505 624 535 adversus
650 514 808 542 carnem,
849 500 939 535 Caro
966 502 1026 534 ad-

45 567 166 589 versus
199 554 375 598 spiritum.
433 554 481 587 Et
512 565 613 597 saepe
646 553 683 586 in
710 552 876 593 Psalmis,
911 551 1026 585 David

46 617 234 640 conversus
252 612 284 638 et
307 610 446 638 sanctus
469 604 628 647 deplorat
651 615 811 648 praesens
837 610 1028 646 peccatum,

45 664 84 691 nt
109 656 146 689 in
170 655 260 689 Psal.
286 655 336 689 De
359 654 547 698 profundis
571 661 634 688 etc.
678 653 768 689 Psal.
790 656 863 689 19.:
892 653 1027 687 Delicta

45 707 124 752 quis
140 706 330 749 intelligit?
356 704 412 738 Ab
429 705 574 738 occultis
596 705 684 738 meis
706 706 837 738 munda
864 717 929 739 me.
982 702 1028 737 Et

45 757 173 791 Psalm.
199 756 298 791 145.:
331 754 412 789 Non
436 756 545 789 intres
568 755 606 788 in
631 756 801 790 iudicium
824 767 903 788 cum
927 767 1027 788 servo

45 815 124 849 tuo,
142 808 204 853 qui
221 819 293 839 non
314 807 559 840 iustificabitur
575 809 612 839 in
629 813 817 850 conspectu
835 813 895 839 tuo
912 805 1028 839 omnis

45 859 179 891 vivens.
233 855 279 891 Et
297 857 354 890 Ps.
374 858 450 893 33.:
483 856 552 890 Pro
570 855 637 891 boc
653 857 769 891 orabit
788 858 830 890 ad
856 864 889 891 te
913 856 1028 889 omnis

44 915 183 943 sanctus
198 914 262 943 etc.
314 906 410 941 Haec
426 908 627 941 testimonia
645 907 866 941 Psalmorum
886 918 1028 951 prorsus

44 958 269 994 consentiunt
284 969 361 991 curn
380 956 445 991 hoc
467 959 543 992 loco
561 957 682 999 Pauli,
716 965 749 992 et
771 959 864 992 idem
891 959 1029 998 docent,

46 1011 140 1056 quod
158 1006 216 1042 hic
231 1009 386 1052 disputat
400 1008 550 1048 Paulus,
577 1010 759 1050 videlicet,
795 1008 899 1052 Quod
925 1021 1027 1041 nemo

45 1060 114 1104 legi
146 1059 354 1100 satisfaciat,
396 1061 492 1104 quod
533 1068 696 1094 maneant
720 1060 756 1092 in
787 1060 915 1093 sanctis
946 1060 1028 1092 reli·

45 1111 146 1156 quiae
165 1110 313 1154 peccati,
341 1109 445 1152 Quod
467 1110 576 1144 sancti
593 1111 662 1144 sint
679 1111 778 1151 iusti,
806 1111 840 1142 id
869 1117 935 1150 est,
970 1122 1028 1143 ac-

45 1161 134 1206 cepti
163 1172 227 1205 per
257 1161 553 1201 misericordiam,
588 1162 767 1195 credentes
798 1161 864 1194 sibi
895 1161 1026 1194 remitti

43 1218 181 1260 peccata
208 1217 350 1255 propter
374 1209 569 1245 Christum.
621 1211 721 1246 Sicut
747 1212 853 1255 igitur
877 1212 911 1243 in
930 1211 1026 1244 Psal-

45 1263 130 1302 mis,
157 1261 314 1305 exemplo
333 1260 495 1302 Davidis,
524 1263 772 1296 describuntur
795 1273 916 1295 omnes
941 1274 1023 1294 con-

46 1313 136 1346 versi
161 1320 193 1346 et
216 1313 326 1344 sancti
350 1312 387 1344 in
409 1310 584 1346 Ecclesia.-
621 1313 666 1346 ita
693 1319 726 1346 et
752 1310 807 1345 hic
832 1312 960 1345 Paulus
983 1314 1026 1344 de

45 1375 80 1396 se
97 1373 265 1396 converso
283 1369 314 1394 et
330 1362 541 1396 sanctificato
559 1363 733 1408 loquitur,
768 1369 800 1396 et
823 1374 885 1395 suo
910 1375 1025 1396 exem-

42 1414 101 1458 plo
119 1412 284 1446 describit
300 1423 421 1444 omnes
437 1420 574 1446 sanctos
590 1413 625 1446 in
643 1411 810 1447 Ecclesia.

144 1461 254 1507 quue
287 1463 477 1496 ostendunt
508 1464 580 1507 ipsa
611 1464 734 1505 verba,
777 1476 856 1497 cum
892 1463 1023 1508 inquit:

43 1513 207 1547 Delector
222 1513 295 1555 lege
312 1513 391 1548 Dei.
445 1512 547 1547 ltem:
577 1514 696 1547 Mente
713 1515 827 1547 servio
852 1515 918 1557 legi
945 1514 1022 1546 Dei.

44 1564 149 1598 Item:
178 1562 278 1596 Velle
301 1565 398 1597 adest
420 1561 521 1600 mihi.
573 1564 663 1597 Nam
687 1565 723 1598 in
749 1565 865 1608 impiis
890 1565 1024 1598 etiamsi

45 1622 94 1648 est
111 1614 241 1648 noticia
260 1613 374 1658 aliqua
392 1614 494 1656 legis,
522 1621 639 1647 tamen
655 1628 728 1648 non
747 1623 797 1648 est
817 1616 904 1647 illud
923 1616 1024 1655 velle,

46 1672 106 1699 aut
123 1664 285 1698 delectari
307 1664 380 1707 lege
399 1663 484 1705 Dei,
512 1666 554 1697 de
571 1677 640 1709 quo
660 1664 717 1698 hic
736 1666 906 1710 loquitur.
944 1666 1024 1698 ’Non

47 1716 141 1748 enim
170 1713 298 1756 frigide
328 1714 554 1755 intelligenda
583 1722 667 1749 sunt
692 1713 775 1749 haec
800 1717 921 1749 verba:
955 1714 1026 1748 De-

46 1767 155 1799 lector
168 1765 244 1807 lege
264 1764 326 1797 Dei
342 1791 351 1805 ‚
378 1764 477 1797 Velle
494 1767 591 1798 adest
607 1763 695 1798 mihi
713 1773 775 1801 etc.
827 1766 896 1800 Sed
922 1774 1024 1800 testa-

46 1815 242 1850 turPaulus
258 1826 292 1847 se
311 1812 439 1848 babere
457 1816 630 1849 incoatam
647 1817 901 1857 obedientiam,
918 1828 1024 1860 agno-

46 1878 140 1900 scere
157 1865 288 1906 Deum,
317 1866 491 1898 confidere
506 1867 600 1906 Deo,
628 1879 699 1900 non
720 1868 873 1912 relinqui
898 1868 935 1900 in
959 1869 1024 1901 du-

46 1917 236 1956 bitatione,
262 1916 320 1948 sed
340 1916 425 1959 erigi
444 1917 522 1950 fide.
580 1917 685 1959 ltem,
712 1919 864 1952 libenter
880 1918 1025 1952 obedire

45 1966 118 2001 Deo
137 1967 174 2000 in
189 1966 450 2001 afflictionibus.
501 1966 597 2001 Haec
613 1968 782 2012 significat
799 1970 944 2002 verbum
956 1969 1024 2003 De-

47 2019 156 2051 lector
170 2018 243 2060 lege
261 2017 346 2057 Dei,
373 2030 460 2063 quae
477 2025 568 2052 certe
582 2032 653 2052 non
672 2027 754 2054 sunt
772 2020 807 2052 in
828 2020 955 2064 impiis.

150 2066 288 2101 Rursus
316 2068 419 2100 etiam
452 2066 510 2102 hic
540 2072 738 2104 monendus
769 2078 819 2104 est
851 2071 960 2104 lector
984 2071 1026 2103 de

51 2118 252 2152 discrimine
283 2118 459 2152 interioris
494 2127 527 2153 et
558 2121 739 2155 exterioris
770 2119 947 2162 hominis,
984 2122 1026 2154 de

50 2176 165 2202 mente
184 2176 217 2202 et
234 2169 277 2201 de
299 2180 412 2203 carne.
466 2168 617 2203 Interior
640 2169 746 2206 homo
768 2172 938 2215 significat
963 2170 1027 2205 lio-

48 2221 199 2258 minem,
244 2227 416 2264 quatenus
444 2227 632 2254 renovatus
661 2229 712 2256 est
735 2222 871 2266 Spiritu
897 2231 1028 2264 sancto,

50 2269 116 2303 hoc
132 2277 200 2313 est,
226 2277 401 2315 quatenus
420 2268 525 2305 habet
544 2283 666 2306 verum
681 2273 842 2306 timorem
859 2281 890 2307 et
908 2286 1026 2308 veram

49 2320 222 2356 fiduciam.
276 2319 325 2354 lta
343 2328 377 2355 et
400 2333 499 2354 mens
523 2334 594 2355 non
617 2324 787 2366 significat
811 2322 866 2358 hic
892 2331 1026 2358 tantum

54 2377 183 2415 partem
219 2380 505 2413 cognoscentem,
559 2375 618 2406 sed
655 2381 840 2419 utramque
880 2383 1026 2419 partem,

52 2429 312 2464 cognoscentem
330 2429 364 2457 et
385 2431 626 2466 appetentem,
662 2433 834 2470 quatenus
859 2433 1026 2459 renovata

52 2478 101 2505 est
115 2470 249 2515 Spiritu
265 2480 402 2516 sancto,
418 2474 508 2508 sicut
524 2475 657 2521 iuquit:
685 2475 761 2520 Ego
777 2483 893 2510 autern
911 2484 1026 2510 mente

50 2522 165 2555 servio
180 2522 246 2564 legi
262 2523 340 2556 Dei.

150 2571 302 2606 Econtra
328 2574 477 2608 exterior
503 2573 631 2615 homo,
665 2588 728 2611 seu
749 2576 858 2618 Caro,
892 2578 1025 2621 signifi-

48 2629 129 2656 cant
144 2629 255 2656 totum
277 2621 474 2667 hominem,
508 2634 680 2671 quatenus
705 2640 779 2661 non
802 2635 851 2661 est
875 2641 1023 2663 renova-

49 2681 103 2708 tus
118 2672 254 2719 Spiritu
270 2681 405 2709 sancto:
439 2684 471 2712 et
492 2678 689 2723 significant
704 2691 778 2713 non
801 2686 938 2716 tantum
960 2692 1023 2726 ap-

1079 107 1226 146 PAULI
1253 106 1320 142 AD
1347 103 1608 143 ROMANOS.
1661 102 1766 141 CAP.
1794 101 1890 139 vm.
1993 99 2067 135 654

1080 195 1266 240 petitiones
1282 205 1448 227 sensuum
1466 199 1525 226 aut
1543 199 1684 226 externa
1700 189 1870 227 membra,
1888 187 1946 220 sed
1963 185 2068 220 etiam

1078 247 1252 290 potentias
1291 244 1506 288 superiores,
1551 244 1725 277 rationem
1768 248 1802 274 et
1838 239 2068 274 voluntatem,

1079 303 1251 340 qnatenus
1283 307 1356 327 non
1389 301 1471 329 sunt
1503 294 1680 328 renovati:
1716 291 1806 325 sicut
1831 290 1922 323 infra
1947 297 2069 321 rursus

1078 347 1267 379 dicendum
1284 352 1344 381 est.

1184 395 1291 439 Quod
1310 396 1445 442 inquit:
1477 393 1589 427 Miser
1603 405 1684 436 ego,
1717 392 1795 437 quis
1822 403 1876 424 me
1901 389 2069 424 liberabit

1077 460 1096 481 a
1111 458 1256 491 corpore
1271 444 1376 479 huius
1394 445 1543 479 mortis?
1580 456 1647 477 vox
1663 450 1713 476 est
1731 455 1804 475 nou
1830 442 1931 485 impii
1957 448 1989 474 et
2013 451 2068 472 se-

1078 499 1172 539 curi,
1203 498 1262 530 sed
1282 496 1460 537 conversi,
1487 496 1548 541 qui
1564 501 1721 528 versatur
1742 494 1778 525 in
1803 505 1842 525 eo
1867 491 2068 530 certamine,

1079 551 1172 594 quod
1191 555 1240 581 est
1258 547 1441 591 proprium
1459 545 1704 590 poenitentiae.
1759 542 1864 576 Hunc
1883 543 1988 585 igitur
2012 541 2068 573 lo—

1078 613 1156 634 cum
1174 600 1277 632 nobis
1294 598 1386 631 inter
1402 597 1558 641 exempla
1571 594 1808 640 poenitentiae
1819 602 2069 637 proponamus,

1078 658 1112 685 et
1142 651 1316 683 discamus
1348 649 1451 682 talem
1483 660 1554 681 esse
1586 653 1787 690 perpetuam
1813 642 2067 688 poenitentiam

1077 703 1238 746 piorum,
1257 700 1420 733 videlicet
1435 710 1623 742 agnoscere
1642 696 1817 729 miseriam
1835 707 1913 727 cum
1932 691 2068 735 ingenti

1078 753 1220 792 dolore,
1262 748 1328 784 hoc
1351 757 1421 791 est,
1458 759 1703 793 expavescere,
1737 746 1856 790 aliquo
1882 745 1989 777 modo
2013 742 2068 774 vi-

1078 805 1199 836 dentes
1216 802 1379 835 morbum
1399 806 1563 839 naturae,
1591 799 1685 844 quod
1703 809 1776 830 non
1795 803 1877 829 sunt
1903 796 2067 828 ardentes

1080 855 1127 898 pii
1148 862 1262 887 motus
1280 853 1318 885 in
1344 852 1458 885 nobis.
1513 850 1659 887 Timor,
1693 849 1797 886 fides,
1835 845 1976 879 dilectio
2001 843 2067 876 sri—

1079 912 1180 948 gent,
1214 911 1248 938 et
1265 903 1406 937 interim
1423 901 1579 935 carnales
1603 912 1706 934 curae
1730 906 1763 932 et
1786 898 1930 931 affectus
1954 894 2067 938 magis

1080 956 1256 995 eminent,
1290 961 1325 988 et
1343 965 1466 996 magna
1487 964 1566 997 pars
1584 952 1674 985 vitae
1693 951 1823 983 directa
1849 955 1899 981 est
1922 948 1965 979 ad
1990 957 2067 978 car-

1079 1008 1173 1040 nalia
1196 1005 1360 1039 consilia:
1396 1016 1467 1037 non
1493 1010 1566 1036 toto
1590 1003 1722 1046 impetu
1745 999 1927 1043 quaeritur
1953 996 2065 1040 gloria

1078 1057 1157 1093 Dei.
1209 1056 1303 1089 Haec
1330 1056 1413 1088 vitia
1431 1055 1548 1087 videre
1567 1054 1697 1086 debent
1719 1052 1784 1095 pii,
1820 1056 1959 1093 agentes
1983 1058 2066 1091 poe-

1079 1108 1285 1147 nitentiam,
1319 1114 1357 1139 ut
1375 1106 1604 1139 exclamemus
1631 1115 1708 1136 cum
1728 1101 1854 1135 Paulo:
1887 1098 1977 1142 Quis
2001 1108 2066 1130 nos

1077 1159 1241 1193 liberabit
1257 1170 1276 1191 a
1291 1169 1436 1201 corpore
1454 1155 1578 1188 mortis
1597 1152 1730 1187 huius?

1336 1236 1436 1286 Quia
1457 1236 1629 1271 liberabit
1646 1247 1716 1277 me,
1744 1240 1805 1272 etc.

1178 1306 1239 1341 Est
1256 1313 1288 1340 et
1304 1308 1415 1339 forma
1431 1305 1604 1338 sermonis
1619 1303 1838 1337 observanda
1850 1325 1858 1339 ‚
1877 1299 1972 1344 quod
1989 1310 2062 1332 non

1076 1358 1211 1403 inquit:
1249 1356 1338 1400 Quis
1362 1356 1531 1390 liberabit
1553 1367 1609 1388 me
1631 1356 1675 1388 ab
1701 1352 1766 1387 hac
1790 1358 1920 1391 morte,
1961 1350 2020 1383 sed
2046 1361 2065 1382 a

1077 1420 1233 1452 corpore.
1297 1407 1378 1441 Non
1405 1408 1500 1440 enim
1525 1407 1568 1439 de
1593 1417 1707 1450 poena
1731 1410 1867 1438 tantum
1894 1401 2066 1446 loquitur,

1076 1461 1134 1493 sed
1159 1461 1201 1492 de
1229 1466 1379 1502 peccato.
1439 1456 1486 1491 Et
1509 1464 1655 1490 testatur
1680 1466 1805 1499 corpus
1827 1454 1963 1497 ipsum,
1998 1449 2067 1484 hoc

1077 1519 1145 1551 est,
1174 1509 1263 1543 hauc
1281 1518 1440 1543 naturam
1459 1507 1634 1541 carnalem
1661 1507 1861 1539 immersam
1887 1514 1959 1536 esse
1985 1513 2066 1545 pec-

1078 1569 1152 1595 cato
1171 1568 1203 1594 et
1220 1561 1337 1593 morti.
1389 1558 1476 1592 Cum
1494 1559 1586 1590 enim
1604 1557 1764 1589 nominat
1773 1555 1911 1597 Corpus
1925 1552 2063 1590 mortis,

1077 1612 1242 1654 intelligit
1261 1618 1423 1643 naturam
1442 1610 1643 1642 immersam
1670 1614 1829 1650 peccato,
1864 1612 1897 1638 et
1921 1609 2064 1646 propter

1077 1670 1255 1705 peccatum
1287 1661 1478 1694 subiectam
1512 1659 1634 1700 morti,
1669 1655 1736 1692 hoc
1769 1663 1836 1697 est,
1872 1654 2065 1688 subiectam

1077 1713 1148 1746 irae
1165 1712 1246 1753 Dei,
1277 1712 1415 1756 poeniS,
1442 1710 1657 1750 terroribus,
1685 1708 1792 1741 morti
1815 1713 1976 1740 aeternae
2000 1710 2062 1737 etc.

1076 1763 1176 1797 Sicut
1199 1763 1338 1796 Psalmo
1360 1763 1421 1795 28.
1455 1761 1603 1794 dicitur:
1657 1758 1807 1805 Propter
1837 1755 2063 1802 iniquitatem

1075 1814 1275 1858 corripuisti
1296 1812 1488 1849 hominem.

1423 1931 1558 1984 Caput
1594 1929 1716 1970 VIII.

1177 2015 1357 2049 Hactenus
1375 2015 1465 2048 dixit
1482 2016 1525 2047 de
1544 2019 1683 2058 peccato
1700 2019 1732 2045 et
1755 2011 1799 2044 de
1820 2010 1905 2052 lege.
1959 2006 2064 2041 Nunc

1079 2067 1166 2101 redit
1185 2068 1226 2099 ad
1237 2066 1507 2109 descriptionem
1517 2065 1659 2108 gratiae.
1685 2063 1802 2096 Potest
1814 2061 1908 2094 euim
1919 2058 2060 2104 quaeri:

1079 2118 1116 2152 Si
1133 2116 1247 2150 adhuc
1267 2124 1315 2150 est
1333 2122 1514 2161 peccatum
1534 2117 1571 2148 in
1596 2115 1748 2154 renatis,
1790 2111 1969 2158 quomodo
1994 2108 2061 2152 igi-

1079 2177 1136 2203 tur
1149 2175 1230 2201 sunt
1249 2167 1356 2201 iusti?
1383 2168 1560 2212 quomodo
1577 2167 1666 2199 fiunt
1682 2163 1795 2198 salvi?
1825 2161 1893 2195 Ilic
1915 2171 2062 2204 respon-

1080 2221 1137 2253 det
1154 2227 1187 2254 et
1203 2220 1354 2252 declarat
1373 2218 1642 2262 amplitudinem
1659 2215 1799 2259 gratiae.
1851 2212 1994 2245 Dictum
2012 2216 2064 2244 est

1079 2278 1193 2305 autem
1211 2281 1314 2314 supra
1327 2297 1336 2310 ,
1363 2273 1456 2314 quod
1477 2269 1585 2311 gratia
1602 2267 1772 2310 significet
1787 2263 2063 2306 acceptationem

1079 2321 1264 2365 gratuitam
1277 2347 1285 2362 ‚
1309 2333 1413 2366 quain
1432 2318 1488 2353 hic
1507 2318 1672 2352 describit
1694 2315 1865 2359 negative.

1077 2404 1200 2443 Nulla
1215 2416 1311 2439 nunc
1325 2402 1579 2439 condemnatio
1598 2406 1647 2435 est
1666 2398 1745 2440 his,
1773 2399 1839 2448 qui
1853 2398 1891 2433 in
1909 2393 2062 2433 Christo

1417 2454 1503 2489 Iesu
1524 2451 1732 2487 ambulant.

1176 2525 1216 2559 Id
1251 2532 1319 2564 est,
1359 2523 1536 2558 iustificati
1567 2522 1635 2555 fide
1658 2521 1796 2565 placent
1820 2517 1894 2552 Deo
1916 2522 2062 2561 propter

1075 2574 1275 2618 Christum,
1301 2576 1434 2610 etiamsi
1453 2571 1568 2607 adhuc
1592 2573 1630 2605 in
1652 2572 1702 2605 eis
1724 2568 1845 2604 haeret
1867 2575 2060 2612 peccatum,

1074 2628 1235 2662 videlicet
1260 2625 1541 2670 concupiscentia
1566 2630 1601 2658 et
1622 2621 1741 2657 vitiosi
1767 2621 1920 2654 affectus,
1979 2617 2061 2652 Non

1073 2679 1187 2719 enim,
1214 2677 1349 2725 inquit,
1375 2677 1516 2712 nullum
1533 2686 1606 2710 esse
1618 2679 1802 2720 peccatum
1817 2671 1856 2704 in
1878 2668 1966 2714 piis,
2000 2667 2061 2703 sed
